1976 3519
445 226 1445 275 PRoLEGoMENA.
1756 238 1811 290 85

66 348 95 375 ‚‚
120 330 180 371 te,
207 317 441 362 examussum
471 316 701 358 correximus
727 315 836 354 &c”.
888 313 1000 355 Idem
1030 315 1234 359 confirmat
1259 316 1471 372 Theganus
1500 333 1537 374 p.
1570 330 1662 373 277.
1690 320 1810 364 Tom

66 377 118 419 ΙΙ.
148 377 282 431 Script.
311 374 411 414 Hist.
442 372 579 413 Franc.
608 369 656 410 ab
679 369 802 410 Andr.
830 368 884 411 du
908 369 1067 411 Chesne
1086 370 1298 425 editorum:
1327 402 1353 423 „
1384 374 1575 416 Dominus
1594 376 1810 431 Imperator

12 426 16 430 ⁴
65 461 93 484 „
125 431 223 472 nihil
251 429 354 472 aliud
384 428 512 481 coepit
541 439 676 482 agere,
703 424 774 465 nifi
800 424 840 464 in
870 425 1107 466 orationibus
1138 430 1177 466 &
1205 426 1453 481 eleemosynis
1473 444 1607 472 vacare
1631 434 1671 470 &
1694 432 1813 474 libros

65 522 92 541 „
121 487 320 542 corrigere·
373 483 484 524 Nam
513 491 679 535 quatuor
709 479 919 532 Evangelia
948 478 1095 521 Christi
1129 481 1170 521 in
1197 481 1333 524 ultimo
1364 496 1469 523 anno
1493 496 1582 525 ante
1604 486 1730 528 obitus
1750 484 1811 531 sui

65 572 93 595 ‚,
121 543 225 583 diem
246 553 333 581 cum
356 535 513 578 Graecis
535 539 574 575 &
596 535 699 590 Syris
714 535 863 588 optime
883 546 1107 576 correxerat.

122 598 233 650 Quin
254 594 369 636 etiam
393 589 644 644 LanfrancO,
675 588 870 643 Episcopo
888 588 1153 631 Cantuariensi
1173 624 1185 642 ‚
1224 590 1265 631 in
1296 588 1392 632 Vita
1419 593 1501 646 ejus
1533 608 1555 634 a
1584 593 1629 634 L.
1657 596 1811 639 Dache·

64 653 122 694 rio
154 652 258 693 edita
275 679 288 700 ,
335 645 526 701 ejusmodi
555 645 744 686 correctio
772 645 965 686 tribuitur:
1012 675 1038 696 ,‚
1068 645 1246 687 Leffioni
1267 657 1347 687 etat
1365 646 1527 689 affiduus
1548 652 1585 689 &
1606 661 1697 691 ante
1719 652 1811 705 Epi-

64 735 93 759 „
122 707 321 760 scopatum
350 705 389 742 &
419 700 506 755 post
524 699 822 754 Episcopatum,
851 711 1038 754 quantum
1058 713 1219 754 poterat.
1277 701 1328 742 Et
1347 702 1438 756 quia
1459 702 1674 758 Scripturac
1695 703 1811 761 scrip·

63 793 91 814 „
119 773 245 803 torum
272 758 369 799 vitio
399 766 508 797 erant
528 756 689 795 nimium
711 765 912 808 corruptae
931 786 943 805 ‚
983 769 1119 796 omnes
1149 767 1228 797 tam
1262 756 1314 798 V.
1344 770 1459 811 quam
1490 757 1548 800 N.
1587 759 1639 800 T.
1668 760 1809 808 libros,

62 847 92 868 „
121 830 192 857 nec
221 827 301 854 non
328 812 443 853 etiarn
466 810 614 864 Scripta
635 810 701 850 SS.
729 810 887 851 Patrum
906 809 1112 851 secundum
1134 811 1397 852 orthodoxam
1421 812 1538 853 fidem
1557 813 1701 856 studuit
1720 830 1806 857 cor-

62 902 91 924 „
119 872 249 926 rigere.
287 868 339 908 Et
357 867 474 907 etiam
493 865 611 906 multa
632 864 682 906 de
701 864 781 914 his,
810 865 947 918 quibus
966 866 1127 916 utimur,
1158 867 1274 908 nocte
1294 870 1334 907 &
1352 866 1417 908 die
1437 868 1477 908 in
1498 867 1650 910 servitio
1676 870 1808 912 Eccle-

62 953 90 978 ,,
122 925 196 967 fiae
215 923 265 964 ad
282 935 450 977 unguem
468 919 697 961 emendavit.
754 921 805 960 Et
826 920 903 960 hoc
926 933 1006 960 non
1029 932 1177 961 tantum
1199 935 1266 975 per
1284 922 1344 973 se,
1372 921 1438 963 sed
1461 923 1577 965 etiam
1603 937 1670 978 per
1696 925 1808 966 disci-

63 1010 90 1032 „
118 981 229 1036 pulos
261 978 346 1019 suos
375 976 488 1026 fecit,
517 990 593 1030 qua
621 974 672 1015 de
701 974 810 1015 causa
832 976 971 1015 merito
1002 975 1109 1016 illum
1138 977 1303 1018 latinitas
1330 991 1418 1018 cum
1440 977 1591 1019 honore
1613 982 1653 1019 &
1676 995 1808 1023 amore

66 1067 93 1088 „
124 1045 322 1078 veneratur
343 1031 574 1085 magistrum.
633 1029 763 1084 Hujus
783 1030 1079 1072 Emendationis
1098 1032 1267 1072 claritate
1288 1033 1416 1074 omnis
1437 1033 1605 1074 Occidui
1617 1035 1721 1076 orbis
1734 1037 1809 1076 Ec-

64 1121 90 1142 ,‚
119 1090 226 1131 clesia
245 1100 322 1130 tam
340 1087 539 1128 Gallicana
555 1099 671 1140 quam
693 1085 857 1140 Anglica
876 1085 1018 1139 gaudet
1043 1085 1079 1126 se
1103 1086 1177 1127 esse
1200 1087 1451 1129 illuminatam
1465 1090 1499 1128 ”.
1539 1089 1652 1129 Haec
1674 1091 1808 1132 auitor

62 1147 165 1187 vitae
184 1145 286 1198 ejus,
316 1143 382 1198 qui
403 1141 550 1183 utinam
569 1139 684 1194 paulo
708 1139 857 1194 planius
876 1139 1138 1182 orthodoxam
1158 1141 1276 1182 fidem
1300 1142 1424 1183 Seculi
1446 1142 1519 1184 XI.
1555 1144 1806 1198 explicuisset,

64 1204 105 1242 &
126 1199 421 1251 Correffionurn
444 1210 573 1237 catum
594 1194 801 1249 specimina
819 1195 1017 1236 edidisset!
1696 1225 1700 1228 -

115 1254 261 1296 Seculo·
280 1252 372 1294 XII.
403 1249 600 1292 Nicolaus
629 1251 668 1292 S.
696 1249 876 1303 ‘Damast
890 1250 1131 1297 cardinalis,
1161 1255 1202 1291 &
1225 1251 1415 1294 Ecclesiae
1434 1253 1642 1295 Romanae
1660 1255 1805 1298 Biblio-

61 1310 248 1353 thecarius
269 1318 416 1349 creatus
436 1308 502 1347 ΑΟ.
538 1320 552 1346 1
567 1319 658 1355 144.
686 1320 707 1345 a
724 1305 846 1346 Lucio
867 1306 995 1360 Papa,
1025 1307 1114 1346 alias
1135 1307 1184 1347 de
1205 1308 1396 1348 Romanis
1405 1307 1552 1360 ἀίἇὶυε,
1582 1309 1803 1352 aBessario-

65 1379 115 1408 ne
135 1369 174 1406 &
195 1379 242 1406 ex
259 1378 308 1406 eo
326 1379 348 1404 a
368 1361 549 1403 Lindano
568 1361 1050 1411 citatus,emendationem
1069 1361 1283 1416 Scripturae
1303 1364 1487 1414 tentavit,
1517 1364 1735 1414 „Lustrans
1748 1382 1806 1407 ar-

61 1450 89 1473 „
117 1421 256 1470 maria,
285 1418 427 1473 inquit,
464 1416 671 1471 nequibam
701 1416 777 1455 hoc
817 1416 996 1470 adipisci,
1016 1418 1163 1457 veracia
1183 1417 1322 1458 scilicet
1343 1419 1555 1460 Bibliorum
1579 1420 1804 1462 Latinorum

64 1508 92 1528 2,
120 1474 360 1529 Exemplaria
377 1472 569 1522 invenire,
599 1472 688 1526 quia
708 1474 747 1511 &
768 1485 866 1525 quae
886 1487 908 1512 a
930 1471 1155 1512 doffiffimis
1172 1473 1262 1514 viris
1274 1472 1695 1520 dicebanturcorreeta,
1709 1491 1805 1517 uno-

61 1562 90 1583 „
118 1544 274 1586 quoque
295 1530 334 1569 in
355 1528 422 1569 suo
442 1526 547 1568 sensu
567 1526 785 1567 abundante
798 1557 810 1576 ,
839 1526 938 1568 adeo
959 1526 1244 1581 discrepabant,
1275 1541 1315 1574 ut
1338 1542 1436 1583 pene
1454 1540 1551 1582 quot
1562 1529 1733 1572 Codices
1743 1543 1803 1573 tot

61 1616 89 1638 „
117 1585 344 1640 exemplaria
375 1583 612 1638 reperirem'’.
668 1580 817 1622 Addit:
846 1613 873 1632 „
904 1582 981 1623 hoc
1011 1582 1066 1623 sui
1087 1582 1160 1623 esse
1181 1582 1315 1634 studii,
1347 1584 1477 1637 quoad
1499 1585 1646 1639 potuit,
1678 1586 1805 1639 super-

60 1668 88 1694 ,,
119 1641 197 1681 flua
228 1640 413 1689 resecare,
444 1637 711 1678 transformata
731 1636 958 1688 reformare,
990 1641 1028 1677 &
1048 1652 1092 1678 ea
1114 1637 1255 1678 addere
1279 1639 1420 1690 rursus,
1451 1654 1548 1693 quae
1570 1655 1591 1680 a
1614 1642 1804 1694 praesum-

60 1725 88 1748 „
118 1696 261 1737 toribus
296 1707 479 1749 tanquam
516 1691 704 1746 superflua
742 1691 891 1733 fuerant
919 1695 1157 1747 amputata”.
1215 1693 1318 1736 Vide
1340 1695 1546 1735 Baronium
1567 1695 1616 1735 ad
1642 1698 1802 1738 Annum

67 1765 84 1793 1
97 1764 270 1847 IEbddlm
290 1763 475 1857 1tempore
495 1800 717 1855 Stephanus
751 1799 967 1855 Langhton
982 1828 993 1846 ,
1031 1800 1243 1856 Episcopus
1262 1802 1568 1854 Cantuariensis,
1598 1804 1736 1847 Libros
1752 1805 1802 1849 V.

63 1864 104 1904 δε
135 1861 191 1901 Ν.
222 1861 271 1900 Τ.
303 1859 341 1898 in
378 1858 520 1911 Capita
547 1856 741 1906 distinxit,
771 1870 869 1910 quae
899 1855 1116 1906 distinstio,
1146 1871 1262 1911 quam
1283 1857 1397 1911 paulo
1419 1859 1505 1912 post
1523 1859 1643 1914 Hugo
1663 1861 1805 1901 Caren-

54 1918 115 1969 fis
155 1914 374 1956 Cardinalis
403 1914 445 1952 in
475 1911 783 1952 Concordiantia
817 1910 961 1950 Biblica
990 1910 1264 1951 conscribenda
1282 1912 1429 1953 secutus
1451 1912 1544 1964 fuit,
1573 1916 1614 1955 in
1636 1916 1803 1958 Ecclefia

61 1971 200 2012 Latina
221 1969 353 2024 paffim
367 1999 377 2018 ,
409 1971 449 2007 &
476 1966 606 2022 postea
624 1966 740 2006 etiam
757 1965 804 2005 ab
824 1965 1003 2006 omnibus
1021 1965 1298 2021 Typographis
1319 1979 1471 2022 recepta
1489 1969 1555 2009 est.

116 2026 252 2067 Seculo
273 2023 384 2065 XIII.
416 2023 565 2076 Magna
585 2020 656 2062 fuit
677 2020 880 2062 austoritas
901 2019 1203 2072 Cistertz'enstum
1226 2022 1266 2062 in
1296 2022 1543 2063 emendando
1573 2023 1702 2066 Textu
1723 2026 1805 2067 Co-

59 2081 158 2123 dicis
177 2081 303 2128 Sacri,
333 2077 442 2134 quod
463 2076 490 2117 si
512 2089 639 2117 tamen
659 2090 706 2116 ex
725 2076 834 2116 Actis
855 2074 1028 2131 Capituli
1048 2077 1248 2117 Generalis
1277 2077 1358 2130 ejus
1373 2077 1521 2118 ordinis
1538 2079 1726 2132 judicium
1750 2081 1806 2121 fa-

61 2136 240 2178 ciendum
258 2135 334 2186 est,
364 2146 444 2174 non
467 2146 604 2186 magna
624 2145 757 2172 eornm
778 2130 848 2172 fuit
868 2132 1023 2185 peritia:
1055 2131 1141 2182 „ad
1163 2133 1393 2185 petitionem
1415 2134 1578 2174 Domini
1599 2136 1800 2189 quondam

60 2222 88 2244 ,‚
117 2189 381 2245 Lugdunensis
409 2187 723 2242 Archiepiscopi,
755 2201 830 2240 qua
860 2187 970 2240 petiit
992 2186 1188 2227 emendari
1209 2188 1436 2228 Lectionem
1457 2189 1728 2244 Evangelicam
1748 2191 1799 2232 de

61 2277 87 2299 ‚‚
116 2247 289 2288 Passione
320 2244 501 2293 Domini,
531 2257 630 2297 quae
656 2242 763 2296 juxta
795 2242 1039 2283 Matthaeum
1061 2243 1101 2282 in
1121 2243 1234 2282 ramis
1255 2243 1465 2296 palmarum
1484 2243 1643 2298 legitur,
1672 2246 1801 2299 injun-

61 2331 86 2353 „
116 2304 215 2356 gitur
245 2301 387 2343 Abbati
406 2298 456 2339 de
476 2299 508 2339 F
511 2297 696 2348 irmitate,
727 2309 769 2338 ut
785 2297 822 2337 in
846 2297 1087 2337 Cluniacenfi
1110 2300 1149 2337 δε
1170 2298 1415 2352 Lugdunensi
1438 2299 1622 2350 Ecclesia,
1636 2302 1729 2354 quid
1745 2302 1802 2341 in-

61 2388 89 2409 „
116 2357 167 2398 de
195 2356 378 2400 sentiant,
409 2353 611 2408 diligenter
636 2353 826 2407 inquirat,
856 2355 894 2391 ὃ(
926 2353 963 2392 in
987 2352 1158 2406 sequenti
1179 2353 1364 2405 Capitulo
1387 2354 1533 2394 studeat
1553 2354 1723 2396 indicare
1736 2359 1802 2397 ΑΟ.

61 2442 88 2464 ,,
123 2425 243 2452 1200.
273 2435 336 2443 ----
364 2410 553 2451 Scribatur
582 2410 621 2448 in
650 2408 780 2448 Textu
814 2407 1005 2448 Matthaei
1037 2407 1298 2464 Evangelistae
1328 2409 1391 2450 ubi
1422 2408 1547 2449 deest:
1577 2409 1801 2463 diviserunt

62 2497 89 2519 ,‚
105 2466 182 2519 fibi
211 2466 461 2519 vestimenta,
492 2462 677 2504 referente
706 2463 757 2503 R.
786 2462 961 2502 Simonio
979 2461 1129 2503 Dissert.
1161 2464 1258 2503 Crit.
1288 2463 1338 2504 de
1355 2464 1467 2504 MSS.
1496 2463 1553 2504 N.
1583 2464 1633 2505 T.
1665 2479 1701 2518 p.
1734 2472 1801 2516 794
1860 2494 1862 2496 »

121 2549 148 2570 ,,
175 2522 411 2576 Joachimus
440 2519 575 2560 Abbas
617 2519 657 2558 in
699 2517 876 2558 Calabria
907 2517 1051 2571 scripsit
1082 2518 1416 2560 Commentarium
1447 2520 1488 2559 in
1516 2520 1802 2575 Apocalypsin,

65 2607 93 2629 „
121 2578 162 2618 in
211 2592 262 2619 uo
281 2590 362 2617 non
383 2589 467 2616 raro
490 2574 536 2614 ab
556 2573 740 2614 Editione
762 2572 929 2628 Vulgata
949 2572 1120 2613 discedit.

118 2592 238 2674 Paiiio
265 2631 351 2686 post
378 2629 602 2685 prodierunt
630 2628 892 2668 Correb‘t'iones
922 2628 1087 2669 Bibliae.
1141 2629 1247 2669 Cum
1266 2629 1370 2669 enim
1391 2629 1528 2684 ingens
1548 2629 1800 2679 studiosorum

67 2687 273 2729 multitudo
292 2687 333 2727 in
356 2684 566 2726 Academia
585 2683 778 2725 Parifienfi
800 2683 916 2724 literis
932 2683 1039 2724 daret
1058 2697 1215 2737 operam
1228 2715 1239 2734 ,
1269 2684 1412 2724 ibidem
1432 2685 1548 2724 etiarn
1573 2685 1725 2738 plurimi
1739 2687 1802 2726 Bi-

66 2741 257 2796 bliopolae
283 2741 457 2782 officinas
483 2740 564 2781 suas
591 2751 834 2780 extruxerunt
857 2765 867 2784 ,
910 2750 1024 2792 atque
1053 2739 1226 2792 inprimis
1247 2739 1362 2779 libros
1384 2743 1419 2779 S.
1449 2739 1484 2780 S.
1516 2739 1676 2781 describi
1696 2755 1801 2781 cura-

67 2810 220 2845 verunt3
249 2810 412 2851 cumque
431 2795 570 2836 librarii
591 2794 826 2849 negligenter
847 2797 887 2833 ὃς
907 2808 1037 2848 parum
1057 2793 1259 2834 emendate
1279 2793 1450 2834 Codices
1467 2808 1687 2845 exararent,
1704 2797 1802 2835 Aca-

68 2850 216 2894 demiae
235 2853 414 2894 Proceres
434 2854 472 2890 ὃς
485 2851 574 2905 ,qui
594 2864 681 2891 cum
701 2849 772 2889 illis
799 2848 983 2899 faciebat,
997 2849 1318 2903 Archiepiscopus
1339 2848 1557 2901 Senonensts
1583 2850 1800 2900 statuerunt,

71 2906 268 2958 quodnam
295 2906 487 2960 exemplar
516 2919 588 2959 pro
618 2905 777 2945 aliorum
806 2918 941 2944 norma
971 2903 1062 2944 esset
1081 2903 1322 2954 habendum,
1352 2908 1391 2944 &
1410 2904 1611 2958 quomodo
1630 2904 1802 2944 Codices

69 2960 132 3000 alii
160 2975 204 3001 ex
231 2977 279 3004 eo
307 2962 424 3003 essent
446 2960 674 3016 corrigendi.
731 2961 824 3000 Hoc
845 2959 996 3000 videtur
1016 2959 1159 3014 gestum
1180 2961 1245 3001 ΑΟ.
1279 2973 1399 3013 1230.
1432 2964 1471 3000 &
1499 2965 1618 3011 1256.
1676 2959 1802 3000 Unde

68 3013 230 3068 duplicis
257 3016 487 3057 Correc‘lorii
509 3014 685 3068 Par-isim
707 3014 782 3056 five
815 3013 1032 3067 Senonensts
1059 3014 1103 3054 fit
1124 3015 1294 3063 mentio-,
1324 3015 1460 3068 quibus
1477 3014 1583 3055 usum
1603 3013 1639 3054 se
1664 3014 1801 3054 fatetur

68 3068 124 3109 R.
156 3068 372 3126 Stephanus
405 3071 510 3122 (licet
541 3072 580 3111 in
600 3070 657 3113 N.
684 3069 736 3110 T.
764 3070 909 3111 nullum
943 3083 1076 3110 eorum
1096 3070 1297 3125 vestigium
1318 3067 1661 3122 deprehenderim)
1690 3073 1727 3107 ὅ(
1745 3068 1799 3106 R.

67 3123 262 3165 Simonias
293 3127 437 3168 Histor.
475 3127 609 3166 Critic.
648 3122 824 3165 Version.
855 3125 937 3179 cap.
977 3125 1050 3166 IX.
1108 3127 1163 3166 At
1193 3139 1280 3165 cum
1306 3125 1444 3165 eodem
1465 3137 1638 3177 tempore
1659 3122 1801 3160 Mona-

67 3178 132 3219 chi
151 3179 419 3223 Mendicantes
437 3192 519 3222 tum
536 3181 801 3221 Daminicani
821 3193 901 3223 tum
920 3179 1162 3275 FIranciscani
1182 3181 1224 3222 in
1239 3193 1377 3225 munus
1395 3178 1672 3233 Episcoporum
1688 3208 1700 3226 ‚
1725 3174 1801 3269 ga-

884 3246 885 3249 ,
1016 3247 1036 3287 3
1758 3243 1801 3269 ο,
