1976 3519
446 212 1446 263 PROLEGOMENA.
1753 233 1807 278 69

121 302 332 355 Gregorius
360 299 700 353 Thaumaturgus,
733 299 948 354 Episcopus
980 300 1347 345 Neo-Caesariensis
1374 308 1415 346 in
1438 308 1590 360 Ponto,
1622 311 1807 367 Origenis

68 353 295 411 Discipulus.
324 355 416 409 Ejus
445 356 628 395 Canones
658 366 790 394 extant
820 354 924 408 apud
958 356 1257 413 Beveredgium:
1289 360 1529 414 Paraphrasis
1556 379 1649 405 vero
1670 369 1709 407 in
1735 362 1808 409 Ecss

67 413 255 454 cleliasten
279 412 375 451 inter
392 424 508 463 opera
531 410 581 463 G.
602 408 859 450 Nazianzeni.
888 411 980 463 Ejus
1000 425 1117 465 opera
1136 413 1260 454 edidit
1281 414 1331 453 G.
1364 416 1519 468 Vofflus.
1547 419 1657 462 Paris
1684 426 1761 463 162
1772 437 1805 464 2.

121 466 371 514 Methodzus,
401 465 616 518 Episcopus
645 464 766 517 Tyri,
797 464 863 504 sub
889 466 1015 505 Decio
1047 467 1229 521 Martyr3
1267 469 1404 511 citatur
1430 472 1477 511 ab
1510 474 1734 528 Epiphanio
1766 472 1806 518 ὃς

66 522 231 562 Photio:
261 523 299 560 in
320 519 555 559 Convivium
576 517 709 558 decem
732 518 937 573 Virginum
956 520 1079 561 edidit
1102 523 1281 574 Allatius‚
1311 525 1474 566 contulit
1498 527 1528 581 J.
1557 529 1731 573 Clericus
1764 537 1806 574 &

67 578 228 624 editioni
250 575 304 616 N.
325 575 375 615 T.
396 573 550 614 Kusteri
568 573 752 627 praefixit.
781 575 875 628 Ejus
885 589 1002 629 opera
1014 606 1026 626 ,
1055 576 1120 616 sed
1141 577 1263 632 spuria
1284 583 1489 635 pleraque,
1504 581 1628 624 edidit
1650 587 1806 627 Combe-

93 645 167 671 ἰω
189 629 300 672 Paris.
334 633 411 678 164
446 659 452 666 .

55 632 332 738 fisDionyfius
351 640 567 737 Episcopus
587 682 914 730 Alexandrinus,
943 685 1126 740 Origenis
1142 687 1386 742 Discipulus,
1418 691 1524 744 cujus
1549 691 1721 747 Epistola
1754 697 1804 747 ad

67 741 267 791 Bafilidem
299 738 402 778 edita
430 737 483 777 est
513 752 534 777 a
566 738 827 792 Beveredgio‚
857 739 994 780 collata
1022 755 1044 780 a
1065 755 1126 782 me
1153 757 1240 784 cum
1263 744 1417 788 Codice
1446 747 1533 786 MS.
1569 761 1633 801 34.
1666 744 1705 790 Sc
1733 764 1804 803 94.

64 809 196 843 contra
217 794 418 834 Sabellium
438 793 712 846 Fragmentum
733 806 836 835 extat
861 795 964 849 apud
986 796 1119 837 Euseb.
1139 798 1313 853 Praepar.
1334 813 1385 854 7,
1421 814 1485 852 19.
1507 798 1611 852 aliud
1640 804 1690 845 de
1712 806 1811 847 Na:

64 861 155 892 tura
179 849 280 904 apud
301 848 466 889 eundem
484 848 581 887 libro
611 860 669 899 14.
698 863 729 888 c.
762 863 824 902 23.
854 853 894 889 &
912 851 1024 905 st’qq.

120 906 272 947 Petrus
300 903 518 958 Episcopus
547 903 846 943 Alexandrinus
878 908 917 944 &
946 906 1120 960 Martyr,
1149 908 1232 961 ejus
1256 909 1441 952 Canones
1470 910 1586 954 habet
1610 915 1800 957 Bevered-

64 961 167 1016 gius:
196 959 276 1013 ejus
299 960 413 999 etiam
434 958 477 999 fit
499 959 646 998 mentio
668 959 709 998 in
725 959 834 999 Astis
854 959 1001 1013 Synodi
1021 961 1246 1015 Ephefinae.

118 1016 278 1056 Pierius
297 1014 469 1066 Martyr‚
497 1013 688 1067 Pamphili
712 1014 894 1068 Martyris
913 1015 1153 1070 Praeceptor.
1193 1018 1286 1070 Ejus
1306 1020 1449 1062 Codex
1470 1020 1526 1063 N.
1549 1023 1600 1064 T.
1621 1024 1796 1069 laudatur

61 1070 111 1112 ab
128 1071 374 1124 Hieronymo
392 1069 431 1108 in
454 1068 597 1109 Matth.
619 1069 776 1109 XXIV.
800 1073 864 1122 36.
896 1081 1079 1124 tanquam
1097 1073 1429 1117 emendatiffimus.

116 1123 375 1179 Pamphilus,
405 1123 599 1178 presbyter
620 1122 871 1164 Caesariensis
893 1129 931 1164 ὅ(
963 1125 1137 1181 Martyr,
1164 1127 1307 1183 scripfit
1337 1131 1571 1187 Apologiam
1603 1149 1675 1188 pro
1705 1137 1798 1179 Ori-

62 1194 160 1235 gene
190 1195 212 1220 a
241 1178 390 1220 Rufino
418 1179 556 1219 Latine
590 1178 823 1220 conversam.
854 1180 1025 1221 Codices
1050 1182 1233 1236 Origenis
1267 1187 1306 1223 &
1326 1185 1443 1226 Pierii
1472 1189 1512 1227 in
1536 1189 1798 1244 Bibliotheca,

61 1249 176 1290 quam
205 1245 438 1280 extruxerat,
469 1233 700 1273 Caesariensi
732 1233 920 1288 reposuit,
950 1235 1000 1275 ad
1029 1250 1129 1290 quos
1149 1238 1348 1280 Euthalius
1367 1241 1566 1284 Diaconus
1582 1244 1685 1286 suam
1707 1247 1801 1288 Edi-

59 1292 205 1332 tionem
224 1289 410 1330 Astorum
429 1292 469 1328 δε
488 1289 743 1342 Epistolarum
762 1290 1070 1343 Apostolicarum
1091 1292 1255 1333 contulit
1272 1306 1388 1348 atque
1404 1299 1634 1340 emendavit.

114 1344 334 1399 Hesychius
353 1343 569 1398 Episcopus
588 1345 628 1384 in
649 1344 829 1399 AEgypto
850 1349 889 1385 &
912 1346 1075 1401 Martyr.
1104 1347 1152 1387 Ei
1171 1347 1384 1390 editionem
1398 1351 1448 1393 V.
1470 1352 1521 1392 T.
1544 1354 1798 1399 Alexandriae

59 1403 100 1441 ὅτ
129 1401 170 1441 in
201 1399 379 1456 AEgypto
408 1411 599 1453 receptam
629 1399 807 1441 adscribit
835 1400 1098 1453 Hieronymus
1129 1403 1246 1457 praef.
1276 1405 1316 1444 in
1346 1405 1427 1446 libr.
1443 1407 1674 1463 Paralipom.
1696 1416 1735 1452 &
1756 1413 1795 1453 in

59 1454 130 1499 lV.
159 1455 436 1510 Evangelistas,
465 1468 538 1495 nec
557 1467 637 1494 non
657 1455 827 1509 Apolog.
856 1455 942 1498 adv.
971 1456 1105 1498 Rufin.
1136 1459 1246 1498 Alius
1265 1460 1320 1500 est
1342 1464 1381 1500 &
1401 1462 1549 1516 aliquot
1577 1465 1709 1507 seculis
1727 1481 1798 1521 po-

59 1511 190 1552 sterior
215 1510 436 1563 Hcffflchius
457 1508 760 1550 Alexandrinus
780 1511 910 1551 Lexici
931 1511 1112 1566 scriptor,
1146 1514 1253 1567 cujus
1272 1527 1419 1568 partem
1441 1519 1608 1571 priorem
1625 1521 1705 1574 jam
1728 1527 1795 1564 ΛΟ.

62 1579 81 1616 ῃ
89 1568 183 1619 746.
210 1565 352 1615 edidit,
369 1565 619 1618 posteriorem
639 1579 732 1605 vero
752 1579 854 1606 nunc
873 1580 959 1607 cum
983 1568 1148 1608 maxime
1169 1582 1346 1622 procurat
1357 1572 1440 1612 Vir.
1462 1574 1511 1626 pl.
1544 1575 1800 1622 Reverendus

59 1624 101 1665 ὃς
121 1620 247 1663 multis
265 1620 482 1660 nominibus
498 1620 595 1660 mihi
615 1620 800 1661 colendus
823 1620 1082 1676 JOANNES
1113 1624 1384 1675 ALBERTI,
1415 1629 1480 1680 qui
1511 1630 1604 1670 mira
1635 1632 1798 1688 diligen-

58 1676 112 1719 tia
133 1679 171 1717 8(
193 1676 391 1729 sagacitate
409 1676 578 1724 invenit,
598 1675 702 1725 loca,
720 1690 818 1729 quae
837 1689 883 1718 ex
905 1676 963 1717 N.
973 1677 1023 1717 T.
1043 1681 1082 1717 in
1105 1677 1181 1718 hoc
1193 1679 1336 1719 Lexico
1356 1682 1489 1734 paslim
1508 1686 1690 1737 citantur,
1713 1702 1796 1729 non

58 1730 132 1772 effi?
149 1730 293 1783 abipso
321 1730 637 1784 Lexicographo,
667 1729 733 1769 sed
753 1731 803 1769 ab.
820 1731 918 1777 alio,
939 1731 1087 1772 ordinis
1108 1732 1355 1786 Alphabetici
1371 1737 1513 1777 nullam
1546 1740 1710 1783 habente
1740 1758 1797 1784 ra-

60 1788 221 1837 tionem,
240 1784 392 1832 addita·,
411 1798 571 1838 eamque
589 1783 923 1837 ingeniofiffimam
944 1786 1204 1839 conjeAElfflram
1226 1789 1355 1841 postea
1374 1790 1523 1835 schedis
1533 1793 1576 1846 J
1584 1795 1803 1848 Pearfonii‘·

59 1843 101 1880 δε
124 1841 175 1881 R.
207 1839 381 1892 Bentleji
400 1839 664 1879 confirmatam
683 1838 792 1880 vidit.
821 1840 881 1880 Ex
900 1840 960 1881 his
981 1853 1107 1881 autem
1131 1841 1368 1896 Hesychiani
1383 1876 1394 1897 ,
1413 1858 1455 1886 ut
1476 1861 1654 1901 vocatur,
1685 1847 1799 1894 Lexi-

58 1896 95 1936 ci
124 1894 396 1937 additamentis
422 1908 503 1934 non
531 1907 669 1947 paucas
698 1893 884 1934 lectiones
917 1895 1156 1947 deprehendi
1178 1911 1199 1937 a
1227 1900 1388 1952 receptis
1418 1902 1576 1954 quidem
1609 1905 1797 1960 diversas,

57 1950 124 1993 sed
143 1964 229 1992 cum
251 1948 600 1991 Alexandrinorum
627 1948 853 1988 lectionibus
875 1949 1180 1991 consentientes:
1211 1953 1304 2005 quin
1335 1955 1450 1994 etiam
1480 1958 1681 2012 aliquoties
1708 1961 1798 2005 voci

58 2006 168 2046 alicui
185 2019 230 2045 ex
251 2005 309 2046 N.
327 2004 378 2044 T.
403 2004 534 2044 allatae
553 2017 635 2043 non
654 2003 736 2057 ejus
756 2004 1135 2059 interpretationem,
1165 2005 1231 2047 sed
1252 2008 1396 2061 variam
1417 2009 1644 2061 Leffionem
1675 2031 1799 2072 appoa

56 2060 164 2104 fitam
184 2059 290 2103 fuisste:
311 2059 518 2101 observavi.

117 2116 321 2155 Lucianus
353 2114 618 2156 Antiochenus
644 2113 839 2169 presbyter
867 2118 907 2155 &
938 2115 1101 2172 Martyr.
1132 2116 1270 2160 Edidit
1294 2119 1507 2162 versionem
1537 2121 1605 2163 τῶν
1626 2119 1674 2168 ὅ.
1704 2128 1799 2171 teste

56 2169 303 2225 Hieronymo
332 2170 368 2211 ll.
397 2185 450 2212 cc.
508 2200 535 2220 ‚‚
563 2170 927 2224 Constantinopolis
967 2186 1087 2226 usque
1123 2174 1375 2214 Antiochiam
1409 2177 1570 2219 Luciani
1613 2181 1797 2239 Martyris

56 2257 83 2277 „
113 2226 341 2280 exemplaria
368 2226 544 2280 probat'’.
574 2228 613 2265 &
640 2225 747 2265 alibi:
778 2252 804 2275 ‚,
835 2228 1097 2280 praetermitto
1126 2242 1194 2268 eos
1226 2229 1417 2281 Codices,
1450 2247 1548 2287 quos
1568 2249 1589 2274 a
1622 2236 1796 2282 Luciano

56 2308 82 2332 ,‚
111 2285 150 2321 &
177 2281 375 2336 Hesychio
407 2291 647 2334 nuncupatos
674 2295 883 2335 paucorum
904 2281 1103 2323 hominem
1122 2283 1247 2325 asserit
1271 2287 1445 2338 perversa
1470 2292 1715 2332 contentio”.
1746 2286 1795 2335 Ess

51 2336 204 2390 jusdem
224 2336 425 2378 Confessio
445 2336 559 2377 Fidei
577 2348 680 2377 extat
699 2335 802 2390 apud
823 2336 1019 2378 Socratem
1050 2339 1104 2380 H.
1134 2339 1180 2380 E.
1214 2353 1232 2380 2
1248 2370 1260 2391 ,
1295 2353 1357 2380 10.
1391 2346 1431 2382 ὃς
1450 2343 1549 2384 alibi.

149 2448 218 2489 DE
248 2447 592 2489 scmmomnus
623 2447 858 2497 GRAECIS,
890 2459 972 2497 Qu
1001 2447 1059 2491 N.
1087 2448 1138 2491 T.
1170 2462 1248 2489 σει
1278 2463 1396 2491 SUNT
1426 2451 1603 2496 SncULo
1629 2456 1700 2498 IV.

59 2557 296 2635 EUsebius
317 2557 571 2610 Caesariensis
591 2557 829 2611 Episcopus,
858 2557 905 2598 ab
925 2572 974 2599 eo
994 2558 1046 2599 est
1069 2558 1205 2613 scripta
1238 2574 1271 2601 1.
1295 2562 1539 2617 Praeparatio
1565 2567 1796 2622 Evangelica

73 2639 86 2644 ·
161 2613 265 2654 edita
291 2613 440 2653 Parisiis
469 2628 490 2652 a
523 2611 685 2666 Vigerio
720 2614 841 2653 1628.
876 2627 910 2654 2.
933 2614 1222 2655 Demonstratio
1248 2617 1479 2672 Evangelica
1498 2633 1630 2663 contra
1650 2624 1795 2665 Hiero-

59 2669 178 2718 clem,
210 2680 345 2708 contra
377 2667 602 2708 Marcellum
633 2670 902 2722 Ancyranum,
941 2671 980 2707 ὃ(
1008 2669 1057 2709 de
1085 2669 1341 2712 Ecclefiastica
1369 2674 1589 2731 Theologia
1618 2678 1795 2721 adversus

18 2737 21 2742 ·
59 2724 224 2765 eundem
243 2755 254 2773 ‚
285 2723 422 2772 Paris.⁸
452 2724 572 2763 1628.
616 2736 649 2775 3.
673 2722 846 2764 Historia
877 2724 1133 2765 Ecclesiastica
1165 2729 1206 2765 ὃς
1236 2726 1286 2767 de
1315 2727 1407 2768 Vita
1435 2730 1716 2784 Constantini,
1746 2748 1799 2775 ex

64 2779 235 2820 editione
264 2778 319 2819 H.
342 2778 498 2820 Valefiii
527 2778 759 2833 Moguntiae
794 2782 914 2830 1672.
971 2790 1010 2830 4.
1039 2780 1256 2834 Explicatio
1285 2784 1476 2825 variorum
1507 2785 1710 2840 scripturae
1740 2790 1798 2829 lo-

62 2848 190 2874 corum
213 2835 251 2873 in
271 2834 430 2874 Catenis
453 2834 567 2874 MSS.
591 2833 683 2873 hinc
705 2833 806 2874 inde.
839 2833 994 2888 Scripsit
1012 2835 1139 2876 etiarn.
1173 2850 1206 2888 5.
1238 2837 1552 2881 Commentarios
1568 2843 1607 2881 in
1626 2843 1797 2884 Psalmos

61 2891 100 2927 &
140 2889 286 2942 Esajam
317 2890 338 2929 a
371 2889 414 2928 B.
442 2888 492 2929 de
523 2888 780 2930 Montfaucon
808 2888 980 2942 ‘Paristis
1016 2891 1082 2930 ΑΟ.
1117 2903 1235 2943 ¹707·
1266 2893 1403 2934 editos.
1460 2895 1669 2950 Praecipue
1701 2913 1795 2939 vero

61 2942 125 2982 hie
156 2943 431 2984 observandum
452 2977 462 2993 ‚
492 2943 599 2998 quod
629 2945 795 2984 inventis
822 2944 1072 2995 canonibus,
1092 2945 1169 2987 five
1200 2947 1344 2988 tabellis
1366 2950 1417 2990 X.
1440 2951 1641 2993 artificiose
1664 2952 1796 3008 dispo·

60 2997 137 3036 fitis
159 3019 171 3045 ·‚
208 2999 246 3037 in
275 2999 510 3053 compendio
537 2999 744 3039 ostenderit
771 3011 852 3040 tum
883 3000 1141 3041 Harmoniam
1170 3002 1497 3057 Evangelistarum
1518 3037 1530 3056 ‚
1568 3018 1651 3047 tum
1678 3010 1798 3055 etiam,

60 3052 155 3105 quid
177 3051 309 3106 singuli
329 3053 479 3094 seorsim
498 3070 519 3094 a
539 3054 692 3108 reliquis
712 3054 934 3108 scripserint.
960 3056 1007 3096 In
1030 3056 1107 3096 hoc
1127 3058 1288 3112 negotio
1309 3059 1462 3112 adjutus
1480 3061 1534 3101 est
1553 3061 1681 3102 labore
1701 3065 1796 3103 Am-

60 3107 182 3146 monir
206 3137 217 3157 ‚
245 3108 350 3160 cujus
378 3109 628 3162 Evangelium
657 3108 742 3164 2213&
769 3107 941 3163 τεσσάρων
971 3110 1152 3152 Eusebius
1182 3126 1270 3153 cum
1299 3113 1366 3153 suo
1395 3114 1466 3156 IV.
1497 3117 1799 3170 Evangeliorum·

60 3162 212 3203 Codice
230 3162 390 3204 contulit
407 3194 420 3214 ,
445 3164 497 3204 ita
512 3164 691 3218 quidem,
722 3176 764 3206 ut
790 3167 917 3220 primo
929 3164 1084 3260 Isingula.
1103 3167 1296 3208 Matthaei
1317 3169 1521 3223 Segmenta
1538 3200 1552 3221 ,
1580 3170 1673 3212 ficut
1692 3169 1799 3211 ordi-⁴

981 3233 1002 3274 3
1745 3238 1796 3266 ne
