1976 3519
447 229 1440 275 PROLEGOMENA.
1743 244 1824 288 ¹5¹5

94 334 201 371 nem,
219 323 259 361 &
275 316 432 362 'viciffim
453 334 499 360 ex
511 318 653 359 Latinis
673 317 821 358 Graeca
838 317 1171 368 confirmaturum,
1201 329 1316 372 atque
1334 319 1503 360 Textum
1525 318 1684 362 alterum
1700 335 1748 362 ex
1769 322 1821 361 al-

94 389 177 417 tero
197 377 249 417 ita
267 377 541 423 correbturum,
570 385 613 413 ut
634 386 700 426 per
718 370 847 413 omnia
867 372 1115 414 consentiant.
1149 386 1186 421 4.
1215 386 1340 426 eoque
1360 374 1474 426 pasto
1495 374 1617 428 ipsum
1637 377 1823 430 Origenis

94 431 305 485 exemplar,
335 444 414 484 quo
433 428 610 469 vetustius
636 439 750 481 atque
774 428 1020 482 praestantius
1036 428 1169 468 *haberi
1192 441 1272 467 non
1306 427 1439 481 possit,
1472 430 1656 484 quodque
1679 431 1821 472 Hiero-

76 499 228 533 nymus
257 484 362 526 >teti-3.
390 482 490 523 πέδοι
518 483 563 523 fit
590 482 736 522 secutus
754 512 766 530 ,
804 482 1164 536 repraesentaturum
1185 512 1197 533 ,
1240 496 1275 534 5.
1303 481 1592 541 emendationes
1615 500 1662 526 ex
1690 486 1821 540 conje-

88 533 198 582 θυῖε
217 542 256 581 in
275 538 558 593 Prolegomenis
579 537 869 590 propositurum.

148 596 213 636 Ab
237 610 286 636 eo
313 607 484 646 tempore
513 592 636 632 nullae
656 591 807 633 fuerunt
837 606 944 633 meae
965 592 1004 632 in
1025 606 1142 646 opere
1166 593 1242 634 hoc
1272 593 1542 647 promovendo
1563 607 1709 649 partes,
1738 607 1820 637 tum

95 650 203 705 quod
222 651 345 691 nullos
364 644 462 702 ejus,
495 662 605 701 quam
628 646 862 688 desiderabat
883 678 895 697 ,
925 649 1057 688 aetatis
1072 648 1254 689 vCodices
1283 650 1322 688 in
1353 649 1534 690 Helvetia
1559 651 1730 691 invenire
1751 665 1823 704 po-

96 718 236 749 teram,
264 716 344 745 tum
374 702 480 757 quod
510 702 702 756 Bentlejus
731 702 1024 757 significaverat,
1055 702 1091 743 se
1112 703 1347 753 Codicibus,
1377 705 1515 758 quibus
1542 705 1719 747 Erasmus
1743 706 1822 747 fuc2

96 772 153 800 rat
180 760 282 808 usus,
313 771 550 812 quorumque
578 755 838 797 Collationem
871 757 906 798 ei
932 757 1163 808 obtuleram,
1192 772 1272 799 non
1293 772 1426 812 egere,
1456 771 1537 800 tum
1556 760 1664 814 quod
1691 762 1822 814 postea

94 815 251 854 aliorum
272 827 388 867 opera
409 826 523 866 quam
543 826 627 852 mea
647 812 703 852 uti
720 811 869 858 maluit,
900 824 980 852 tum
1003 811 1169 867 denique
1190 813 1297 868 quod
1317 813 1482 855 rationes
1503 815 1584 868 ejus
1613 816 1709 855 mihi
1739 831 1820 856 non

94 870 256 910 omnino
275 867 538 922 probabantur.
586 880 619 907 1.
649 867 764 907 Enim
785 876 864 907 tarn
884 867 1023 916 multa,
1054 879 1096 907 ut
1119 868 1305 919 vidimus,
1336 869 1551 910 Codicibus
1569 871 1823 915 vetustiss'imis

95 924 253 967 Graecis
272 927 311 963 &
331 923 476 963 Latinis
494 922 610 975 objici
631 921 806 976 poss‘unt,
836 936 934 976 quae
955 921 1105 968 illorum
1128 923 1385 964 testimonium
1400 923 1597 966 infirmant
1616 937 1731 980 atque
1749 927 1826 967 ele-

94 991 207 1024 vant,
237 990 278 1019 ut
291 992 340 1018 ex
359 978 430 1018 illis
450 977 536 1017 solis
555 977 617 1018 vix
640 977 845 1031 quicquam
866 977 958 1017 certi
980 977 1121 1018 confici
1141 979 1265 1031 possit.
1325 977 1462 1019 Taceri
1490 990 1618 1020 tamen
1650 995 1729 1022 non
1756 982 1824 1022 de-

95 1034 158 1074 bet
170 1065 182 1084 ,
194 1033 219 1073 fi
239 1047 284 1073 ex
307 1032 511 1086 specimine
528 1031 777 1085 judicandum
791 1032 852 1081 fit,
866 1032 1081 1086 Bentlejum
1103 1047 1183 1073 non
1195 1033 1458 1074 vetustissimos
1470 1045 1616 1075 tantum
1629 1034 1823 1088 Codices,

92 1089 157 1130 sed
176 1089 288 1129 etiam
307 1088 431 1130 multo
445 1087 615 1140 juniores
637 1100 779 1141 magno
807 1100 968 1127 numero
995 1086 1167 1141 undique
1187 1088 1711 1140 conquifitos,consulturum
1727 1123 1739 1142 ‚
1768 1104 1825 1132 at-

92 1158 168 1197 que
184 1143 284 1184 adeo
305 1142 410 1196 plus,
441 1156 554 1196 quam
577 1141 817 1196 promiserat,
847 1139 1109 1195 praestiturum
1127 1142 1246 1184 fuiffe.
1309 1156 1343 1183 2.
1364 1143 1492 1184 Probo
1513 1144 1671 1198 quidem
1693 1161 1825 1187 emen-

40 1217 44 1219 *
92 1199 286 1239 dationem
308 1197 491 1251 Bentleji,
521 1197 634 1239 verba
664 1196 897 1242 Hieronymi
917 1195 962 1236 de
982 1199 1123 1251 optimo
1143 1211 1282 1251 genere
1303 1199 1589 1251 interpretandi
1618 1200 1669 1241 ita
1696 1201 1825 1256 legen-

92 1255 160 1294 tis:
189 1283 214 1303 ,,
244 1252 320 1293 Sed
341 1252 454 1292 libera
471 1266 568 1292 voce
584 1251 792 1306 profiteor,
820 1264 881 1291 me
903 1251 943 1291 in
964 1253 1278 1306 interpretatione
1290 1253 1527 1294 Graecorum
1541 1285 1552 1304 ,
1579 1253 1721 1308 absque
1740 1257 1826 1297 scri-

89 1337 116 1360 „
147 1309 264 1361 pturis
281 1307 436 1356 sanffis,
465 1307 530 1347 ubi
550 1306 596 1351 (ἂν
618 1306 820 1346 verborum
839 1305 928 1346 ordo
947 1306 1160 1359 mysterium
1179 1307 1230 1359 cst
1243 1342 1251 1356 ,
1280 1322 1360 1348 non
1379 1309 1537 1349 verbum
1555 1324 1578 1350 e
1597 1312 1734 1361 verbo,
1756 1311 1823 1353 sed

91 1393 116 1413 „
146 1363 289 1403 sensum
306 1376 515 1416 exprimere
534 1361 582 1402 de
602 1361 751 1402 sensu'’.
807 1362 922 1415 Qiae
941 1363 1055 1402 etiam
1074 1363 1321 1404 confirmatur
1341 1362 1606 1411 observatione
1635 1364 1819 1420 Augusti·

89 1420 134 1459 ni
152 1418 198 1457 de
218 1418 422 1458 fDoC't‘rina
443 1417 667 1470 Christiana
696 1417 717 1456 l.
746 1416 816 1459 IV.
850 1430 915 1458 20.
943 1418 984 1457 in
1014 1418 1126 1458 Rom.
1155 1417 1267 1458 XIII.
1299 1430 1361 1468 14.
1393 1445 1419 1469 „
1450 1417 1497 1463 ὠ
1529 1422 1662 1460 carnis
1685 1425 1823 1475 provi-

89 1503 116 1524 „
145 1473 319 1513 dentiam
349 1487 396 1513 ne
414 1471 598 1526 feceritis
628 1474 670 1512 in
700 1472 1026 1525 concupiscentiis.
1085 1473 1209 1525 Quod
1233 1473 1258 1513 fi
1281 1474 1482 1528 quisquam
1504 1475 1557 1514 ita
1575 1474 1744 1516 diceret:
1775 1476 1824 1522 ὠ·

89 1529 117 1579 ,,“
145 1530 275 1568 carnis
291 1527 585 1582 providentiam
603 1541 647 1566 ne
664 1528 706 1566 in
726 1528 1045 1581 concupifientiis
1051 1527 1238 1581 feceritis
1253 1556 1263 1574 ‚
1292 1528 1372 1568 fine
1400 1529 1520 1570 dubio
1548 1544 1656 1571 aures
1685 1532 1826 1574 clausu-

89 1609 117 1633 ,‚
140 1582 175 1623 la
204 1582 458 1623 numerosiore
479 1582 679 1630 mulceret·,
709 1581 772 1622 sed
798 1582 950 1636 gravior
969 1583 1159 1636 Interpres
1188 1586 1306 1623 etiam
1338 1583 1509 1625 ordinem
1530 1585 1671 1625 maluit
1701 1595 1825 1627 tenere

28 1633 32 1640 ’
93 1665 120 1688 ,,
149 1638 348 1678 verborum
369 1641 412 1677 ”2
468 1637 565 1677 Inde
584 1649 710 1680 tamen
730 1639 888 1678 minime
907 1637 1170 1692 consequitur,
1202 1639 1487 1693 Hieronymum
1505 1640 1544 1680 in
1575 1642 1825 1685 converfione

88 1693 146 1734 N.
176 1693 226 1733 T.
256 1692 430 1732 ordinem
450 1693 650 1732 verborum
671 1692 908 1732 Graecorum
930 1693 1101 1746 religiose
1121 1692 1298 1740 servasse,
1328 1709 1415 1734 cum
1436 1694 1515 1748 ipse
1535 1696 1823 1750 Hieronymus,

91 1748 197 1800 cujus
215 1748 327 1788 verba
346 1747 456 1787 affert
479 1746 769 1792 Middletonus‚
797 1746 906 1800 saepe
928 1750 966 1785 &
984 1747 1120 1788 diserte
1143 1747 1178 1788 se
1201 1748 1378 1788 ordinem
1398 1750 1600 1790 verborum
1622 1752 1825 1805 neglexisse

90 1801 261 1843 fateatur.
321 1815 355 1854 3.
385 1802 423 1841 Si
453 1815 539 1841 vera
569 1800 674 1850 sunt,
704 1815 803 1855 quae
832 1801 873 1841 in
904 1801 963 1842 his
987 1801 1277 1856 Prolegomenis
1307 1802 1529 1856 disputavi,
1568 1805 1741 1847 Codices
1771 1808 1825 1849 illi

91 1858 255 1903 Graeci,
284 1858 350 1912 qui
378 1870 462 1897 cum
485 1853 642 1896 'Latinis
669 1856 930 1906 consentiunt,
960 1870 1007 1897 ex
1025 1857 1171 1898 Latinis
1192 1856 1276 1897 sunt
1297 1858 1508 1908 immutati,
1536 1859 1711 1915 adeoque
1740 1877 1825 1903 om·-

91 1926 180 1953 nem
202 1912 302 1953 suam
323 1911 563 1952 autoritatem
581 1925 603 1950 a
623 1910 768 1951 Latinis
790 1921 1028 1952 mutuantur:
1057 1911 1161 1952 unde
1180 1911 1444 1966 consequitur,
1472 1913 1623 1966 illorum
1655 1917 1825 1958 testimo·

90 1969 157 2008 nio
175 1966 384 2008 versionem
402 1966 576 2006 Latinam
599 1963 824 2006 confirmare
845 1965 964 2011 velle,
996 1965 1092 2006 nihil
1111 1966 1215 2007 aliud
1236 1966 1310 2007 esse
1329 1998 1341 2016 ‚
1369 1981 1484 2021 quam
1506 1968 1609 2010 idem
1631 1984 1697 2024 per
1717 1972 1822 2014 idem

90 2022 271 2076 probare,
291 2024 331 2061 &
344 2052 356 2072 ,
386 2019 491 2075 quod
514 2020 650 2074 Logici
670 2033 833 2071 vocant,
861 2021 1091 2075 principium
1113 2034 1253 2075 petere.
1312 2023 1484 2064 Graecos
1505 2036 1632 2065 autem
1653 2026 1824 2070 Codices

89 2091 137 2118 ex
157 2077 324 2127 Latinis,
354 2079 392 2116 &
414 2075 571 2115 viciss'im
594 2075 752 2116 Latinos
779 2089 826 2116 ex
847 2076 1007 2117 Graecis
1036 2077 1247 2132 corrigere,
1276 2088 1391 2131 atque
1412 2078 1465 2119 ita
1492 2079 1716 2121 consensum
1742 2097 1826 2124 mu-

91 2142 198 2172 tuum
226 2145 470 2186 extorquere,
500 2130 594 2185 quid
624 2130 726 2170 aliud
756 2130 810 2171 est
837 2144 953 2184 quam
982 2131 1172 2187 Regulam
1202 2132 1379 2172 Lesbiam
1410 2132 1563 2182 facere,
1592 2136 1765 2188 inprimis
1796 2135 1823 2179 si

92 2188 176 2239 quis
194 2201 238 2227 ea
259 2201 337 2227 non
359 2201 443 2227 raro
465 2189 503 2225 &
526 2196 634 2226 caute
655 2185 718 2225 sed
742 2184 871 2240 paffim
892 2190 1041 2227 utatur?
1072 2200 1113 2236 4.
1142 2187 1407 2241 Hieronymus
1429 2188 1584 2240 fatetur,
1618 2190 1653 2231 se
1682 2192 1722 2231 in
1742 2208 1826 2234 ver-

91 2241 196 2282 sione
225 2243 361 2282 Latina
389 2241 560 2282 locorum
594 2240 750 2280 Alatth.
781 2240 936 2281 XXIV.
969 2244 1033 2293 36.
1071 2245 1110 2282 ὃς
1151 2242 1241 2282 Gal.
1272 2242 1341 2283 ΙΙΙ.
1376 2256 1409 2284 1.
1439 2244 1610 2286 Codices
1640 2247 1825 2300 Origenis

93 2296 297 2337 Caesareae
319 2297 481 2338 servatos
502 2295 722 2336 consuluiffe
743 2308 856 2350 atque
875 2296 1106 2350 expreffiffe3
1135 2309 1173 2338 at
1194 2297 1285 2338 inde
1313 2312 1394 2338 non
1414 2298 1579 2353 sequitur
1592 2331 1603 2350 ,
1633 2315 1720 2341 eum
1741 2305 1825 2344 uni-

92 2365 136 2391 ce
170 2355 209 2391 &
238 2352 377 2406 ubique
406 2351 563 2392 eosdem
592 2351 801 2404 exprimere
830 2350 1053 2392 decreviffie:
1083 2352 1220 2393 Hodie
1248 2367 1363 2404 vero,
1393 2353 1603 2408 deperditis
1631 2358 1822 2412 plerisque

93 2406 275 2460 Origenis
292 2407 435 2460 scriptis
455 2407 635 2451 Graecis,
664 2407 745 2446 aliis
764 2418 890 2446 autem
907 2420 1041 2460 parum
1059 2419 1232 2448 accurate
1251 2407 1462 2463 parumque
1494 2409 1656 2451 fideliter
1685 2412 1823 2455 Latine

92 2461 302 2512 conversis,
331 2462 413 2502 sciri
431 2462 593 2502 omnino
612 2475 692 2500 non
713 2461 859 2514 potest,
889 2461 981 2515 quid
1003 2461 1173 2514 plurimis
1192 2464 1232 2503 in
1253 2464 1345 2504 locis
1363 2463 1506 2518 legerit.
1546 2465 1681 2516 Adde,
1712 2467 1821 2521 quod

93 2515 121 2555 fi
146 2516 203 2556 vel
235 2518 396 2556 maxime
430 2530 559 2556 verum
586 2515 696 2564 esset,
728 2516 953 2556 versionem
975 2517 1210 2572 Hieronymi
1235 2518 1284 2558 ad
1314 2532 1488 2559 normam
1512 2520 1708 2562 Codicum
1729 2524 1822 2564 Ori-

95 2571 202 2624 genis
233 2572 414 2612 direstam
441 2571 566 2619 fuisse,
597 2585 645 2610 ne
679 2570 728 2610 fic
760 2570 938 2624 quidem,
969 2572 1069 2612 reue
1098 2575 1138 2611 &
1168 2573 1264 2613 bene
1290 2587 1378 2614 eum
1409 2573 1555 2624 fecisse,
1583 2575 1822 2630 sequeretur,

95 2636 181 2665 cum
211 2627 311 2666 enim
343 2641 388 2666 cx
415 2626 516 2666 libris
547 2626 729 2679 Origenis
749 2656 760 2675 ‚
802 2627 868 2679 qui
896 2625 1090 2680 supersunt
1112 2657 1123 2676 ,
1152 2629 1323 2678 constet,
1351 2628 1456 2669 illum
1485 2629 1629 2683 saepius
1648 2662 1660 2681 ,
1689 2633 1820 2675 invitis

96 2681 270 2722 omnibus
292 2681 486 2721 codicibus
504 2681 595 2727 suis,
628 2684 665 2719 ὃς
687 2681 842 2721 nomina
862 2682 1015 2735 propria
1036 2682 1215 2723 auda&er
1234 2683 1462 2731 immutasse,
1479 2688 1518 2724 &
1539 2687 1704 2741 integras
1723 2690 1821 2741 peri-

95 2749 209 2788 copas
229 2737 367 2790 absque
386 2737 457 2776 ulla
478 2735 615 2776 idonea
636 2736 782 2775 ratione
799 2750 845 2776 ex
865 2751 965 2776 mera
983 2738 1200 2789 conjec‘tura
1218 2738 1416 2788 delevisse,
1446 2739 1606 2793 suspicio
1625 2742 1700 2791 est,
1716 2743 1819 2785 idem

95 2789 141 2829 ab
171 2804 218 2830 eo
247 2792 360 2832 etiarn
388 2792 427 2831 in
450 2791 540 2831 ‘aliis
561 2791 762 2843 scripturae
781 2791 873 2831 locis
893 2803 1079 2831 tentatum
1108 2790 1225 2832 fuisse.
1286 2807 1318 2842 5.
1347 2794 1648 2836 Emendationes
1669 2797 1835 2846 Benrles

94 2845 216 2896 janas,
236 2860 328 2899 quas
350 2859 411 2886 aut
432 2847 470 2886 in
492 2846 644 2900 publico
665 2845 883 2900 proposuit,
896 2858 975 2886 tum
994 2850 1150 2888 nomine
1161 2848 1429 2888 Pliileleutheri
1444 2849 1665 2902 Lipsiensis,
1678 2863 1757 2892 tum
1777 2854 1818 2892 in

96 2899 265 2940 sermone
292 2904 332 2940 in
365 2914 398 2940 2.
421 2902 505 2942 Cor.
534 2901 583 2941 ΙΙ.
618 2908 678 2941 16.
707 2913 770 2942 aut
799 2915 884 2941 cum
913 2902 1042 2941 amicis
1072 2903 1371 2943 communicavit
1399 2904 1582 2957 (quarum
1610 2906 1746 2959 viginti
1777 2911 1816 2947 δε

97 2954 277 3006 amplius,
305 2956 421 2995 tacito
439 2968 566 2996 tamen
586 2956 744 2996 Autoris
764 2956 938 3007 nomine,
956 2957 995 2996 in
1018 2957 1205 3010 prioribus
1227 2958 1337 2998 Prole
1366 2960 1515 2999 omenis
1533 2960 1669 3001 nostris
1691 2963 1816 3002 attuli«

94 3007 199 3060 mus)
228 3008 386 3062 {iugulas
405 3009 476 3051 suis
495 3011 587 3051 locis
605 3010 872 3052 exhibebimus.
929 3011 1076 3053 Vereor
1089 3025 1240 3059 autem,
1269 3025 1310 3054 ut
1345 3026 1401 3054 int
1418 3026 1494 3054 tam
1525 3028 1669 3065 certae,
1699 3031 1816 3070 quam

94 3063 179 3103 sunt
194 3063 415 3116 ingeniosae.
1083 3117 1085 3119 ι

150 3118 275 3157 Litem
303 3118 397 3159 inter
418 3117 640 3175 Bentlejum
661 3118 708 3164 ἐφ’
728 3118 1040 3173 Middletonum,
1067 3122 1211 3164 summa
1231 3124 1444 3164 animorum
1467 3124 1669 3167 acerbitate
1696 3125 1815 3176 agita-2

74 3169 198 3219 'tam,
229 3171 358 3226 (quod
379 3174 534 3217 minime
561 3174 718 3218 decebat
745 3175 795 3218 de
821 3175 993 3218 editione
1021 3178 1078 3220 N.
1109 3178 1159 3219 T.
1187 3177 1429 3230 differentes)
1459 3178 1624 3219 nostram
1659 3191 1737 3217 non
1760 3177 1814 3216 faa

866 3230 1018 3281 ,Va
1766 3234 1818 3272 eia
