1976 3519
128 253 205 291 19²
511 233 1503 277 PROLEGOMENA.

125 338 242 373 rum·‚
285 327 324 363 δε
357 321 474 368 inde,
503 336 591 362 meo
619 321 787 376 judicio,
817 320 1022 375 consequi,
1054 334 1133 360 non
1162 333 1260 372 opus
1281 319 1376 369 esse,
1404 332 1446 361 ut
1463 320 1547 373 quis
1577 321 1676 363 illam
1706 323 1859 377 opinio-

124 394 213 420 nem
241 378 388 419 refellat
411 409 422 428 ‚
463 391 550 418 cum
580 377 662 418 solo
692 377 840 417 silentio
866 377 982 416 deleri
1014 374 1139 429 possit.
1196 375 1287 414 Alio
1321 389 1412 415 vero
1444 387 1616 428 tempore
1644 379 1693 418 de
1721 380 1857 419 eadem

123 434 347 488 quaestione
379 433 541 487 loquens
571 432 743 481 dicebat,
783 431 819 471 se
840 445 919 471 non
941 430 1092 479 videre,
1122 429 1216 482 quid
1237 429 1420 483 impediat
1440 444 1519 483 quo
1540 432 1664 471 minus
1685 435 1789 485 quis,
1817 438 1857 473 &

126 490 306 542 privatim
330 492 369 528 ὃ(
394 488 565 540 publice,
596 502 616 527 a
636 487 819 527 sententia
839 485 987 541 Synodi
1010 484 1278 525 Dordracenae
1301 484 1489 533 discedat,
1518 487 1661 526 cautius
1682 500 1805 527 tamen
1819 492 1858 528 ὃ(

123 544 350 597 prudentius
383 543 591 592 fasturum,
622 542 649 582 si
682 541 799 581 tacito
833 542 1167 588 Arminianorum,
1198 538 1662 592 Episcopii‚Curcellaci‚
1694 545 1731 580 ὃ(
1757 543 1860 583 Lim-

123 599 273 639 borchii
303 599 486 648 nomine,
516 597 553 638 se
582 611 668 638 cum
692 597 745 636 H.
777 596 920 636 Grotio
943 606 1007 635 aut
1027 609 1113 634 cum
1136 593 1455 646 praestantissimis
1476 596 1661 635 Ecclesiae
1680 597 1859 651 Anglica-

122 669 195 696 nae
226 654 445 707 Theologis
477 654 518 692 in
550 651 621 691 hac
642 666 680 691 re
698 650 833 690 sentire
854 650 1088 704 profiteatur.
1129 649 1232 688 Cum
1259 653 1320 688 ΑΟ.
1357 662 1475 700 1727.
1507 651 1652 690 senatus
1676 652 1857 705 Hymnos

123 710 272 750 festales
294 708 472 762 conquiri
495 719 608 760 atque
629 706 691 746 edi
713 705 889 758 juslislet,
920 704 1180 758 &Theologo
1193 704 1494 744 extraordinario
1510 706 1659 759 Hymni
1673 706 1860 747 Penteco-

122 766 230 806 stales
245 793 254 808 ,
285 777 326 805 ut
349 764 473 817 ajebat
487 793 497 812 ,
527 759 724 815 deligendi
746 759 988 813 obtigissent,
1017 758 1246 811 conquestus
1265 758 1318 798 est
1340 759 1458 809 mihi,
1472 759 1507 798 se
1520 761 1680 801 molesto
1696 763 1857 816 negotio

122 820 352 874 implicitum
382 819 556 867 haerere,
598 815 706 870 quod
738 816 875 855 Poetas
907 815 1024 855 multa
1047 813 1097 853 de
1117 813 1259 867 Spiritu
1283 813 1423 854 &mesto
1444 814 1600 856 seribere
1623 817 1854 870 comperiat,

122 890 220 930 quae
244 877 282 915 in
302 875 405 914 libris
427 873 535 912 sacris
555 885 634 910 non
656 871 900 923 reperiantur.
1572 908 1576 912 ,

178 931 367 971 Plurimus
397 942 489 968 vero
519 926 630 966 nobis
660 925 784 965 sermo
810 925 881 966 fuit
902 924 947 963 de
974 927 1110 966 Variis
1132 923 1249 965 Novi
1274 923 1508 975 Testamenti
1531 926 1675 966 Graeci
1700 925 1857 966 Leaio-
1886 956 1899 970 ,

121 985 256 1034 nibus,
287 983 403 1036 idque
426 996 505 1022 non
528 995 602 1021 una
623 981 751 1020 oblata
770 979 981 1020 occasione.
1018 980 1123 1020 Cum
1143 981 1247 1020 enim
1268 982 1444 1033 Agnatus
1466 994 1590 1031 meus,
1621 980 1726 1033 cujus
1746 981 1855 1035 supra

120 1041 358 1081 mentionem
389 1037 461 1078 feci
492 1051 529 1091 p.
565 1048 652 1088 177.
682 1035 798 1075 literis
826 1035 862 1075 d.
897 1047 960 1084 24.
989 1035 1123 1075 Martii
1158 1048 1173 1074 1
1184 1047 1227 1086 7¹
1238 1049 1275 1083 9.
1306 1033 1355 1074 ad
1384 1049 1445 1075 me
1464 1036 1642 1081 exaratis,
1672 1037 1856 1089 rogasset,

119 1108 161 1137 ut
191 1095 379 1135 variantes
408 1106 501 1146 quas
531 1091 709 1131 haberem
733 1091 936 1131 Leffiones
957 1093 1029 1129 δίε.
1059 1090 1127 1143 ipsi
1151 1089 1227 1130 fine
1256 1103 1362 1129 mora
1385 1091 1702 1139 transmitterem,
1732 1090 1856 1132 Novo

119 1150 371 1192 Testamento
402 1163 423 1188 a
451 1148 486 1187 se
514 1147 641 1196 edim,
665 1160 733 1186 ceu
758 1145 951 1186 Volumen
982 1144 1139 1185 alterum
1165 1176 1176 1194 ,
1203 1144 1439 1198 jungendaS;
1469 1145 1626 1185 tandem
1656 1146 1753 1185 inter
1783 1160 1856 1187 nos

118 1206 323 1254 convenit,
353 1215 394 1243 ut
412 1202 599 1243 distraffis
620 1202 717 1240 intra
739 1214 880 1254 paucos
904 1213 1027 1240 annos
1048 1199 1229 1240 editionis
1252 1199 1560 1240 Mastrichtianae
1581 1201 1855 1254 exemplaribus

117 1275 275 1316 operam
306 1272 430 1299 meam
460 1257 508 1297 ad
541 1271 684 1297 novam
716 1255 926 1296 editionem
959 1254 1183 1295 conferrem.
1239 1254 1348 1295 Haec
1370 1269 1462 1295 vero
1482 1255 1637 1295 consilia
1657 1269 1735 1295 non
1757 1256 1854 1297 clam

117 1332 140 1356 a
163 1331 224 1356 me
245 1315 384 1370 agitata
404 1313 510 1362 sunt,
540 1311 605 1352 sed
625 1311 800 1351 omnium
819 1310 974 1350 conscio
996 1321 1110 1363 atque
1131 1309 1307 1363 adjutore
1336 1309 1385 1361 J.
1418 1309 1468 1349 L.
1500 1308 1622 1362 Frey,
1655 1311 1736 1361 ille,
1757 1311 1854 1365 quid

117 1372 279 1426 ipsomet
298 1370 475 1409 hortante
497 1369 535 1407 in
557 1367 708 1415 Gallia,
739 1366 879 1419 Anglia
900 1377 1015 1418 atque
1037 1365 1173 1418 Belgio
1192 1364 1369 1418 egissem,
1403 1376 1586 1413 noverat3
1616 1365 1677 1405 ille
1699 1366 1854 1413 litteras,

117 1441 211 1481 quas
232 1426 340 1479 super
361 1424 436 1464 hoc
459 1423 618 1478 negotio
641 1422 874 1474 accipiebam
888 1451 898 1470 ,
911 1420 1081 1467 viderat,
1102 1421 1164 1460 ille
1185 1420 1355 1472 repetitis
1372 1420 1591 1473 Colloquiis
1612 1420 1855 1463 familiaribus

118 1483 220 1523 hanc
249 1494 327 1520 rem
359 1492 508 1519 mecum
538 1479 577 1517 in
604 1478 725 1517 varias
747 1488 870 1529 partes
898 1474 1129 1525 versaverat,
1161 1474 1221 1514 ille
1243 1475 1440 1514 inchoatas
1463 1486 1577 1528 atque
1598 1475 1729 1525 rudes,
1760 1491 1853 1530 quas

117 1538 248 1578 animo
277 1546 551 1588 conceperam,
584 1532 725 1572 formas
754 1529 912 1571 subinde
943 1540 1155 1570 correxerat
1185 1542 1299 1583 atque
1328 1531 1538 1583 poliverat·‚
1565 1531 1618 1570 est
1646 1531 1749 1570 enim
1772 1559 1782 1575 ,
1810 1544 1854 1572 ut

116 1605 248 1634 verum
276 1590 416 1639 fatear,
444 1588 517 1632 Vir
545 1586 761 1628 eruditione
789 1598 903 1639 atque
935 1585 1092 1638 ingenio
1121 1598 1201 1624 non
1230 1583 1384 1638 vulgari.
1443 1584 1509 1624 llle
1539 1585 1640 1625 idem
1661 1617 1673 1636 ‚
1703 1598 1744 1626 ut
1775 1587 1852 1627 hoc

115 1660 234 1688 unum
263 1645 421 1685 referam
442 1674 453 1693 ,
488 1656 576 1683 cum
607 1641 658 1682 ad
688 1654 847 1681 examen
877 1639 1117 1694 singularium
1149 1639 1321 1678 locorum
1352 1638 1670 1692 pervenissemus,
1704 1643 1854 1694 rogavit

115 1700 347 1756 aliquando,
375 1709 501 1739 utrum
521 1696 648 1737 locum
682 1695 786 1749 1.J0.
818 1695 867 1735 V.
901 1708 934 1741 7.
964 1695 1002 1733 in
1023 1693 1100 1733 ullo
1119 1707 1286 1747 unquam
1307 1693 1458 1733 Codice
1480 1694 1631 1734 Graeco
1653 1695 1853 1737 vidissem?

115 1754 383 1811 respondenti,
416 1753 457 1793 in
475 1751 601 1802 nullo,
630 1750 718 1791 licet
738 1749 848 1790 anxie
868 1749 1008 1803 ubique
1028 1747 1287 1802 quaesivissem
1307 1779 1318 1797 ‚
1349 1747 1495 1803 regeffit
1512 1780 1524 1799 ,
1554 1764 1679 1804 neque
1709 1751 1853 1793 exstare

115 1812 219 1868 apud
241 1812 391 1859 Patres,
422 1821 471 1848 ne
489 1806 646 1860 quidem
668 1804 771 1859 apud
794 1804 1058 1860 Cyprianum‚
1089 1803 1115 1843 fi
1146 1804 1247 1843 reste
1280 1802 1518 1857 inspiciatur,
1548 1819 1672 1859 neque
1698 1806 1736 1845 in
1768 1807 1859 1855 Ma->

116 1867 310 1919 nuscripto
331 1863 473 1905 SanSm
495 1860 663 1902 Gallensi
684 1860 841 1914 aliisque
859 1859 1047 1900 veteribus
1069 1858 1265 1899 codicibus
1286 1859 1450 1908 Latinis,
1479 1873 1604 1913 neque
1635 1860 1674 1899 in
1701 1859 1854 1903 Verfio-

116 1937 187 1972 ne,
218 1934 334 1975 quam
353 1919 529 1966 haberet,
561 1919 750 1963 Armena5
779 1928 942 1967 cumque
961 1928 1036 1967 ego
1056 1912 1260 1961 adderem,
1290 1927 1414 1967 neque
1436 1914 1475 1953 in
1496 1913 1681 1955 Versione
1715 1916 1853 1970 Copti-

116 1993 184 2027 ca,
215 1988 331 2030 quam
352 1987 473 2027 nuper
494 1985 540 2012 ex
560 1970 703 2024 Anglia
734 1969 976 2022 accepissem,
1006 1981 1130 2021 neque
1158 1966 1260 2021 apud
1292 1971 1417 2008 Patres
1449 1968 1640 2018 Graecos,
1670 1971 1855 2011 exclama-

115 2034 192 2074 vit:
222 2029 341 2085 ‘Quid
357 2027 409 2081 est
431 2025 704 2078 demonstratio
726 2026 768 2064 in
788 2024 856 2077 isto
873 2036 1010 2077 genere
1027 2057 1038 2072 ,
1055 2021 1098 2074 fi
1114 2022 1209 2060 haec
1230 2035 1303 2062 non
1334 2022 1384 2071 el}
1404 2023 1425 2063 ,ἲ
1454 2023 1559 2063 Bene
1589 2026 1781 2075 nobifcam
1811 2040 1854 2064 a·

107 2096 279 2142 geretur,
313 2099 326 2124 ι
347 2083 482 2124 iisdem
503 2077 916 2135 argumentis,quibus
936 2077 1003 2130 iste
1023 2077 1128 2117 locus
1137 2077 1400 2129 interpolatus
1411 2087 1528 2132 atque
1529 2079 1769 2130 fiebdttitt'us
1782 2081 1853 2134 effe

107 2143 321 2199 probatur,
346 2137 503 2193 probari
528 2136 671 2190 poſjet,
687 2134 863 2188 stngulas
888 2133 1007 2173 Novi
1031 2131 1270 2185 Testamenti
1292 2131 1393 2172 edzti
1422 2143 1542 2186 atque
1563 2134 1681 2187 vulgo
1710 2139 1855 2190 recepti

118 2198 350 2240 Leffiones,
379 2194 454 2233 hac
486 2205 564 2231 una
591 2199 774 2244 excepta,
797 2190 991 2243 genuinas
1021 2186 1067 2233 dy
1099 2190 1344 2242 incorruptas
1378 2187 1472 2240 effe:
1502 2196 1595 2227 tunc
1613 2192 1711 2242 sime
1731 2192 1853 2230 multo

116 2252 275 2306 effemus
294 2251 476 2289 certiores
495 2258 610 2301 quam
639 2258 740 2285 nunc
759 2246 897 2293 fumus.
953 2244 1064 2284 Haec
1078 2240 1200 2293 κρίσις,
1230 2257 1251 2282 a
1278 2257 1340 2283 me
1363 2242 1578 2296 simpliciter
1598 2245 1710 2284 relata
1727 2279 1737 2294 ‚
1768 2247 1853 2299 post

116 2309 242 2363 plures
273 2318 395 2346 annos
420 2302 568 2357 elapsos
598 2300 818 2342 horribilem
845 2299 886 2339 in
919 2298 1079 2339 modum
1099 2297 1256 2338 distorta
1285 2310 1398 2352 atque
1422 2297 1652 2352 depravata,
1682 2300 1854 2354 mihique

117 2362 318 2416 imperite,
348 2360 374 2400 fi
397 2372 478 2399 non
499 2357 640 2411 impie,
670 2358 856 2409 imputata
877 2354 1012 2408 legitur
1035 2353 1119 2392 Λὶῗ
1159 2366 1196 2405 ρ.
1230 2365 1322 2404 305.
1351 2352 1468 2406 idque
1491 2368 1512 2393 a
1534 2355 1705 2405 duobus,
1720 2357 1856 2409 quibus

117 2418 287 2459 officium
308 2414 553 2455 humanitatis
573 2411 853 2465 praestiteram,
881 2409 1126 2463 Theologiae
1145 2406 1342 2458 studiosis,
1363 2408 1458 2448 mihi
1488 2420 1578 2449 tunc
1608 2410 1751 2466 ignotis
1760 2432 1772 2459 3
1803 2411 1855 2451 al·

118 2486 176 2515 ter
198 2481 325 2513 tamen
346 2482 478 2511 eorum
501 2469 548 2508 D.
572 2466 777 2507 Gerdefius
798 2463 905 2505 fuisse
927 2464 1075 2503 dicitur.

173 2529 290 2568 Circa
321 2538 463 2565 annum
498 2521 828 2562 MDCCXXIV.
859 2520 970 2573 petiit
1000 2533 1021 2558 a
1051 2532 1113 2559 me
1138 2517 1187 2572 J.
1218 2519 1268 2559 L.
1298 2517 1418 2571 Frqr,
1447 2531 1488 2559 ut
1507 2533 1552 2560 ex
1575 2519 1690 2560 densa
1708 2521 1852 2562 varian-

118 2585 215 2625 tium
245 2582 473 2621 Lestionum
505 2577 607 2632 sylva
637 2590 700 2617 eas
738 2588 977 2628 excerperem
999 2604 1009 2622 ,
1048 2588 1146 2627 quae
1176 2589 1263 2615 meo
1301 2575 1449 2627 judicio
1479 2575 1653 2629 vulgatae
1682 2576 1857 2618 Editioni

118 2638 247 2693 paullo
269 2635 468 2690 speciosius
490 2633 642 2686 opponi
662 2630 833 2685 possent,
865 2630 911 2669 ab
933 2629 1015 2683 ipso
1037 2630 1244 2669 accuratius
1262 2628 1555 2682 expendendas:
1579 2629 1650 2670 feci
1670 2643 1710 2671 ut
1729 2632 1857 2684 postu-

118 2695 283 2741 laverat,
314 2694 352 2729 &
382 2691 421 2729 in
452 2688 514 2728 illa
544 2687 809 2735 festinatione,
850 2698 942 2738 quas
970 2696 1051 2723 tum
1084 2685 1304 2737 praecipuas
1331 2684 1588 2723 existimabam
1619 2683 1855 2732 varietates,

120 2747 283 2798 margini
305 2745 358 2785 N.
381 2743 643 2792 Testamenti,
674 2756 754 2795 quo
788 2740 914 2781 adhuc
944 2751 1053 2787 utor,
1084 2738 1283 2790 adscripsi·,
1314 2739 1450 2791 quibus
1476 2739 1680 2792 diligenter
1708 2741 1858 2794 perspe-

120 2793 360 2855 &is‘saepius
380 2813 440 2839 me
461 2798 633 2849 hortatus
652 2797 728 2846 est,
759 2808 800 2835 ut
817 2809 903 2844 eas,
932 2806 1067 2847 utpote
1089 2808 1185 2846 quae
1206 2791 1308 2832 haud
1333 2807 1451 2846 pauca
1473 2792 1564 2833 scitu
1587 2807 1664 2833 non
1684 2796 1856 2847 indigna,

121 2859 185 2899 sed
220 2859 308 2896 viris
340 2855 466 2894 doetis
493 2854 695 2906 praecipue
718 2850 936 2904 Theologis
964 2849 1040 2890 fere
1072 2848 1266 2902 ignorata,
1300 2848 1563 2893 continerent,
1594 2850 1632 2887 in
1667 2840 1858 2902 publicum

122 2913 281 2966 prodire
301 2923 458 2963 paterer.
515 2908 695 2960 Cumque
713 2905 994 2945 excusationem
1013 2903 1186 2943 afferrem
1202 2934 1214 2952 ,
1245 2902 1353 2956 quod
1374 2916 1542 2950 vererer,
1568 2917 1615 2942 ne
1636 2906 1720 2957 quis
1740 2906 1860 2945 consi-

123 2969 215 3008 lium
242 2979 365 3005 meum
390 2963 487 3002 male
508 2963 838 3014 interpretaretur,
870 2959 1089 3012 respondit,
1110 2958 1414 2997 moderationem
1438 2957 1735 3012 Theologorum
1761 2960 1858 2999 Basi-

125 3022 296 3063 liensium
331 3018 426 3058 mihi
456 3029 586 3057 notam
618 3016 713 3064 esse,
745 3015 839 3053 nihil
874 3015 984 3066 proin
1006 3025 1155 3062 vetare,
1185 3026 1263 3065 quo
1282 3013 1405 3052 minus
1422 3012 1614 3062 libertate,
1646 3015 1731 3065 post
1751 3015 1861 3055 abro-

125 3090 253 3132 gatam
276 3088 397 3126 nuper
415 3073 589 3112 omnium
609 3070 792 3124 suffragiis
815 3069 1033 3108 Formulam
1057 3067 1274 3107 Consensus
1296 3067 1467 3117 reddita,
1497 3069 1551 3108 uti
1575 3069 1720 3121 possim.

180 3132 397 3172 Haerebam
425 3127 623 3176 dubitans,
654 3129 693 3164 &
723 3123 844 3163 modo
874 3124 968 3162 mihi
1000 3122 1078 3176 ipse
1108 3121 1229 3162 modo
1255 3123 1335 3162 aliis
1365 3121 1544 3162 diffidens
1567 3137 1685 3177 usque
1704 3123 1753 3163 ad
1774 3125 1859 3164 An-

124 3202 217 3228 num
249 3181 616 3227 MDCCXXVIII.
657 3194 737 3234 quo
766 3193 855 3220 cum
886 3178 999 3220 frater
1028 3191 1134 3219 meus
1163 3177 1314 3218 Petrus
1357 3176 1588 3230 Wezstentus
1609 3205 1621 3225 ‚
1658 3192 1704 3219 ex
1733 3179 1860 3219 Gallia

1765 3238 1861 3273 Am-
