1976 3519
130 230 183 272 82
497 227 1506 271 'PROLEGOMfENA

186 316 379 358 Rabanus
392 315 574 358 Maurus.

188 371 432 428 I‘Valcfridus
452 369 646 421 strabus,
675 369 895 425 Discipulus
912 369 1068 412 Rabani
1089 369 1246 422 Mauri,
1274 370 1442 413 creditur
1463 368 1538 413 ess‘e
1558 371 1690 413 auttor
1721 371 1881 414 Gloffie

182 428 431 469 Hincmarus
458 425 703 468 Rhemensis.
1629 427 1879 481 (ordinariae.

185 481 401 524 Fulhertus
424 482 684 523 Carnotenfis.

182 538 387 579 Honorius
409 535 766 592 Augustodunenfis
785 534 834 577 de
853 535 1027 590 Imagine
1048 536 1204 578 Mundi.

180 595 261 636 His
279 596 573 642 annumeramus
589 590 907 647 omnes-Codices
919 593 1274 642 Graeco-Latinos,
1303 591 1388 633 illos
1404 592 1495 634 item
1507 606 1554 634 ex
1573 592 1710 647 quibus
1722 591 1758 646 J.
1775 593 1882 633 Mar-

127 650 298 694 tianaeus
320 648 573 703 Evangelium
589 647 782 689 Matthaei
801 650 842 686 &
864 647 1076 701 Epistolam
1092 647 1231 700 Jacobi
1251 647 1401 689 Parifiis
1423 650 1488 690 ΑΟ.
1517 652 1634 698 1695.
1664 647 1809 695 edidit,
1838 652 1880 689 &

128 706 258 757 illum,
288 706 355 761 qui
378 703 623 746 Matthaeum
643 702 817 743 continet
838 702 880 742 in
891 703 1075 758 Collegio
1095 702 1287 744 Ludovici
1309 703 1449 758 Magni
1468 703 1571 758 apud
1588 704 1719 744 Patres
1740 703 1880 745 Societ.

122 762 184 818 Jc.
206 776 321 816 quem
344 764 384 800 &
403 759 597 800 Simonius
616 757 736 808 vidit,
766 760 805 796 &
825 770 921 808 nos,
950 757 1220 799 humanissime
1242 757 1342 800 fasta
1363 759 1473 799 nobis
1493 774 1514 798 a
1531 759 1579 799 R.
1599 758 1806 799 Harduino
1819 759 1884 799 Bi-

131 817 382 859 bliothecario
401 815 483 870 ejus
502 814 557 855 rei
579 813 785 868 potestate,
799 826 886 853 cum
905 812 1031 854 Editis
1052 812 1297 854 contulimus.
1326 813 1443 855 Tales
1468 814 1560 854 hinc
1583 813 1674 854 inde
1702 813 1811 854 multi
1831 814 1883 854 la-

128 883 213 914 tent
231 873 272 925 in
284 870 558 924 Bibliothecis,
577 869 714 924 quibus
735 879 864 910 tamen
875 868 1150 911 Correstiones
1160 868 1512 924 Hieronymianae‚
1541 868 1678 909 abrafis
1699 869 1882 909 vetustio-

93 979 95 981 .
128 928 232 970 ribus
257 927 396 977 literis,
426 925 627 978 inscriptae
656 922 763 973 sunt,
792 923 942 977 qualem
963 923 1158 964 Codicem
1191 922 1356 978 poffidet
1378 923 1620 964 Bibliotheca
1650 923 1884 971 Basilienfis,

129 985 196 1038 qui
228 983 331 1038 prius
360 981 481 1023 fuerat
515 978 693 1020 Conradi
721 978 907 1020 Clemhre
928 979 1175 1020 Summissarii
1196 978 1384 1020 Ecclesiae
1407 978 1718 1034 Argentinensis,
1748 979 1880 1032 postea

127 1040 307 1080 Fratrum
327 1034 656 1078 Carthusiensium
677 1048 800 1089 prope
821 1035 1088 1089 Argentinam.
1119 1031 1179 1076 Ex
1199 1035 1268 1074 ista
1288 1033 1475 1076 Verfione
1494 1033 1590 1075 Itala
1609 1034 1726 1075 etiam
1747 1035 1882 1075 Versro

127 1091 485 1148 Angla-Saxonica
505 1089 692 1132 adornata
714 1090 769 1131 est
782 1119 794 1140 ,
817 1103 933 1144 quam
957 1090 1036 1131 Th.
1058 1089 1330 1131 Mareschallus
1350 1089 1498 1138 edidit,
1529 1088 1647 1144 porro
1667 1090 1783 1130 etiam
1804 1090 1883 1129 Go-

127 1148 282 1190 thicam
301 1147 394 1189 inde
416 1145 598 1202 prodiiss‘e
623 1145 817 1192 existimo,
851 1144 902 1186 de
921 1159 997 1200 qua
1016 1144 1116 1185 infra
1135 1157 1278 1201 agetur.

181 1205 293 1245 Licet
319 1215 449 1245 autem
478 1200 709 1256 exemplaria
731 1200 870 1243 veteris
898 1200 1062 1248 Latinae,
1080 1201 1280 1242 Verfionis
1308 1200 1408 1242 inter
1428 1199 1466 1241 se
1486 1200 1653 1245 varient,
1684 1203 1724 1240 ὃς
1756 1200 1879 1255 magis

128 1259 288 1315 quidem
319 1272 436 1314 quam
467 1259 638 1307 Graeca,
666 1257 719 1296 ita
748 1266 791 1296 ut
818 1255 1073 1311 hyperbolico
1099 1256 1336 1311 Hieronymi
1365 1255 1485 1310 stylo,
1515 1254 1752 1310 praefatione
1772 1258 1812 1297 in
1836 1258 1883 1298 E-

127 1314 356 1371 vangelistas
375 1312 426 1354 ad
436 1311 666 1362 Damasum,
688 1321 747 1351 tot
769 1310 842 1352 sint
862 1310 1092 1365 exemplaria
1112 1325 1213 1366 pene
1237 1323 1335 1366 quot
1359 1310 1552 1352 Codices:
1581 1311 1805 1366 plerumque
1828 1323 1885 1352 ra-

129 1385 220 1412 men
241 1381 369 1411 tantus
388 1369 443 1410 est
461 1367 664 1409 consensus
684 1367 725 1406 in
745 1366 914 1408 absurdis
933 1367 1050 1408 etiam
1078 1367 1349 1417 Lestionibus,
1379 1377 1422 1407 ut
1442 1365 1527 1407 satis
1549 1377 1730 1420 appareat
1750 1369 1883 1408 omnia

127 1441 175 1468 ex
203 1439 284 1467 uno
308 1424 419 1466 fonte
450 1422 638 1473 manasse,
669 1436 715 1462 ex
742 1421 956 1476 eademque
976 1421 1163 1464 Editione
1184 1422 1396 1476 descriptos
1415 1434 1553 1462 omnes
1574 1420 1765 1475 prodiisse.
1796 1422 1883 1463 Ne-

127 1495 206 1537 que
227 1481 315 1522 sane
335 1479 418 1521 fieri
438 1479 546 1520 aliter
566 1478 695 1532 potuit
709 1503 721 1523 ‚
752 1491 869 1532 quam
889 1487 932 1518 ut
948 1491 994 1519 ea
1016 1477 1169 1528 saltem,
1198 1491 1297 1532 quae
1318 1476 1468 1531 publice
1491 1476 1737 1530 legebantur,
1766 1488 1882 1532 atque

127 1552 152 1578 a
171 1535 462 1578 Tractatoribus
491 1533 803 1588 explicabantur,
831 1532 927 1573 dum
950 1545 1049 1574 unus
1070 1532 1231 1574 alterum
1250 1532 1448 1582 exscribit,
1476 1532 1613 1572 iisdem
1631 1532 1755 1573 verbis
1774 1547 1882 1587 repe-

127 1602 308 1634 terentur.
337 1590 485 1632 Minius
503 1600 651 1640 tamen,
679 1601 768 1629 cum
801 1586 1030 1630 observasset
1049 1587 1205 1630 easdem
1225 1602 1342 1630 voces
1366 1584 1520 1637 νυμφὼν,
1550 1585 1668 1629 κόνι-ες
1688 1585 1880 1640 παρέχειν,

126 1645 268 1701 λαίθςοι,
295 1642 407 1700 ναίςὲος
435 1642 593 1695 wis-miv,
621 1641 758 1692 Φυτεῦει
777 1673 790 1693 ,
825 1641 1036 1693 κατάλυμα.
1061 1643 1170 1685 aliter
1197 1643 1309 1698 apud.
1333 1643 1580 1684 Matthaeum
1600 1677 1611 1693 ‚
1641 1642 1747 1684 aliter
1777 1642 1881 1698 apud

126 1704 333 1748 Marcum,
363 1701 471 1742 aliter
496 1700 666 1753 denique
693 1698 799 1752 apud
826 1699 973 1739 Lucam
1003 1702 1044 1739 &
1065 1698 1262 1753 Joannem
1299 1697 1522 1748 conversas,
1553 1697 1644 1738 inde
1675 1697 1880 1750 inferebat,

127 1757 364 1813 {iugulorum
383 1754 683 1809 Evangeliorum
704 1753 799 1793 alios
820 1752 928 1795 fuiss‘e
948 1753 1191 1808 Interpretes.
1244 1752 1371 1806 Qod
1390 1755 1674 1808 Argumentum
1696 1753 1880 1805 validius,

127 1826 247 1868 quam
264 1810 358 1854 illud
379 1810 632 1859 Martianaei‚
664 1809 731 1863 qui
752 1821 800 1849 ex
821 1807 1058 1863 deprehensa
1078 1809 1261 1850 varietate
1284 1809 1324 1849 in
1347 1809 1513 1849 numeris
1537 1808 1758 1849 Seffionum
1781 1810 1882 1864 ejus-

126 1869 221 1911 dem
249 1868 335 1909 libri
355 1866 396 1908 id
416 1865 541 1921 ipsum
568 1863 776 1914 inferebat,
808 1864 934 1918 plures
961 1878 1104 1918 nempe
1137 1864 1245 1907 fuisse
1273 1864 1504 1918 Interpretes
1530 1864 1714 1904 librorum
1741 1865 1798 1907 N.
1829 1865 1884 1906 T.

127 1924 225 1966 haec
255 1923 360 1964 enim
390 1921 551 1964 variatio
570 1935 593 1961 a
612 1918 905 1960 Traehtoribus
940 1918 1001 1960 vel
1028 1921 1144 1961 etiam
1165 1934 1187 1960 a
1212 1919 1371 1959 librariis
1402 1920 1531 1973 potius
1561 1933 1678 1973 quarn
1706 1919 1753 1960 ab
1792 1920 1882 1975 ipfis

126 1978 396 2034 interpretibus
416 1975 591 2032 profesta
611 1975 688 2025 est,
718 1974 813 2015 teste
833 1974 1081 2029 Hieronymo
1111 1974 1162 2016 de
1186 1974 1368 2028 Scriptor.
1399 1974 1607 2015 Ecc-lefiast.
1637 2002 1663 2026 ‚,
1685 1975 1879 2017 Fortuna-

125 2066 154 2088 „
183 2035 332 2085 tianus,
362 2033 512 2088 inquit,
543 2030 702 2072 natione
722 2029 842 2080 Afer,
870 2030 1127 2085 Aquilejenfis
1150 2029 1383 2083 Episcopus,
1415 2030 1629 2084 imperante
1652 2029 1880 2071 Constanti-

125 2121 154 2143 „
184 2103 259 2140 no,
285 2089 327 2129 in
348 2087 561 2144 Evangelia
581 2086 700 2128 titulis
727 2085 916 2126 ordinatis
945 2085 1052 2127 brevi
1075 2088 1115 2126 δι
1144 2085 1283 2126 rustico
1304 2085 1480 2127 sermone
1499 2084 1644 2141 scripfit
1665 2085 1881 2128 Commen-

126 2176 155 2198 „
183 2145 344 2188 tarios”.
374 2144 437 2184 En
454 2157 548 2184 vero
567 2141 742 2182 Indicem
764 2141 973 2195 Capitum:

219 2197 706 2253 MatthaeusCapitula73.
737 2207 802 2248 74.
834 2199 900 2248 76.
932 2197 998 2238 80.
1031 2195 1499 2251 81.82.88.117.versus
1515 2208 1638 2248 2700.

214 2255 374 2297 Marcus
504 2292 508 2295 .
635 2265 705 2304 45.
734 2255 803 2303 46.
830 2263 898 2303 47.
1324 2257 1327 2258 ’
1515 2265 1638 2304 1700.

219 2310 345 2351 Lucas
636 2312 703 2348 62.
735 2320 798 2360 73.
829 2311 894 2359 76.
924 2318 990 2360 79.
1512 2308 1638 2361 3800.

211 2365 388 2421 Joannes
638 2375 658 2418 3
671 2376 704 2413 5.
735 2365 800 2416 36.
926 2365 928 2367 ’
1510 2375 1528 2403 1
1540 2364 1634 2403 800.

210 2421 335 2462 fustus
640 2432 706 2472 70.
1509 2430 1530 2472 3
1539 2421 1637 2459 600.

218 2476 270 2517 ad
281 2477 487 2517 Romanos
638 2487 704 2527 30.
736 2475 801 2526 36.
835 2485 898 2523 50.
932 2484 996 2523 51.
1533 2486 1587 2523 91
1601 2486 1634 2514 ι.

177 2532 209 2573 1.
219 2531 269 2572 ad
281 2531 515 2572 Corinthios
638 2543 657 2569 2
669 2542 703 2579 5.
735 2542 757 2569 2
767 2529 802 2569 8.
834 2540 901 2580 72.
931 2540 996 2582 73.
1536 2528 1741 2578 870.980..
1753 2541 1872 2569 1000.

120 2614 124 2617 -
154 2587 203 2629 11.
214 2586 265 2628 ad
277 2586 512 2628 Corinthios
642 2597 709 2625 20.
741 2597 760 2624 2
771 2585 807 2626 8.
1531 2595 1586 2637 39
1596 2596 1627 2624 1.
1643 2596 1738 2633 590.

217 2640 439 2683 adGalatas
639 2653 705 2680 12.
735 2652 801 2692 37.
1542 2651 1745 2692 29²·293·

216 2695 468 2750 adEphefios
640 2709 704 2749 31.
1540 2705 1745 2747 213.343.
1850 2728 1853 2736 ,,

217 2751 270 2794 ad
280 2751 547 2806 Philippenses
668 2753 712 2790 6.
767 2749 803 2791 8.
837 2761 900 2800 19.
1535 2761 1556 2788 2
1569 2760 1629 2796 50.
1645 2762 1663 2800 3
1677 2762 1691 2788 1
1701 2753 1738 2790 6.
1781 2760 1827 2802 31
1839 2748 1876 2788 8.

219 2807 272 2849 ad
283 2805 527 2849 Coloffenses
672 2817 708 2856 5.
742 2818 802 2845 10.
835 2817 900 2855 29.
935 2815 956 2858 3
967 2817 1001 2846 1.
1087 2819 1089 2822 ·
1537 2815 1557 2841 2
1570 2815 1585 2842 1
1596 2816 1631 2854 3.
1645 2805 1737 2849 296.

178 2861 631 2904 1.adTheffi110nicenses
645 2874 661 2900 1
671 2873 707 2900 0.
741 2873 761 2900 2
773 2873 808 2910 5.
1118 2865 1120 2867 '
1529 2869 1621 2910 193.
1637 2872 1656 2898 2
1668 2871 1729 2911 13.

153 2917 267 2959 ILad
274 2916 631 2959 Thessalonicenses
671 2918 706 2955 6.
764 2928 805 2965 9.
1534 2924 1550 2952 1
1560 2926 1627 2961 09.

218 2973 271 3013 ad
281 2973 484 3014 Hebraeos
520 3020 522 3024 ‚
644 2983 660 3010 1
673 2971 709 3009 8.
740 2981 807 3022 23.
839 2982 904 3024 39.
1527 2979 1625 3020 700.

181 3026 212 3068 I.
221 3027 272 3068 ad
282 3028 539 3068 Timotheum
667 3028 705 3065 6.
741 3037 760 3065 1
769 3038 804 3065 2.
837 3039 856 3065 2
862 3039 901 3075 9.
933 3038 998 3078 30.
1533 3035 1554 3062 2
1564 3036 1628 3075 30.

161 3082 214 3126 11.
224 3083 276 3124 ad
284 3081 541 3123 Timotheum
675 3093 710 3132 5.
729 3118 732 3120 .
769 3090 806 3130 7.
840 3093 859 3119 2
871 3092 906 3131 5.
1522 3089 1539 3116 1
1553 3091 1614 3130 55.
1657 3091 1672 3118 1
1682 3090 1747 3127 72.
1783 3091 1801 3120 2
1812 3092 1830 3134 3
1840 3093 1873 3119 0.

142 3167 144 3169 -
217 3138 417 3180 adTitum
506 3173 509 3175 .
669 3148 705 3189 3.
760 3137 798 3174 6.
834 3147 898 3176 10.
1565 3137 1632 3184 69.
1669 3148 1737 3184 99.

217 3193 269 3234 ad
279 3193 547 3235 Philemonem
672 3204 708 3231 2.
763 3200 803 3240 4.
1564 3201 1629 3242 34.
1687 3201 1757 3240 45.
1842 3228 1844 3231 ,

213 3248 354 3303 Jacobi
671 3257 711 3297 4.
744 3257 807 3285 11.
841 3257 908 3286 20.
926 3284 935 3287 ,
1713 3244 1743 3284 Ι.
1773 3244 1877 3286 Petri
