1976 3519
427 189 1417 237 PROLEGOMENA;
1751 207 1801 254 5¹⁷7

73 278 182 324 theca
201 281 465 322 Daventrienfi
481 305 494 329 ‚
523 280 637 321 Isaaci
660 278 895 334 Argyropuli
916 282 958 319 &
988 280 1039 320 D.
1058 279 1251 322 Matthaei
1279 282 1516 323 Graecorum
1547 282 1731 326 Canones
1760 286 1802 325 Sc

73 336 290 390 menologia
311 336 373 376 sua
393 350 508 377 manu
527 335 674 377 Graece
701 333 920 387 descripsit,
949 334 990 373 in
1010 334 1190 376 Latinum
1209 337 1343 386 vertit,
1374 352 1418 377 ac
1438 351 1549 379 notas
1576 340 1725 394 adjecit.
1754 341 1801 381 In

72 392 266 443 vestibulo,
286 390 481 445 cujusdam
513 389 674 430 Codicis
702 389 880 443 scriptum
899 389 954 429 est
975 415 1001 439 ‚3
1030 389 1120 430 Fuit
1148 390 1355 444 aliquando
1388 392 1428 431 in
1458 393 1681 446 posl‘eslione
1710 395 1801 436 Μετ-

70 476 97 498 ,,
125 447 228 501 gistri
251 446 388 500 Jacobi
414 445 549 493 Fabri,
578 444 650 485 viri
678 455 756 484 tam
788 444 936 484 Graece
965 457 1080 497 quam
1099 445 1235 485 Latine
1253 445 1500 500 undiquaque
1528 448 1655 499 doffi,
1686 454 1726 490 &
1743 451 1802 490 in-

71 528 98 549 „
128 502 269 541 teranei
293 498 574 540 Daventrienfis
603 498 754 539 steteris
782 497 966 538 secundae
997 498 1154 549 Classis,
1186 501 1226 540 in
1255 498 1394 540 scholis
1419 500 1530 542 laude
1550 503 1757 556 dignissimi
1768 506 1801 546 '’.

70 556 214 609 Adhuc
238 567 317 596 erat
339 555 378 594 in
403 554 498 594 vivis
527 555 593 594 ΑΟ.
627 567 746 604 ¹515-
775 553 956 607 Denique
983 552 1032 605 J.
1061 553 1105 593 C.
1135 553 1296 606 Wlfius
1314 578 1327 604 ·,
1355 568 1402 595 ex
1432 555 1536 609 cujus
1564 558 1803 601 Bibliotheca

69 611 173 651 hunc
185 609 373 650 Codicem
395 609 490 648 mihi
511 610 752 662 comparavi,
770 608 809 647 in
830 608 952 661 prima
970 607 1110 661 pagina
1129 609 1351 650 adnotavit:
1380 636 1406 656 „
1429 610 1609 652 Posfideo
1631 613 1802 655 Genesin

68 670 109 706 &
143 664 322 706 Exodum
352 663 543 704 Hebraice
574 664 614 703 in
636 675 772 717 quarto
793 663 879 703 MS.
906 663 946 702 in
968 663 1075 717 cujus
1096 663 1226 705 limine
1247 667 1286 703 &
1307 664 1409 705 calce
1427 664 1522 716 Jac.
1543 664 1665 707 Fabri
1690 667 1803 722 hujus

68 751 94 771 „
125 733 267 760 nomen
294 730 512 771 comparet,
541 718 669 772 ibique
694 716 1007 769 ‘Daventrt‘enſss
1037 731 1214 770 vocatur,
1242 719 1336 760 liber
1363 731 1489 760 autem
1521 721 1568 760 ab
1589 736 1638 762 eo
1658 722 1804 778 legatus

67 802 96 826 „
125 774 261 815 dicitur
283 773 476 814 Fratribus
495 775 639 813 montis
659 774 835 828 Agnetae
853 775 887 813 '’.
929 821 931 825 ι

69 878 72 881 Δ
117 841 185 878 9¹·
214 827 354 869 Codex
381 828 676 882 Evangeliorum
707 828 800 867 olim
829 826 1047 869 Cardinalis
1081 828 1301 878 ‘Perronii3
1331 828 1567 884 pertinebat,
1598 838 1803 888 antequam

63 884 104 924 in
127 897 260 924 manus
277 883 358 936 ejus
375 882 602 933 devenerat,
629 882 679 922 ad
700 883 738 923 S.
751 882 911 923 Taurini
932 883 1201 924 monasterium
1225 884 1474 929 Ebroicense‚
1496 887 1667 940 optimae
1686 898 1805 930 notae

66 942 106 993 ὃς
128 939 210 993 plus
232 952 347 992 quam
365 939 676 993 offingentorum
694 951 906 983 annorum,
932 937 1063 990 judice
1099 938 1294 980 Bernardo
1323 940 1648 994 Montfauconio‚
1679 958 1702 984 a
1723 959 1803 999 quo

65 993 230 1035 diversas
248 993 328 1047 ejus
347 993 552 1034 Leeltiones
571 991 753 1046 accepisse
771 992 807 1033 se
828 992 975 1040 Millius
992 992 1141 1034 fatetur.

120 1063 188 1099 92.
218 1048 357 1089 Codex
375 1049 684 1088 membranaceus
701 1060 748 1088 ex
769 1047 921 1088 musaeo
946 1047 1130 1088 Andreae
1152 1046 1332 1103 Faeschii
1356 1050 1385 1090 I.
1414 1050 1466 1090 V.
1495 1051 1569 1103 C.‚
1599 1053 1802 1108 Reipublis-

65 1118 132 1144 cae
163 1100 373 1144 Bafilienfis
403 1103 450 1144 ab
484 1103 662 1158 Epistolis
682 1133 693 1151 ,
724 1113 826 1143 nunc
868 1103 1088 1143 Comitatus
1128 1103 1446 1160 Varnspergcnsis
1481 1106 1669 1148 Praefeffi
1688 1138 1700 1158 ‚
1736 1109 1804 1164 qui

65 1154 167 1200 hunc
188 1163 225 1198 δε
246 1159 385 1212 inultos
403 1158 497 1199 alios
516 1172 603 1199 cum
626 1158 740 1198 MSS.-
759 1169 853 1205 ,tum
874 1158 976 1212 typis
998 1158 1125 1199 editos
1146 1172 1249 1199 raros
1269 1160 1465 1207 Codices,
1495 1176 1566 1215 pro
1593 1164 1729 1204 veteris
1761 1179 1803 1204 ao

65 1214 229 1254 micitiae
244 1213 349 1267 jure,
380 1227 528 1254 mecum
547 1211 785 1254 libentissime
814 1213 1136 1262 communicavit;
1165 1215 1341 1256 continet
1364 1215 1546 1256 Marcum
1574 1222 1611 1258 ὃ(
1643 1218 1683 1257 in
1715 1232 1803 1263 eum

68 1268 242 1310 Viei‘oris
261 1268 499 1309 Antiocheni
527 1268 840 1309 Commentarios
861 1267 961 1308 foliis
987 1282 1020 1318 5.
1041 1269 1206 1310 mutilos.
1259 1270 1357 1310 Item
1380 1270 1533 1311 Scholia
1554 1273 1594 1312 in
1618 1270 1805 1326 Epistola&

65 1322 288 1364 'Catholicas
308 1318 412 1377 (non
430 1324 622 1371 vietoris,
652 1322 760 1377 quod
780 1322 1007 1364 existimavit
1029 1324 1080 1365 G.
1103 1324 1260 1365 caveus
1283 1326 1321 1365 in
1343 1326 1443 1366 Hist.
1465 1327 1538 1367 Lit.
1558 1341 1724 1382 eumque
1750 1328 1804 1369 se-

64 1391 170 1421 cutus
185 1378 221 1434 J.
253 1379 301 1420 A.
322 1378 514 1420 Fabricius
545 1378 728 1420 Biblioth.
760 1379 829 1419 Gr.
861 1377 950 1419 Vol.
979 1390 1014 1431 7.
1045 1392 1081 1432 p.
1114 1383 1207 1430 769.
1237 1380 1419 1434 deceptus
1440 1381 1550 1421 titulo
1572 1383 1800 1436 praecedew

65 1435 113 1475 tis
138 1433 244 1486 libri)
272 1433 338 1474 sed
364 1434 570 1477 Variorum
599 1434 666 1474 illo
696 1432 970 1487 posteriorum,
1001 1433 1149 1484 Severi,
1179 1436 1401 1481 Ammonii,
1434 1437 1598 1477 Maximi
1619 1441 1692 1478 &c.

117 1502 185 1542 93.
214 1487 355 1536 Codex
389 1489 559 1539 Gravii,
587 1500 751 1543 quatuor
784 1488 1091 1542 Evangeliorum.
1125 1491 1204 1529 Aut
1234 1491 1288 1530 est
1307 1484 1409 1531 idem
1432 1491 1574 1532 Codex
1601 1504 1717 1548 atque
1738 1497 1804 1548 63.

66 1555 129 1585 aut
147 1545 182 1585 ei
201 1543 420 1585 simillimus.
448 1545 602 1585 Citatur
622 1543 669 1584 ab
693 1543 731 1597 J.
753 1541 889 1584 Voffio
915 1542 966 1583 ad
987 1544 1078 1584 Luc.
1102 1544 1172 1585 ΙΙΙ.
1202 1544 1252 1588 de
1275 1545 1514 1600 Genealogia
1536 1547 1693 1590 Christi.
1774 1596 1778 1601 ,

119 1611 186 1650 94.
216 1599 358 1640 Codex
386 1597 917 1649 Faesbhianus«chartaceus,
945 1599 1149 1640 continens
1184 1601 1379 1640 Vmorem
1410 1602 1450 1641 in
1485 1602 1630 1657 Evang.
1654 1603 1804 1656 Marci,

63 1654 105 1695 in
146 1655 399 1708 Evangelium
426 1669 519 1696 vero
548 1654 673 1695 Lucae
707 1654 793 1693 Titi
822 1653 1033 1695 Bostrenfis
1054 1685 1066 1703 ,
1106 1668 1177 1695 nec
1207 1669 1287 1695 non
1321 1656 1590 1710 Chrysostomi
1610 1689 1622 1707 ,
1651 1658 1803 1709 Severi,

63 1705 354 1804 'ghsepghylaffi
372 1739 385 1760 ‚
425 1708 662 1763 aliorumque
692 1707 857 1748 Scholia.
894 1708 993 1749 Item
1022 1708 1200 1763 Dionysii
1228 1710 1479 1751 Alexandrini
1510 1712 1721 1765 Epistolam
1751 1713 1802 1754 ad

102 1779 122 1804 a
140 1779 179 1804 11
208 1778 281 1805 em.
1019 1787 1021 1790 ·

121 1832 189 1870 95.
219 1817 361 1860 Codex
383 1819 566 1860 [Vheeler.
599 1833 635 1859 2.
663 1818 971 1860 membranaceus
990 1819 1030 1859 in
1052 1820 1207 1873 Qiarto
1227 1828 1313 1861 cum
1345 1818 1529 1871 Scholiis,
1558 1822 1732 1864 continet
1753 1816 1805 1864 E-

65 1874 328 1930 vangeliorum
352 1885 523 1928 partem,
552 1886 692 1927 nempe
720 1874 848 1914 Lucae
878 1875 1009 1914 omnia
1035 1875 1082 1915 ab
1103 1876 1216 1915 initio
1239 1876 1425 1916 orationis
1449 1877 1679 1919 Dominicae
1700 1879 1802 1933 Cap.

64 1928 138 1970 XI.
168 1944 203 1970 2.
233 1927 283 1969 ad
302 1928 437 1979 finem,
466 1932 506 1968 δε
520 1928 713 1984 Joannem
727 1928 895 1981 exceptis
915 1927 1064 1969 duobus
1086 1941 1150 1969 aut
1170 1930 1286 1970 tribus
1308 1929 1409 1970 foliis
1438 1931 1638 1985 integrum.

120 1988 188 2033 96.
217 1983 355 2025 Codex
383 1984 583 2038 Evangelii
610 1983 646 2023 S.
670 1983 835 2036 joannis
862 1983 902 2022 in
924 1983 1171 2031 Duodecimo
1199 1983 1357 2038 scriptus
1389 1984 1661 2039 elegantissima
1688 1999 1805 2030 manu

65 2037 137 2092 Jo.
159 2037 201 2079 T
195 2038 371 2091 rithemii
388 2039 546 2080 Abbatis
565 2036 892 2092 Spanhemiensis,
922 2037 1048 2078 seculo
1072 2038 1164 2080 XV.
1192 2051 1373 2080 exeunte:
1405 2040 1665 2083 Bibliothecae
1689 2043 1802 2084 Bodl.

65 2094 174 2135 dono
208 2093 317 2135 dedit
338 2094 447 2135 Geor
475 2095 531 2136 ius
554 2093 757 2134 Hackwell
770 2120 782 2139 ‚
813 2093 879 2146 qui
900 2095 940 2132 ὃς
960 2092 1038 2147 ipse
1059 2093 1151 2134 illud
1171 2106 1367 2147 acceperat
1386 2095 1434 2135 ab
1457 2096 1679 2137 Abrahamo
1701 2098 1806 2139 Scul-

65 2160 146 2190 teto
165 2149 375 2204 Theologo
396 2149 427 2190 P
465 2150 570 2189 atino
584 2148 673 2203 Jan.
697 2152 761 2195 26.
796 2152 914 2200 1607.
944 2148 1148 2191 Variantes
1165 2150 1246 2203 ejus
1264 2150 1468 2191 Leffiones
1492 2151 1662 2193 Usserius
1679 2153 1719 2192 in
1731 2154 1804 2194 Po·

65 2204 235 2260 lyglottis
254 2204 423 2245 edendas
445 2205 597 2252 curavit.
827 2244 828 2247 ,
926 2248 931 2254 ,
967 2246 972 2251 ,

118 2272 187 2311 97.
212 2290 237 2310 ‚,
253 2259 394 2300 Codex
417 2257 707 2312 Hirsaugienfi's
726 2258 899 2299 continet
918 2254 1170 2314 Evangelium
1192 2258 1398 2300 secundum
1417 2257 1662 2315 Johannem,
1690 2262 1804 2318 scrip-

65 2345 93 2366 „
123 2325 282 2369 tumque
314 2314 350 2355 se
372 2314 508 2356 fatetur
535 2328 602 2369 per
624 2310 838 2353 Nicolaum
867 2313 1140 2369 (cognomine,
1170 2327 1212 2355 ut
1239 2316 1423 2365 arbitror,
1454 2315 1692 2370 Basbllium)
1722 2332 1806 2359 mo·-

63 2400 90 2420 ‚,
119 2370 285 2411 nachum
316 2369 646 2424 Hirsaugiensem·
676 2369 859 2410 convenit
897 2381 1022 2409 autem
1066 2369 1299 2425 singulariter
1328 2385 1416 2411 curn
1444 2371 1549 2411 Cod.
1596 2371 1725 2413 Trtth.
1757 2373 1803 2426 (i.

65 2455 93 2476 „
120 2439 152 2465 e.
179 2424 270 2476 96.)
300 2422 402 2479 apud
425 2425 604 2466 Millium.
634 2424 744 2464 Illum
767 2424 936 2477 impertiit
956 2424 1066 2464 nobis
1085 2426 1142 2465 vir
1164 2425 1327 2481 inclytus
1353 2426 1404 2466 Z.
1426 2426 1469 2465 C.
1496 2426 1544 2466 ab
1569 2427 1801 2479 Uffenbach.

64 2510 91 2531 ‚,
109 2480 289 2574 lScriptus
318 2481 373 2521 est
399 2482 467 2522 ΑΟ.
502 2482 654 2533 1500’'.
683 2480 740 2520 Ita
761 2478 958 2530 codicem,
987 2480 1054 2534 qui
1073 2494 1122 2521 eo
1143 2479 1227 2521 usus
1245 2480 1323 2532 est,
1354 2480 1533 2523 describit
1555 2482 1594 2536 J.
1622 2484 1672 2524 A.
1702 2482 1803 2523 Bene·

91 2549 109 2574 e
124 2549 197 2575 tus.

42 2548 89 2610 'g
119 2592 186 2641 98.
216 2590 288 2631 Fra
320 2602 490 2632 mentum
523 2589 772 2645 Tubingense.
808 2616 818 2632 .
849 2622 859 2632 .
891 2617 900 2631 ι
927 2622 938 2633 .
966 2617 976 2631 .
1110 2638 1113 2639 ⁷
1212 2638 1217 2644 ν

120 2659 186 2695 99.
215 2606 356 2687 Codex
389 2647 684 2702 Evangeliorum
713 2645 931 2700 Rutgerfii,
962 2661 1042 2701 quo
1068 2646 1153 2688 usus
1171 2647 1226 2688 est
1255 2647 1295 2688 in
1315 2643 1661 2690 Exercitationibus
1692 2645 1803 2690 sacris

66 2697 227 2741 Daniel
245 2701 452 2754 Heinsius,
482 2702 547 2756 qui
567 2715 653 2742 eum
676 2701 975 2755 antiquissimum
994 2714 1118 2743 vocat.

125 2768 213 2796 100.
244 2757 384 2797 Codex
417 2756 544 2797 Pauli
570 2756 842 2797 Eubeswaldii
864 2758 1043 2804 Baroni53
1076 2757 1213 2798 Codex
1234 2769 1341 2799 vetus
1362 2765 1525 2812 quatuor
1545 2760 1804 2813 Evangelisla-

69 2822 171 2860 rum,
199 2825 278 2866 quo
307 2812 344 2852 se
376 2812 469 2852 olim
498 2812 538 2852 in
569 2812 770 2866 Hungaria
790 2811 897 2852 usum
918 2811 1024 2853 fuisse
1043 2824 1168 2853 narrat
1184 2812 1232 2865 J.
1262 2814 1305 2854 C.
1335 2813 1617 2868 Wagenst’ilius
1644 2815 1685 2854 in
1709 2815 1803 2858 Sota

70 2876 108 2916 p.
140 2878 223 2918 33.‚
252 2866 365 2907 allato
384 2868 499 2908 unico
517 2867 606 2906 loco
624 2866 687 2921 J0.
716 2865 827 2907 VIII.
858 2871 896 2907 6.
1655 2915 1657 2917 Γ

133 2931 218 2962 101.
248 2952 273 2972 ,‚
303 2922 444 2962 Codex
473 2920 809 2974 Uffenbachianus
858 2936 892 2976 3.
922 2921 1037 2962 habet
1067 2922 1320 2978 Evangelium
1346 2922 1524 2975 Jahanis
1545 2949 1557 2968 ‚
1595 2921 1661 2964 sed
1690 2923 1803 2977 plane

70 3003 96 3023 ‚‚
128 2986 275 3026 recens,
304 2980 343 3016 &
362 2991 449 3017 curn
468 2977 705 3018 editionibus
725 2977 854 3030 priscis
875 2977 1144 3020 Bafileenfibus
1160 2979 1212 3018 ita
1236 2981 1435 3032 congruit,
1464 2990 1506 3019 ut
1525 2992 1571 3022 ex
1590 2992 1717 3020 earum
1739 2978 1802 3018 ali-

69 3057 109 3135 }
126 3041 201 3123 qi?
229 3029 434 3127 ‹gscripltus
463 3032 665 3075 existimari
682 3031 836 3084 debeat,
857 3044 1091 3087 quapropter
1108 3034 1172 3077 vix
1190 3047 1361 3088 unquam
1381 3034 1539 3076 citavi’'.
1577 3034 1703 3077 Verba
1717 3032 1804 3073 sunt:

110 3111 120 3122 .
195 3115 202 3124 .
272 3099 360 3140 enge
380 3101 423 3129 u.
999 3135 1003 3137 ,

990 3142 1037 3182 H
1710 3152 1801 3180 102.
