1976 3519
409 203 1451 252 PVROLEGOMENAJ
1730 225 1809 263 129

82 292 109 338 ᾖ,
137 292 257 346 magis
276 305 389 346 quam
410 291 639 333 orthodoxis
660 290 850 340 faverent3
881 291 1088 345 aliquando
1105 294 1219 333 etiam
1240 293 1290 334 de
1320 295 1560 349 scriptoribus
1588 299 1697 339 {acris
1726 313 1807 340 non

83 377 108 397 ‚,
137 348 221 388 satis
239 347 473 388 considerate
493 345 691 398 scripsisse‚
721 346 828 399 quod
851 346 979 399 postea
1002 348 1063 386 vix
1091 348 1263 388 excusare
1295 362 1469 402 poterat,
1500 352 1547 398 dy·
1568 356 1649 394 alia
1672 354 1804 406 hujus.

79 433 106 452 ‚‚
135 402 257 452 modi,
287 416 366 442 non
387 400 578 455 possumus
596 400 776 454 probare,
807 402 900 454 quin
920 402 1035 441 etiam
1054 401 1234 443 d05lores
1254 404 1447 445 reformati
1468 421 1624 454 omnes,
1642 411 1707 464 qui
1725 425 1807 450 cae-

80 486 106 506 „
135 458 412 511 teroquin'ejtis
434 455 601 495 laborem
622 456 796 507 maximis
815 456 987 496 laudibus
1007 457 1190 507 efferunt,
1221 458 1342 511 ipsum
1371 461 1410 499 in
1429 461 1488 501 his
1511 463 1752 508 deseruerunt
1769 469 1805 507 ’'-

73 513 212 566 Judica
245 526 345 552 nunc
364 538 375 556 ‚
406 511 542 550 Lector
560 535 571 554 ‚
600 521 682 549 uter
703 510 933 550 atrocius&
963 511 1163 565 malignius
1186 513 1384 554 Erasmum
1417 517 1688 573 accusetsego
1717 523 1804 576 qui,

79 569 120 607 in
157 581 272 621 opere
309 566 457 606 Critico
486 590 498 609 ,
529 563 609 615 ejus
638 578 782 604 errores
820 565 967 618 aliquot
1010 567 1292 608 Grammaticos
1322 570 1454 610 notavi
1485 598 1496 617 ‚
1535 586 1632 626 quos
1660 584 1806 618 errores

77 621 152 665 esse
183 635 296 662 nemo
323 631 455 674 negat:
485 632 533 658 an
555 619 704 659 Censor
720 633 825 659 meus
843 621 929 672 qui,
961 619 987 659 fi
1010 621 1153 674 placet,
1184 623 1330 663 Erasmi
1362 624 1663 669 vindicationem
1691 630 1805 685 scrip-

78 677 146 727 sit,
163 676 264 716 simul
283 687 428 720 autem,
443 676 481 712 ὃς
503 673 658 726 quidem
679 673 872 728 falso‚ips1
893 675 1332 731 erroresTheologicos‚
1350 680 1417 732 qui
1428 680 1592 723 haeresin
1605 710 1617 727 ‚
1640 684 1716 725 hoc
1727 688 1803 737 est,

79 732 219 771 crimen
241 729 414 769 omnium
435 727 760 769 invidiosissimum
777 728 946 783 sapiunt,
975 731 1161 785 impegit?
1191 736 1271 773 Aut
1290 733 1468 786 judicent·
1484 744 1555 789 pro
1574 738 1684 779 nobis
1695 741 1804 782 Eras-

76 787 131 826 mi
151 784 348 834 haeredes,
377 783 443 837 qui
463 781 659 823 certiffime
679 784 759 837 ejus
779 783 930 825 fuerunt
955 786 1032 825 veri
1051 786 1170 826 amici.
1201 788 1306 827 Cum
1317 787 1476 840 critici,
1497 791 1569 831 illis
1590 794 1804 837 viventibus

75 844 115 880 &
133 838 548 893 superstitibus‚eadem
566 837 752 888 facerent,
765 853 862 893 quae
880 854 955 893 ego
976 839 1096 888 facim
1109 855 1195 881 cum
1214 843 1251 883 S.
1273 843 1503 894 Colinaeusf.
1528 847 1628 889 &R.
1642 849 1804 904 Stepha-

76 909 146 935 nus
167 895 213 934 ab
231 894 402 934 editione
424 893 479 933 N.
500 893 550 933 T.
569 893 750 933 Erasmici
770 893 901 947 passim
922 895 1140 936 recederent
1152 918 1163 944 3
1185 911 1271 937 cum
1292 898 1355 938 alii
1371 899 1452 952 ejus
1469 901 1802 955 interpretationes

75 964 212 1003 magna
230 962 317 989 cum
336 948 505 988 libertate
523 948 719 1001 rejicerent
733 979 743 997 ,
769 962 968 1003 nunquam
987 950 1232 992 crediderunt
1250 952 1431 995 haeredes
1449 956 1595 997 Erasmi
1606 989 1618 1008 ‚
1650 959 1727 1001 hoc
1747 961 1802 1002 fa..

74 1005 139 1045 &o
157 1004 332 1058 injuriam
351 1002 536 1043 defun&o
556 1003 696 1043 illatam
718 1003 844 1044 fuiss‘e:
874 1015 912 1044 at
932 1018 1019 1044 cum
1040 1007 1105 1047 ΑΟ.
1140 1019 1258 1057 1557.
1289 1008 1339 1048 G.
1369 1007 1536 1052 Farellus
1565 1016 1604 1052 &
1624 1012 1674 1055 T,
1697 1016 1801 1057 Beza

72 1059 331 1100 Wormatiam
351 1058 503 1111 petituri
523 1057 703 1098 Basileam
732 1058 951 1108 transirent,
981 1063 1020 1099 ὃ(
1040 1074 1084 1100 ea
1107 1061 1266 1102 Erasmo
1287 1063 1518 1116 objicerent,
1549 1080 1647 1120 quae
1666 1070 1802 1111 Theo-

72 1114 151 1169 logi
171 1113 380 1154 orthodoxi
406 1112 546 1158 solent,
577 1113 707 1153 nostro
737 1113 908 1153 Censore
932 1115 1171 1167 approbante
1201 1144 1213 1163 ,
1242 1118 1456 1172 graviffime
1483 1124 1523 1160 &
1547 1122 1687 1177 scripto
1715 1125 1801 1168 sunt

72 1170 277 1224 conquesti.
309 1167 520 1208 Historiam
537 1181 583 1208 ex
604 1166 751 1208 schedis
773 1168 1033 1210 Bibliothecae
1052 1168 1313 1222 Faescloianae
1329 1173 1513 1215 exhibeo:

126 1255 154 1274 „
183 1222 378 1272 Farellus‚
408 1224 594 1272 Unusne‚
622 1225 775 1277 inquit,
808 1223 982 1265 Erasmus
1002 1224 1276 1268 condemnabit
1296 1227 1527 1276 Lutherum‚
1550 1232 1798 1289 Zwffiglium,

68 1309 95 1329 ‚,
125 1279 353 1328 Calvinum,
382 1277 726 1330 Oecolampadium
747 1305 758 1324 ‚
788 1280 853 1332 qui
885 1278 956 1321 fuit
985 1281 1158 1320 omnium
1191 1282 1408 1322 mortalium
1436 1283 1660 1328 deterrimus
1684 1321 1695 1339 ,
1725 1292 1796 1331 im-

68 1360 95 1385 „
122 1332 378 1388 probissimus,
408 1331 672 1386 nequissimus,
703 1333 1017 1385 sceleratissimus,
1046 1335 1312 1377 scelestiffimus
1330 1368 1342 1388 ,
1372 1339 1639 1391 perditiffimus
1658 1358 1702 1384 ac
1728 1346 1799 1387 im-

69 1419 95 1439 „
125 1388 335 1442 purissimus
355 1388 518 1427 nebulo?
550 1386 623 1428 Th.
643 1388 782 1438 Rem,
815 1390 1016 1440 Arrianus,
1044 1391 1191 1444 inquit,
1223 1395 1262 1431 &
1293 1392 1359 1446 qui
1384 1408 1539 1435 omnem
1571 1397 1660 1438 fidei
1682 1397 1798 1454 Justi-
1826 1413 1827 1417 ¹

68 1470 95 1494 „
123 1444 340 1484 ficationem
360 1442 436 1482 fine
456 1443 646 1495 Scriptura
667 1444 842 1497 negavit,
872 1444 979 1498 quod
1011 1458 1160 1498 paratus
1180 1446 1260 1487 sum
1279 1461 1408 1488 coram
1427 1451 1604 1493 omnibus
1622 1454 1799 1498 Eccleliis

68 1524 96 1549 „
125 1502 163 1538 &
185 1498 467 1552 Magistratibus
484 1498 609 1538 testari
627 1510 740 1552 atque
760 1499 885 1551 palam
906 1498 1039 1540 facere.
1217 1532 1219 1534 v

123 1581 150 1603 ,‚
180 1554 434 1594 Intelleximus
454 1552 557 1593 haud
577 1553 628 1592 ita
647 1553 792 1594 dudum
806 1584 817 1602 ‚
847 1552 998 1594 Farelle
1017 1559 1056 1595 ὃς
1075 1555 1214 1606 Beza,
1237 1556 1300 1598 die
1316 1558 1499 1613 vigefimo
1520 1562 1610 1616 sept.
1632 1567 1797 1618 proximi

65 1639 92 1661 „
122 1608 328 1661 Septembr.
350 1608 412 1647 hic
439 1608 478 1648 in
498 1608 651 1661 publico
682 1608 876 1662 Sylvestris
897 1608 1065 1651 hominis
1096 1611 1326 1663 diversorio,
1355 1626 1442 1655 ante
1472 1618 1695 1671 prandium,
1726 1637 1797 1663 vos

68 1694 95 1715 ‚,
124 1664 250 1703 multis
269 1662 506 1703 audientibus
525 1663 563 1702 in
585 1663 648 1703 D.
663 1663 874 1702 Erasmum
894 1665 1195 1706 Roterodamum
1216 1667 1471 1710 debacchatos
1494 1686 1502 1710 :
1533 1673 1582 1713 Et
1600 1689 1621 1714 a
1642 1675 1704 1717 Te
1726 1691 1796 1717 no-

70 1746 96 1769 „
126 1718 318 1764 minafim,
348 1716 521 1767 Farelle‚
551 1717 695 1757 disertis
717 1718 839 1758 verbis
867 1718 1065 1759 Erasmum
1085 1722 1260 1762 omnium
1287 1724 1502 1764 mortalium
1524 1726 1793 1782 deterrimum,

69 1804 95 1824 „
126 1771 459 1827 improbissimum,
482 1771 744 1824 nequissimum
758 1802 769 1821 ‚
798 1772 1108 1814 sceleratissimum
1129 1776 1479 1830 aczimpurissimum
1499 1782 1746 1825 nebulonem:
1774 1802 1795 1827 a

69 1859 96 1878 „
125 1840 162 1868 te
181 1842 273 1869 vero
292 1826 434 1876 Beza,
461 1827 625 1866 eundem
649 1828 853 1867 Attianum
873 1828 1105 1881 appellatum
1128 1829 1244 1871 fuisse.
1273 1831 1320 1871 Id
1341 1832 1367 1872 fi
1391 1832 1548 1885 fecistis,
1579 1838 1683 1892 fique
1713 1840 1796 1880 san-

69 1914 95 1934 „
125 1884 205 1923 &ae
236 1882 439 1922 memoriae
466 1880 637 1921 defunffi
664 1881 978 1922 existimationem
1008 1895 1067 1924 tot
1095 1884 1286 1936 pudendis
1316 1889 1581 1943 atrocibusque
1608 1897 1792 1936 conviciis

69 1967 97 1988 ‚‚
127 1936 298 1977 consulto
315 1936 517 1986 lacerastss,
547 1935 638 1976 Nos
655 1935 848 1989 subscripti
868 1935 1009 1977 factum
1031 1939 1192 1979 vestrum
1216 1940 1433 1994 improbum
1445 1958 1488 1983 ac
1507 1958 1640 1997 puram
1661 1962 1794 1993 putam

68 2023 96 2043 ‚,
124 1993 350 2032 calumniam
379 1991 561 2038 dicimus,
583 2001 623 2030 ut
652 1991 718 2044 qui
737 1991 974 2032 confidamus
994 2024 1006 2043 ‚
1028 1993 1411 2050 persuafiffimumque
1439 1997 1642 2042 habeamus
1663 2034 1675 2053 ‚
1705 2019 1792 2047 eum

68 2073 94 2098 „
121 2047 242 2101 ipsum
255 2047 468 2095 Erasmum,
498 2058 586 2086 vere
604 2060 647 2085 ac
662 2059 733 2099 pro
754 2046 918 2093 metitis,
947 2062 968 2087 a
988 2062 1183 2103 quoquam
1204 2050 1349 2104 probo,
1379 2052 1484 2093 bono
1501 2057 1542 2094 &
1568 2056 1719 2112 integro
1738 2062 1794 2101 vi-

67 2133 92 2151 „
122 2116 165 2142 ro
183 2100 372 2155 ejusmodi
390 2100 586 2140 calumniis
612 2102 871 2155 conviciisque
890 2102 1044 2143 lacessiri
1071 2116 1134 2144 aut
1154 2104 1348 2158 proscindi
1368 2121 1439 2148 nec
1461 2109 1566 2162 posse
1587 2126 1657 2151 nec
1678 2114 1791 2156 debe-

68 2187 94 2207 „
122 2171 170 2198 re.
199 2157 330 2204 Haec,
360 2170 430 2209 pro
448 2156 678 2209 integerrimi
699 2156 768 2195 viri
792 2158 974 2197 memoria
995 2159 1348 2214 existimationeque
1371 2163 1533 2214 tuenda,
1553 2180 1602 2206 ne
1623 2167 1790 2211 diflimu-

69 2241 95 2263 ‚,
123 2212 302 2258 latemus,
322 2210 465 2265 legibus
492 2211 608 2252 etiam
637 2211 808 2253 civilibus
828 2213 1091 2254 admonemur.
1124 2215 1212 2256 Dat.
1234 2214 1406 2268 Bastleae

858 2299 884 2318 ,‚
915 2268 1147 2322 Bonifacius
1167 2271 1476 2324 Ameroachias,
1506 2288 1589 2314 mea
1611 2291 1735 2321 manu.

854 2356 878 2373 ‚‚
911 2323 1172 2377 Hieronymus
1187 2323 1421 2375 Frobenius,
1451 2343 1536 2371 mea
1557 2344 1681 2374 manu.

858 2408 884 2428 „
915 2375 1110 2419 Nicolaus
1132 2380 1369 2435 Episcopius.

111 2433 278 2488 Pergit:
309 2431 493 2480 Profectio
523 2432 569 2473 SI
599 2434 863 2486 ignorantiam
892 2446 1032 2473 vocare
1061 2435 1204 2474 audeat
1235 2436 1432 2487 Criticus,
1464 2441 1627 2491 videat,
1658 2446 1787 2484 mita

65 2490 225 2543 ipsemet
246 2490 422 2528 criminis
443 2487 562 2527 multo
573 2489 780 2541 gravioris
800 2490 975 2528 incurrat
997 2498 1138 2529 notam.
1196 2488 1332 2531 Facile
1349 2496 1451 2533 enim
1466 2495 1583 2550 plura
1593 2497 1675 2537 alia
1687 2499 1787 2552 rjus-

66 2551 147 2583 dem
179 2544 333 2583 Codicis
362 2542 444 2582 loca
459 2542 628 2596 proferri
648 2551 814 2595 queunt,
842 2545 884 2582 in
904 2543 1040 2597 quibus
1060 2544 1219 2584 eandem
1228 2544 1392 2600 stglam,
1421 2551 1464 2589 in
1488 2564 1563 2605 qua
1587 2554 1786 2605 explican-

67 2598 118 2637 da
136 2598 259 2652 semel
282 2597 517 2650 cespitavit‚
547 2596 594 2642 ὁ
626 2610 722 2651 quae
744 2600 777 2637 ei
787 2597 875 2650 sola
895 2598 1012 2652 lory'us
1036 2600 1311 2655 qualiscunque
1330 2606 1469 2643 erroris
1490 2605 1657 2657 canffam
1678 2610 1786 2649 vide-

67 2661 132 2693 tur
148 2652 378 2707 praebmffe,
406 2652 546 2706 absque
564 2651 817 2704 haesttatione
837 2652 918 2692 ulla
939 2653 1129 2707 Erasmus
1150 2655 1348 2706 reHiffl'me
1368 2656 1466 2709 largit
1487 2659 1568 2701 τοῖς.
1623 2663 1786 2704 ‘Deinde

69 2722 159 2748 vero
178 2709 280 2748 idem
300 2710 419 2747 etiam
439 2707 532 2747 aliis
552 2709 594 2748 in
614 2706 707 2747 locis
727 2721 798 2746 non
813 2708 1062 2762 paucioribus
1081 2710 1237 2750 eandem
1258 2711 1477 2752 lateranum
1493 2731 1529 2753 τ,
1577 2728 1671 2771 upra
1693 2734 1782 2759 ver-

57 2763 147 2815 ficm
173 2763 331 2814 pofftam
349 2763 512 2803 ultimae
533 2764 643 2802 vocis
655 2761 830 2815 syllabae
850 2763 1048 2803 initialem
1071 2764 1142 2817 effe
1160 2767 1300 2818 optime
1318 2768 1394 2818 [ψ’
1414 2768 1575 2815 offendit
1594 2774 1786 2827 ἱππίας(-

69 2831 131 2866 re,
149 2816 414 2872 syllabamque
433 2816 576 2856 hancce
590 2816 836 2871 postremam,
860 2827 975 2869 prout
993 2819 1127 2874 ubique
1153 2834 1233 2869 res,
1265 2834 1346 2860 vox
1357 2823 1574 2874 ,fhxztentia
1587 2828 1783 2880 poscebat,

59 2872 165 2924 scite
192 2885 237 2910 ac
256 2872 370 2926 probe
392 2872 580 2926 explicuit
611 2871 658 2915 ὅ)
679 2872 784 2925 legit.
840 2873 971 2914 Plane
991 2883 1098 2914 totus
1115 2874 1180 2914 hic
1200 2874 1316 2929 Bastl.
1346 2878 1633 2934 Theophylaffi
1657 2883 1784 2923 Codex

56 2924 173 2978 siglis
199 2935 314 2982 atque
342 2926 582 2968 breviaturis
591 2929 725 2980 scatet
746 2958 758 2977 ,
790 2926 836 2972 όν
855 2928 1076 2968 charaei‘ere
1096 2932 1244 2970 minuto
1264 2945 1311 2970 ac
1327 2931 1484 2983 difficili
1503 2937 1555 2985 est
1572 2947 1757 2976 exaratus
1768 2959 1782 2984 ,-

70 2993 168 3033 quae
195 2994 254 3019 res
286 2984 441 3021 minime
470 2990 600 3021 tamen
631 2982 902 3036 impedimento
923 2982 1012 3035 ficit
1044 2984 1209 3038 Erasmo
1229 3016 1241 3035 ‚
1283 3001 1354 3041 quo
1388 2990 1516 3028 minus
1534 2989 1785 3043 obsc·1·.ir{47·'ma

69 3047 238 3089 quaeque
266 3034 348 3074 loca
381 3037 479 3077 relic
498 3045 618 3091 atque
641 3037 838 3077 emendate
858 3038 1002 3091 legeret
1022 3053 1068 3078 ac
1088 3040 1327 3094 explanaret.
1384 3043 1540 3083 ‘Decem
1565 3044 1612 3084 id
1629 3055 1687 3085 tot
1704 3050 1784 3095 sen-

69 3092 221 3129 tentiae
249 3088 520 3143 Theophylacii
548 3090 679 3144 paffim
707 3105 754 3131 ex
786 3092 856 3131 hoc
876 3093 1001 3131 eodem
1026 3094 1164 3134 Codice
1183 3095 1231 3134 ab
1250 3096 1415 3146 Erafmo
1430 3099 1658 3151 produciae,
1688 3115 1785 3153 quas

70 3146 138 3200 qui
166 3146 209 3184 in
239 3142 355 3199 hujus
374 3146 671 3187 Commentariis
691 3145 853 3202 legerit,
883 3145 931 3192 ὢν
952 3161 1037 3188 cum
1057 3148 1213 3190 Codicis
1231 3150 1350 3203 Basti.
1361 3182 1373 3202 ‚
1401 3166 1450 3192 ex
1466 3166 1540 3207 quo
1554 3153 1620 3192 ille
1639 3154 1786 3204 hulistr,

919 3202 964 3244 R
1687 3210 1788 3261 sm·-
