1976 3519
126 226 174 266 52
509 206 1517 250 PROLEGOMENA.

185 312 247 349 59.
276 296 418 338 Codex
447 296 617 349 Collegii
651 295 835 336 Gonvilli
864 300 911 340 <sy
941 295 1033 334 Caii
1063 294 1166 349 apud
1199 295 1531 348 Cantabrigienses
1549 295 1857 340 membranaceus

123 355 194 395 IV.
226 352 541 406 Evangeliorum,
573 351 770 405 quondam
800 350 1104 392 Communitatis
1136 349 1292 390 fratrum
1321 352 1520 390 Minorum
1551 351 1750 399 Oxoniae3
1792 369 1858 394 ne-

125 411 312 465 gligenter
331 408 488 460 scriptus
509 407 586 456 est,
617 406 710 446 dum
732 405 921 445 Librarius
939 406 1013 446 sive
1035 407 1167 445 inertia
1190 405 1266 445 five
1286 406 1399 445 etiam
1421 406 1548 459 operis
1569 407 1685 445 nimia
1708 406 1858 448 festina-

124 467 231 505 tione
261 478 340 502 non
363 462 484 502 modo
507 476 626 515 pauca
652 460 808 501 subinde
829 461 963 511 verba,
978 461 1041 501 sed
1066 464 1104 499 &
1124 461 1294 515 integros
1314 460 1416 500 haud
1437 475 1520 501 raro
1540 460 1762 512 versiculos,
1794 464 1865 504 ubi·

127 520 175 559 ab
205 518 344 559 eodem
374 517 490 557 verbo
512 517 720 570 incipiunt,
752 526 816 555 aut
835 515 970 555 iisdem
992 515 1148 556 vocibus
1169 514 1470 565 concluduntur,
1501 516 1638 556 omifit.
1695 516 1866 558 Variam·

127 586 184 615 tes
203 575 284 627 ejus
307 574 508 613 Lectiones
527 573 692 625 primum
714 572 754 610 in
775 570 1006 626 Polyglottis
1027 571 1152 610 editae
1171 570 1264 610 sunt.
1323 568 1418 610 Vidi
1441 574 1504 611 ΑΟ.
1542 575 1659 622 1716.

183 635 236 668 60
277 628 417 668 Codex
451 628 605 680 loannis
633 627 742 667 Mori
774 625 955 679 Episcopi
978 625 1250 673 Norvicenfis,
1282 625 1368 678 post
1385 625 1465 678 ejus
1489 639 1652 667 mortem
1674 625 1862 667 beneficio

130 685 293 739 Georgii
322 684 349 723 Ι.
381 683 503 736 Regis
533 696 619 721 cum
641 681 783 734 reliqua
803 680 1020 734 supellectili
1041 680 1122 733 ejus
1142 680 1288 719 libraria
1311 681 1349 719 in
1373 681 1650 721 Bibliothecam
1672 681 1863 734 publicam

130 737 485 792 Cantabrigiensem
509 737 706 778 transsatus
719 767 729 784 ,
759 736 931 776 continet
951 736 1159 789 Evangelia
1177 747 1354 779 anno‚ut
1374 735 1584 789 expressum
1596 736 1649 776 est
1661 735 1708 776 ad
1721 736 1863 777 calcem

129 795 357 843 voluminis,
382 795 504 840 6805.
534 793 555 831 i.
585 807 617 832 e.
648 790 794 830 Christi
820 804 833 829 1
849 804 941 841 297.
972 791 1164 845 eleganter
1187 789 1383 843 descripta.
1414 791 1653 832 Subneffitur
1675 791 1801 832 eidem
1821 793 1865 832 li-

129 851 196 893 ber
219 847 505 903 Apocalvpseos
533 861 553 886 a
576 860 688 886 manu
710 845 832 885 multo
852 847 1072 886 recentiore.

190 909 254 943 61.
284 904 425 944 Codex
454 901 690 951 Mantfortz'i
711 900 820 940 seculi
842 901 955 941 XVI.
990 901 1163 940 continet
1182 899 1346 940 Novum
1367 899 1658 941 Testamentum
1681 903 1870 942 recentio-

131 960 163 1000 ri
187 964 223 998 &
246 960 370 999 minus
391 956 566 1011 diligenti
588 970 703 995 manu
723 954 953 1009 descriptum
975 957 1014 995 in
1035 956 1195 996 octavo:
1227 954 1298 994 fuit
1318 955 1412 994 olim
1432 955 1573 995 Fratris
1586 957 1735 1010 Froyht
1748 958 1868 997 Fran-

132 1015 291 1063 ciscani,
321 1013 452 1067 postea
479 1011 660 1051 Thomae
689 1010 902 1050 Clementis
921 1041 932 1060 ,
976 1010 1118 1050 deinde
1151 1009 1335 1050 Guiliemi
1355 1011 1498 1050 Cliarci
1520 1025 1564 1050 ac
1584 1010 1737 1052 demum
1755 1012 1870 1053 Tho-

133 1084 217 1110 mae
249 1068 484 1121 Montfortii
518 1067 553 1106 S.
581 1066 632 1106 T.
663 1067 712 1106 D.
744 1066 966 1120 Cantabrig.
1017 1063 1234 1105 Noviffime
1263 1066 1302 1104 in
1336 1079 1469 1105 manus
1500 1066 1643 1118 Ufferii
1672 1068 1870 1119 pervenit,

133 1139 236 1165 nunc
254 1138 346 1164 vero
367 1121 569 1162 asservatur
589 1120 782 1160 ‘Dublinii
804 1122 843 1160 in
866 1121 1048 1174 Collegio
1069 1121 1272 1160 Trinitatis
1293 1132 1523 1174 notaturque
1546 1121 1596 1160 G.
1630 1134 1695 1173 97.
1744 1120 1790 1163 In
1819 1123 1873 1163 E-'

135 1180 319 1233 vangeliis
344 1178 458 1219 habet
490 1177 675 1230 Capitum
697 1176 936 1216 Divifionem
959 1175 1215 1215 Ordinarz'am
1238 1176 1338 1228 (hoc
1358 1175 1432 1224 est,
1464 1186 1506 1216 ut
1525 1187 1620 1230 puto
1634 1190 1743 1227 eam,
1772 1191 1871 1231 quae

134 1236 175 1275 in
196 1235 341 1275 Latinis
362 1231 581 1284 servatur,)
611 1231 703 1271 teste
725 1231 902 1281 Ufferio,
933 1232 1000 1285 qui
1020 1230 1228 1285 Evangelia
1250 1233 1287 1267 &
1310 1231 1409 1270 Acta
1432 1231 1704 1284 ApostolOrum
1735 1243 1873 1272 contu-

135 1291 198 1339 lit,
230 1293 268 1328 &
297 1303 431 1329 eorum
462 1288 511 1328 V.
543 1288 585 1327 L.
616 1288 655 1326 in
684 1286 914 1340 Polyglottis
941 1285 1005 1326 edi
1036 1287 1192 1326 curavit.
1248 1285 1379 1325 Habet
1409 1286 1733 1341 etiamPrologos
1753 1286 1873 1327 Theo-

126 1344 318 1400 phylafi‘i.
375 1344 490 1382 Circa
514 1342 617 1382 hunc
638 1341 831 1382 Codicem
850 1355 930 1381 non
959 1355 1077 1383 unum
1113 1354 1280 1381 errorem
1311 1341 1501 1381 commifit
1518 1341 1585 1381 ·D.
1616 1343 1799 1392 Martin,
1827 1341 1881 1399 112,

136 1393 216 1440 lum
254 1399 426 1453 inprimis
457 1397 567 1438 valde
595 1397 828 1444 ridiculum·,
869 1396 975 1450 quod
1007 1410 1093 1436 cum
1127 1397 1166 1436 in
1206 1395 1282 1435 hoc
1313 1395 1466 1436 Codice
1498 1397 1534 1435 in
1567 1395 1881 1452 fineFvangelii.

138 1456 265 1496 Marci
289 1454 514 1502 adderetur,
546 1453 724 1492 Marcum
758 1452 1009 1505 Evangelium
1040 1451 1145 1491 suum
1177 1450 1336 1492 edidiffe
1362 1449 1461 1498 μετὰ,
1489 1448 1577 1490 δέκα
1608 1449 1728 1503 χρέως
1748 1451 1878 1491 decem'

139 1513 256 1550 annis
286 1511 372 1563 post
405 1507 661 1548 ascensionem
694 1506 871 1556 Christi,
913 1507 1105 1546 Martinus
1135 1520 1257 1546 annos
1288 1507 1329 1545 in
1350 1506 1486 1558 fi’cula
1516 1507 1804 1557 convertendo,
1835 1506 1883 1547 δὲ

139 1565 324 1606 Marcum
355 1565 394 1603 in
429 1562 679 1611 Librarium,
710 1563 776 1615 qui
799 1562 901 1602 hunc
921 1561 1115 1601 Codicem
1145 1562 1332 1611 exaravit,
1365 1561 1556 1601 Codicem
1588 1562 1689 1602 hunc
1708 1563 1878 1602 attribuit

140 1620 266 1661 seculo
284 1620 503 1660 undecimo.
557 1617 650 1657 Hoc
668 1617 750 1671 ipso
773 1616 947 1666 codice,
978 1631 1094 1670 quem
1116 1615 1395 1656 Britannicum
1417 1617 1688 1668 vocavit‚usus
1697 1619 1811 1657 etiam
1823 1617 1880 1657 est

140 1675 339 1716 Erasmus
371 1687 452 1714 tum
483 1672 614 1726 paffim
647 1672 685 1711 in
709 1671 1038 1713 Annotationibus
1059 1684 1141 1711 tum
1163 1673 1366 1725 praecipue
1387 1672 1426 1710 in
1451 1672 1554 1725 1.Jo.
1587 1672 1635 1712 V.
1668 1684 1702 1723 7.
1737 1673 1772 1712 8.
1803 1686 1879 1727 qua

140 1730 341 1772 occasione
361 1730 461 1769 recte
480 1728 749 1780 pronunciavit
771 1730 809 1765 &
833 1727 1082 1766 recentiorem
1104 1726 1178 1766 effe
1198 1730 1236 1764 ὃς
1259 1726 1308 1765 ad
1322 1727 1546 1777 Latinorum
1564 1727 1793 1767 L'effionem
1807 1728 1879 1770 imn.

142 1797 342 1827 mutatum.
403 1782 506 1824 Vide
536 1781 644 1835 supra
676 1780 727 1821 de
760 1780 913 1821 Codice
948 1785 1009 1829 56.
1053 1783 1092 1820 &
1128 1783 1190 1830 58.
1219 1783 1256 1819 δι
1283 1781 1432 1821 luclI.
1457 1794 1517 1820 22.
1555 1781 1733 1836 10.X111.
1761 1796 1824 1835 33,

198 1843 266 1880 62.
298 1838 439 1879 Codex
483 1836 647 1876 Henricz'
681 1837 807 1890 Googe
852 1836 885 1876 S.
915 1836 967 1877 T.
1000 1836 1048 1875 D.
1081 1840 1118 1875 ὃ(
1153 1835 1255 1875 Coll.
1285 1836 1391 1880 Trin.
1420 1835 1523 1887 apud
1557 1838 1740 1878 cantabr.
1769 1837 1881 1890 socii,

143 1896 317 1936 continet
344 1894 414 1934 IV.
444 1891 674 1945 Evangelia,
703 1890 752 1930 de
769 1905 818 1931 eo
841 1891 890 1930 fic
913 1890 1105 1935 Usserius3
1137 1921 1162 1940 ‚‚
1184 1890 1296 1930 habet
1317 1890 1381 1930 hic
1403 1891 1495 1930 liber
1515 1890 1800 1933 distinctionem
1822 1890 1883 1935 or-

145 1978 173 2003 „
203 1950 436 1990 dinariorum
464 1944 734 1995 κεφαλαίων....
749 1944 858 2000 νςυίἀ
889 1944 955 1984 fibi
976 1944 1043 1984 ista
1063 1944 1183 1984 velint
1202 1944 1385 1995 nescio’¹,
1414 1946 1466 1985 ait
1488 1946 1631 1986 Millius
1696 1949 1799 1987 Mihi
1820 1940 1884 1990 au¹²

144 2018 225 2047 tem
256 2005 405 2045 videtur
435 2002 558 2042 sensus
583 2001 786 2042 verborum
816 2000 1069 2054 phmiffimus,
1101 1999 1215 2040 habet
1243 2000 1421 2040 nimirum
1444 2000 1511 2041 iste
1533 2001 1673 2041 Codex
1696 2001 1885 2056 Capitum,

144 2061 309 2102 eandem
339 2058 625 2099 distinctionem
654 2071 697 2096 ac
727 2056 906 2110 superior.
960 2055 1164 2097 Variantes
1186 2055 1267 2108 ejus
1287 2054 1490 2096 Lectiones
1510 2056 1555 2095 in
1571 2056 1802 2111 Polyglottis
1821 2053 1887 2099 ex-’

143 2117 237 2158 tant.
296 2113 491 2167 Qiorsum
512 2113 579 2152 iste
598 2111 740 2152 Codex
761 2111 995 2166 pervenerit,
1020 2111 1170 2152 silentio
1192 2110 1340 2151 Millius
1360 2111 1544 2162 involvit,
1573 2111 1739 2166 suspicor
1759 2110 1889 2165 autem

146 2171 312 2213 eundem
335 2169 410 2210 ess‘e
428 2183 472 2209 ac
493 2168 722 2222 sequentem.
772 2187 778 2191 ·
1845 2173 1849 2214 j
1868 2171 1887 2178 ··

207 2232 272 2280 63.
304 2225 445 2266 Codex
468 2223 613 2276 Uſjerii
638 2236 669 2263 1.
698 2223 737 2262 in
759 2221 856 2263 folio
878 2221 1144 2276 complectitur
1164 2220 1373 2276 Evangelia
1391 2233 1554 2276 quatuor
1576 2237 1664 2275 curn
1676 2222 1890 2266 Commen-

149 2283 253 2324 tariis
284 2296 331 2322 ex
358 2280 555 2327 PatribuS;
586 2293 674 2318 eum
707 2281 745 2317 ὃ(
777 2277 996 2332 sequentem
1029 2278 1069 2317 in
1101 2276 1340 2317 Bibliotheca
1369 2278 1608 2319 Dublinienfi
1639 2280 1802 2320 contulit
1836 2279 1891 2320 H.

149 2332 400 2386 Dodwellus,
431 2346 546 2389 atque
567 2331 735 2373 Editori
757 2332 1208 2382 Oxonienfi,tran8mifit‚
1239 2333 1327 2386 qui,
1351 2334 1535 2386 quoniam
1554 2333 1667 2373 serius
1689 2333 1739 2374 ad
1758 2348 1892 2376 manus

151 2394 232 2447 ejus
264 2401 485 2446 pervenerat
517 2389 584 2428 ista
609 2388 804 2438 Collatio‚
836 2387 886 2429 V.
915 2388 959 2427 L.
987 2399 1137 2428 tantum
1156 2402 1202 2428 ex
1223 2387 1327 2427 Luca
1347 2402 1391 2427 ac
1406 2387 1560 2442 Joanne
1581 2389 1762 2430 exhibuit.
1818 2390 1895 2430 Po-

153 2450 230 2489 stea
264 2445 484 2487 Richardus
513 2442 695 2496 Bulkeley
727 2444 866 2484 nobilis
897 2443 1093 2484 Hibernus
1123 2443 1260 2484 iterum
1290 2457 1377 2484 cum
1395 2443 1508 2485 editis
1527 2444 1710 2494 contulit,
1740 2444 1896 2486 Millio-

181 2518 225 2543 ue
253 2502 401 2543 obtulit.
1390 2514 1393 2515 ⁷

152 2517 178 2560 q
213 2561 277 2609 64.
309 2555 450 2596 Codex
482 2553 605 2607 Uffer.
638 2566 672 2595 2.
703 2553 896 2595 Continet
917 2565 1080 2608 quatuor
1101 2552 1309 2608 Evangelia
1323 2550 1456 2595 'nitide
1474 2553 1661 2609 descripta
1678 2554 1801 2596 forma
1823 2555 1894 2597 mi-

154 2617 251 2654 nori.
308 2611 388 2651 Hic
416 2611 530 2659 liber,
561 2620 601 2649 ut
634 2623 681 2650 ex
714 2609 998 2650 Collatlonibus
1016 2609 1186 2660 constat,
1214 2610 1246 2649 is
1265 2608 1344 2662 ipse
1363 2609 1439 2654 est,
1467 2610 1528 2650 cui
1546 2610 1696 2660 titulum
1715 2612 1807 2651 Em.
1827 2610 1895 2651 de-

154 2669 216 2719 dit
235 2666 439 2707 Waltonus
469 2665 509 2704 in
543 2663 801 2719 Polyglottis5
822 2675 902 2706 erat
922 2663 1144 2719 quondam,
1173 2664 1229 2705 uti
1251 2665 1401 2704 notavit
1417 2664 1611 2714 Ufferius,
1642 2665 1692 2706 D.
1725 2664 1766 2705 T
1759 2665 1896 2705 homae

155 2722 269 2763 Good
294 2722 329 2761 S.
358 2721 409 2765 T.
439 2718 480 2760 Ρ.
510 2719 641 2773 estque
672 2718 823 2760 fortasse
853 2720 975 2773 prima
1001 2733 1088 2773 pars
1118 2718 1175 2760 N.
1204 2718 1255 2760 T.
1287 2718 1454 2774 Collegii
1477 2720 1697 2760 Emanuelis
1718 2721 1784 2774 qui
1803 2720 1897 2773 Epiff

157 2777 272 2819 stolas
296 2776 483 2817 continet.
541 2773 683 2815 Codex
702 2775 770 2816 iste
791 2774 913 2816 nitide
935 2775 1058 2830 magis
1075 2788 1192 2831 quarn
1211 2786 1383 2815 accurate
1403 2786 1574 2815 exaratus
1595 2773 1766 2828 plurimis
1783 2775 1824 2814 in
1840 2775 1898 2815 lo-

156 2835 210 2874 cis
228 2831 359 2874 deficit
379 2831 432 2871 ob
451 2826 708 2878 ὃμοιοτὲλευτα..

210 2892 276 2940 65.
308 2885 449 2927 Codex
468 2885 538 2938 Jo.
569 2884 723 2925 Covelli
743 2886 779 2927 S.
808 2885 859 2927 T.
885 2886 928 2927 P.
959 2884 1284 2941 Cantabrigienfis
1315 2898 1363 2926 ex
1397 2883 1562 2926 Oriente
1590 2884 1637 2925 ab
1666 2884 1750 2940 ipso
1781 2884 1896 2928 adve-

154 2944 259 2993 ἃυς,
289 2942 463 2983 continet
485 2940 715 2994 Evangelia3
745 2941 849 2982 haud
870 2941 957 2982 sane
975 2942 1152 2983 vetustus.
1596 2968 1599 2970 >

210 3002 276 3037 66.
306 2996 450 3037 Codex
472 2994 640 3035 Thomae
662 2995 762 3035 Gale
786 2996 958 3036 Londini
978 2997 1277 3051 Evangeliorum
1297 2997 1336 3037 in
1357 2995 1525 3037 octavo.

204 3058 274 3105 ⁶7·
305 3051 447 3092 Codex
469 3050 741 3103 Huntingdon.
776 3065 811 3091 2.
841 3052 1150 3093 membranaceus
1171 3052 1335 3093 vetustus
1356 3050 1418 3091 sed
1436 3051 1576 3091 lacerus
1586 3050 1900 3106 l?.vangeliorum,',¹

154 3110 198 3153 in
218 3107 430 3164 Evangelio
445 3106 612 3161 Joannis
633 3104 770 3150 desunt
790 3108 921 3152 omnia
942 3122 964 3149 a
985 3109 1084 3161 Cap.
1112 3106 1185 3150 VI.
1217 3111 1283 3160 64.
1313 3106 1364 3148 ad
1381 3105 1499 3148 finem
1517 3106 1611 3148 libri.
1817 3161 1855 3203 C

347 3188 349 3191 f
1722 3163 1787 3202 68.
1855 3175 1898 3201 o-
