1976 3519
468 167 1463 210 PROLEGOMENA.
1796 186 1843 213 21

110 256 337 297 Lectionem
367 267 558 308 receptam
588 256 608 294 a
629 253 791 294 secunda
825 267 940 293 manu
969 252 1222 306 adscriptam,
1253 266 1379 307 neque
1409 253 1556 295 curavit
1579 252 1761 309 indagare
1781 270 1845 298 aut

111 324 318 360 annotare,
348 310 442 364 quid
464 325 484 349 a
506 311 626 363 prima
647 322 763 348 manu
786 308 931 353 fuisset,
961 309 1070 362 quod
1093 322 1162 348 nec
1183 308 1272 347 alibi
1291 322 1461 362 unquam
1483 308 1582 349 fecit.
1638 309 1758 363 Ipfius
1783 326 1846 352 ve-

111 380 156 406 ro
181 366 309 405 Millfi
333 366 592 405 testimonium
612 363 753 417 duplex
773 364 850 413 est,
879 364 920 402 in
941 364 1059 416 priori
1078 367 1116 402 δε
1136 377 1287 403 mecum
1307 366 1345 402 &
1367 377 1454 403 cum
1476 365 1845 418 veritateconsenfit,

110 421 149 461 in
165 421 372 474 posteriore
392 435 412 459 a
429 419 464 459 se
483 418 565 472 ipso
588 422 625 458 δε
647 433 668 457 a
690 419 847 458 veritate
864 417 1034 459 discessit.
1089 422 1170 458 Aut
1191 419 1327 472 probet
1349 418 1520 468 Censor,
1545 419 1673 459 Millit
1695 425 1843 473 oculos,

111 491 198 516 cum
220 477 345 516 locum
367 476 486 528 prima
508 475 590 514 vice
610 473 829 526 inspiceret,
864 473 1097 522 hebetiores,
1129 473 1292 514 secunda
1312 487 1404 513 vero
1423 474 1609 514 acutiores
1621 474 1736 516 fuisse.
1767 475 1846 516 Mi.-

112 531 153 570 hi
182 531 339 585 quidem
371 529 585 569 observatio
616 528 780 568 secunda
811 528 942 568 Millii
964 528 1111 581 semper
1132 531 1170 567 ὃ(
1191 529 1301 568 anxie
1322 528 1489 582 quaefita
1507 533 1546 568 &
1568 530 1680 569 nimis
1702 530 1845 572 subtilis

111 586 188 627 visa
217 585 288 625 est:
321 596 502 624 auxerunt
523 583 775 638 suspicionem
795 583 887 623 haec
906 583 988 635 ejus
1008 584 1142 633 verba,
1173 584 1311 637 quibus
1329 583 1570 624 confidenter
1592 584 1774 635 affirmat,
1805 587 1842 627 se

110 641 366 680 luculentiora
387 639 508 678 mullo
527 638 689 678 lineolae
710 641 827 678 exilis
850 637 897 682 ὠν
918 639 1113 678 evanidae
1136 639 1303 691 vestigia
1325 638 1572 689 habiturum,
1601 638 1845 691 nistobstaret

109 696 234 735 litura
261 693 421 733 lineolae
449 693 512 733 illi
533 693 813 747 superinducia
826 725 836 743 ‚
867 694 973 747 quod
995 707 1075 734 non
1094 693 1168 734 effe
1186 694 1447 734 testimonium
1461 694 1588 734 dicere
1603 725 1613 743 ,
1626 694 1689 734 sed
1703 707 1846 736 temere

108 750 366 802 conjeSluram
389 748 534 798 facere,
562 749 621 789 vel
642 748 721 802 ipse
741 748 890 788 Censor
909 763 1037 799 meus,
1069 748 1095 788 fi
1118 749 1183 788 sibi
1203 750 1374 799 constat,
1404 748 1511 789 fateri
1522 761 1688 803 cogetur.
1719 751 1845 799 Quod

107 805 273 858 sequitur
301 803 351 844 de
380 803 593 843 eruditione
623 818 777 854 eorum,
811 805 877 857 qui
901 804 1005 844 hunc
1036 803 1229 844 Codicem
1250 803 1514 858 inspexerunt,
1543 818 1623 844 non
1647 805 1766 846 solum
1788 806 1843 846 est

106 857 378 910 ἀπροσδιόνυσυν,
409 858 516 912 quod
535 858 685 898 Censor
716 872 788 911 pro
817 859 878 899 sua
899 859 1074 912 fingulari
1102 859 1320 899 eruditione
1340 859 1533 913 agnoscit,
1565 859 1627 899 sed
1648 862 1763 900 etiam
1786 860 1844 900 so-

105 915 320 969 phisticum.
354 915 439 954 Nisi
463 914 487 953 si
509 915 667 968 probet,
698 914 893 967 Episcopo
908 927 972 954 aut
991 915 1157 955 Do&ori
1177 915 1408 969 Theolog0‚
1440 914 1659 968 praesertim
1681 915 1706 955 fi
1725 917 1843 956 libros

105 970 300 1018 ediderit,
341 969 488 1023 semper
518 969 683 1022 palmam
715 968 942 1009 eruditionis
980 969 1055 1009 effe
1083 970 1348 1015 tribuendam,
1378 972 1644 1024 eumque‚qui
1667 985 1738 1010 nec
1752 972 1843 1025 Epi-

104 1024 240 1079 scopus
267 1039 339 1064 nec
360 1025 509 1065 Dotior
527 1039 598 1064 nec
617 1025 800 1064 librorum
820 1027 945 1064 Autor
965 1024 1032 1074 fit,
1061 1025 1177 1064 etiam
1196 1026 1411 1065 inauditum
1439 1025 1768 1066 contemnendum
1789 1038 1845 1067 at-

103 1094 179 1134 que
205 1080 544 1120 condemnandum
569 1078 654 1120 effe.
713 1078 857 1120 Addit:
891 1080 990 1119 ‘Duo
1022 1079 1086 1124 isti
1115 1083 1198 1118 viri
1223 1090 1432 1130 pottterunt
1460 1081 1636 1120 Codicem
1657 1083 1843 1137 inspicere

105 1136 153 1181 ὄν
185 1134 462 1185 accuratiffime
481 1134 721 1186 considerare.
777 1137 923 1175 Annon
944 1138 982 1174 ὃ(
1002 1149 1077 1189 ego
1096 1135 1306 1175 POTUI?
1336 1135 1412 1175 Sed
1432 1150 1512 1175 non
1533 1137 1724 1190 quaeritur
1744 1138 1840 1191 quid

97 1192 272 1245 potuerit
291 1193 376 1244 quis
398 1189 541 1240 facere,
571 1189 634 1230 sed
655 1189 750 1244 quid
770 1188 918 1240 fecerit,
949 1194 988 1229 ὃ(
1011 1203 1092 1230 uter
1113 1190 1308 1230 Codicem
1330 1192 1537 1231 accuratius
1555 1194 1839 1234 examinaverit.

103 1246 253 1301 Pergit:
282 1254 419 1285 contra
450 1259 510 1284 eos
519 1244 607 1297 stat
623 1244 796 1300 juvenis
825 1244 958 1284 audax
988 1243 1070 1290 &a
1129 1246 1168 1285 Si
1191 1247 1335 1286 crim'en
1356 1246 1433 1295 est,
1465 1247 1560 1286 nihil
1580 1248 1658 1288 veri
1681 1261 1761 1287 non
1784 1249 1843 1289 di-

103 1315 189 1341 cere
217 1301 370 1350 audere,
401 1304 439 1340 &
467 1300 561 1340 nihil
589 1299 667 1340 falsi
699 1299 825 1340 dicere
855 1299 1016 1351 audere,
1046 1300 1199 1341 habebit
1223 1315 1285 1341 me
1306 1301 1575 1341 confitentem:
1606 1302 1698 1342 illud
1724 1317 1841 1356 porro

101 1355 193 1410 sciat
219 1370 300 1405 me,
329 1370 427 1410 quae
442 1355 623 1408 Juvenis
643 1356 682 1395 in
706 1356 859 1395 Codice
880 1355 1143 1396 Alexandrino
1163 1356 1264 1407 vidi,
1293 1356 1429 1396 eadem
1450 1357 1584 1397 iterum
1615 1358 1768 1409 vidisffi,
1801 1363 1841 1400 δε

101 1410 325 1465 pervidisse,
356 1425 443 1451 cum
463 1425 607 1451 annum
626 1411 757 1451 aetatis
774 1411 1131 1466 quinquagesimum
1151 1424 1328 1466 quartum
1345 1426 1508 1465 agerem.

159 1466 283 1518 Quod
304 1465 445 1506 deinde
462 1466 574 1521 fingit
593 1466 638 1505 de
658 1465 801 1505 lineola
822 1469 949 1506 veteri
960 1497 972 1516 ‚
986 1468 1049 1506 cui
1058 1481 1163 1506 nova
1176 1470 1237 1506 ita
1253 1468 1528 1520 superlndubi‘a
1537 1466 1596 1520 sit
1607 1499 1618 1518 ,
1630 1476 1674 1508 ut
1687 1472 1840 1510 veteris

100 1520 207 1561 nihil
219 1521 384 1576 amplius
402 1530 613 1577 appareat,
636 1524 674 1561 δε
696 1521 822 1562 secum
841 1533 1010 1577 pugnat,
1032 1525 1070 1561 ὃς
1093 1522 1353 1562 testimonium
1376 1521 1526 1567 Mella,
1560 1524 1609 1563 ad
1632 1523 1739 1577 quod
1760 1524 1840 1578 ipse

101 1578 352 1630 provocavit,
381 1577 515 1617 elevat.
547 1577 585 1617 Si
603 1577 708 1616 enim
728 1578 892 1617 omnino
912 1577 1008 1617 nihil
1029 1577 1151 1618 videri
1161 1578 1310 1631 potest,
1341 1577 1436 1631 quid
1460 1577 1558 1618 vidit
1580 1579 1844 1622 Millius?aut

101 1645 216 1685 quam
240 1631 354 1672 fidem
378 1645 560 1682 meretur,
603 1632 667 1673 ubi
699 1632 734 1673 se
756 1631 901 1686 aliquid
922 1632 1056 1675 vidisse
1077 1632 1268 1673 affirmat?
1300 1633 1394 1673 Hoc
1416 1632 1643 1686 figmentum
1663 1633 1844 1676 delineo-

100 1686 137 1726 la
167 1699 291 1727 vetere
319 1701 386 1740 per
416 1701 558 1727 novam
591 1686 812 1727 abscondita
832 1687 1021 1741 insignem
1045 1687 1176 1740 prodit
1200 1687 1384 1727 Censoris
1406 1700 1486 1728 tum
1507 1689 1734 1741 imperitiam
1759 1702 1842 1731 tum

100 1740 320 1790 audaciam,
349 1742 416 1795 qui
446 1742 619 1781 codicem
648 1741 771 1780 Alex.
802 1755 917 1794 quem
947 1755 1145 1794 nunquam
1166 1742 1264 1780 vidit
1285 1741 1455 1795 (quippe
1475 1743 1541 1796 qui
1563 1757 1634 1783 nec
1658 1745 1842 1799 Angliam

100 1795 221 1848 vidit)
252 1807 384 1836 contra
415 1796 588 1836 omnium
617 1795 855 1835 oculatorum
886 1795 1035 1835 testium
1070 1795 1186 1836 fidem
1219 1795 1416 1845 describit,
1454 1797 1606 1850 qualem
1628 1798 1730 1848 vult,
1759 1814 1842 1841 non

99 1851 221 1905 qualis
239 1850 314 1899 est,
344 1862 457 1904 atque
481 1852 531 1890 ita
551 1864 637 1890 cum
658 1851 789 1890 umbra
807 1850 868 1890 sua
889 1851 1113 1890 colluffihtus
1131 1862 1325 1904 argutatur
1351 1865 1432 1890 non
1451 1852 1558 1893 aliter
1577 1868 1692 1908 quam
1713 1854 1742 1895 si
1763 1871 1843 1897 coe-

101 1920 167 1946 cus
184 1905 233 1945 de
253 1906 442 1945 coloribus
461 1906 687 1959 loqueretur.
722 1905 890 1956 Quoties
910 1905 1012 1944 enim
1034 1905 1074 1943 in
1092 1905 1169 1945 hoc
1188 1905 1324 1946 codice
1342 1905 1448 1946 litera
1476 1907 1526 1952 ΕΞ
1554 1922 1575 1948 a
1593 1910 1714 1962 prima
1726 1925 1843 1954 manu

99 1961 289 2010 scribitur,
319 1960 465 2014 semper
476 1959 727 2013 repraesentat
746 1960 949 2009 circulum,
979 1959 1169 2000 diametro
1194 1972 1396 2015 utrumque
1415 1961 1496 2015 ejus
1507 1963 1602 2004 latus
1614 1964 1841 2007 dextrum&

99 2016 288 2057 sinistrum
310 2028 513 2071 tangente,
544 2020 579 2055 ὃ(
604 2029 671 2069 per
689 2028 861 2056 centrum
881 2013 1018 2064 dueta,
1047 2015 1087 2055 in
1105 2015 1200 2056 duas
1213 2029 1338 2070 partes
1349 2018 1523 2071 aequales
1536 2018 1697 2060 divisum
1710 2021 1841 2075 ‚quod

100 2085 146 2111 ex
178 2072 442 2125 speciminibus
471 2071 573 2125 apud
606 2069 852 2120 lValtonum‚
884 2070 1095 2120 Grabz'um,
1130 2071 1475 2125 Montfauconium
1510 2077 1548 2112 &
1573 2074 1749 2115 Millium
1781 2091 1845 2117 ex-

100 2126 231 2167 hibitis
258 2128 376 2167 cuivis
398 2138 525 2180 patet:
583 2126 625 2167 P.
653 2140 746 2166 vero
765 2125 942 2177 Junius,
972 2140 1059 2166 cum
1079 2126 1207 2167 locum
1227 2127 1454 2180 corrigeret,
1486 2129 1670 2183 inscripsit
1699 2131 1843 2174 circulo

101 2181 304 2232 lineolam,
336 2196 433 2237 quae
464 2196 534 2222 nec
565 2181 682 2222 latera
712 2181 841 2221 circuli
863 2182 987 2235 tangit
1017 2181 1084 2235 <ut
1114 2196 1216 2222 nunc
1239 2181 1367 2223 Theta
1391 2184 1492 2238 typis
1514 2184 1661 2235 editur,
1691 2188 1843 2240 quoties

102 2238 271 2277 nominis
304 2238 449 2291 proprii
469 2238 522 2277 est
545 2237 650 2276 litera
675 2234 820 2290 prima)
851 2250 921 2276 nec
943 2251 1010 2290 per
1040 2250 1213 2277 centrum
1235 2237 1389 2287 transit,
1420 2238 1483 2279 sed
1504 2240 1562 2280 vel
1585 2241 1669 2281 casu
1692 2242 1748 2281 vel
1771 2243 1847 2283 stu-

101 2292 170 2331 dio
193 2293 299 2345 supra
319 2306 490 2334 centrum
513 2292 628 2346 paulo
650 2292 758 2332 altius
777 2293 830 2333 est
851 2293 992 2333 ενεξὶει.
1051 2293 1108 2332 Ex
1128 2307 1208 2346 quo
1229 2293 1467 2334 manifestum
1480 2295 1533 2335 est
1547 2326 1557 2344 ‚
1589 2295 1688 2336 hanc
1701 2311 1843 2338 novam

102 2347 240 2387 lineam
260 2362 340 2387 non
363 2348 532 2394 obstare,
561 2362 641 2401 quo
662 2348 788 2387 minus
809 2348 966 2401 antiqua
986 2347 1193 2388 diametros
1214 2348 1361 2403 integra
1382 2352 1421 2388 ὃς
1446 2350 1483 2389 in
1504 2362 1638 2390 centro
1660 2355 1699 2390 &
1721 2352 1770 2392 ad
1792 2353 1844 2393 la-

105 2415 164 2443 tus
185 2403 357 2443 dextrum
381 2407 419 2442 &
441 2402 489 2442 ad
509 2403 694 2443 sinistrum
717 2403 884 2456 conspici
907 2402 1051 2456 posset,
1081 2402 1107 2442 sl
1127 2404 1292 2443 omnino
1310 2404 1401 2443 olim
1426 2403 1549 2445 fuisset
1580 2405 1726 2460 scripta.
1757 2408 1843 2462 Ego

102 2458 280 2511 quidem,
312 2460 376 2512 qui
406 2473 492 2498 cum
525 2459 635 2497 venia
668 2457 850 2498 Censoris
880 2459 999 2498 oculis
1030 2460 1124 2498 meis
1145 2458 1286 2509 credo,
1319 2460 1454 2500 veteris
1479 2461 1599 2501 lineae
1626 2476 1696 2502 nec
1718 2463 1846 2504 volam

104 2527 175 2553 nec
197 2514 393 2568 vestigium
415 2512 674 2567 deprehendi:
704 2513 800 2567 quid
820 2513 965 2553 Millius
987 2513 1146 2563 viderit,
1186 2529 1276 2554 mox
1295 2514 1434 2554 dicam.

160 2568 205 2608 In
227 2568 303 2608 fine
325 2568 457 2608 censor
469 2570 562 2608 vitio
574 2580 792 2613 creatus‚ut
803 2569 972 2609 aculeum
985 2569 1393 2623 infigeret,conjunxit
1406 2569 1656 2624 suspicionem
1668 2571 1844 2613 socinia-

102 2625 223 2669 nismi
245 2622 292 2668 dy
317 2623 615 2674 Libertinismi,
644 2637 740 2677 quae
759 2623 842 2664 sunt
863 2622 1044 2668 ἀσύτῖοιτα
1057 2656 1068 2674 ,
1081 2625 1165 2678 quis
1176 2626 1277 2665 enim
1291 2639 1458 2679 unquam
1471 2626 1618 2667 audivit
1632 2654 1641 2672 ,
1666 2641 1728 2668 aut
1739 2629 1846 2670 Soci-

104 2678 241 2718 nianos
262 2678 424 2719 studium
443 2679 591 2719 virtutis
609 2679 831 2732 extinguere
854 2683 891 2718 δε
912 2679 1099 2733 flagitiose
1121 2681 1267 2729 vivere,
1298 2692 1361 2721 aut
1384 2681 1601 2722 Libertinos
1625 2696 1696 2735 pro
1714 2683 1846 2725 divina

104 2733 318 2786 Scripturae
340 2735 539 2774 autoritate
560 2733 753 2774 afferenda
766 2737 887 2788 &pro
900 2728 1107 2790 Religione
1119 2736 1337 2790 martyrium
1352 2738 1457 2789 pati?
1481 2735 1564 2776 Imo
1585 2737 1611 2777 fi
1626 2737 1734 2779 fateri
1745 2739 1846 2788 licet,

101 2789 197 2828 mihi
219 2789 320 2829 haud
339 2789 453 2843 paulo
468 2790 602 2842 justior
613 2788 773 2843 suspicio
783 2790 857 2839 est,
873 2788 1097 2829 Libertinos
1110 2791 1237 2843 potius
1251 2791 1289 2830 in
1301 2791 1514 2845 legionibus
1523 2806 1678 2842 eorum,
1695 2797 1760 2847 qui
1773 2808 1845 2848 pro

105 2845 264 2897 receptis
282 2845 339 2884 vel
362 2845 624 2897 Opinionibus
644 2845 702 2885 vel
726 2845 972 2886 Lectionibus
993 2857 1188 2900 pugnant,
1220 2846 1389 2886 militare.
1448 2846 1525 2887 His
1543 2849 1643 2887 enim
1658 2879 1669 2898 ,
1699 2853 1737 2889 &
1763 2851 1846 2904 qui-

105 2897 192 2938 dem
220 2899 326 2949 solis,
357 2900 443 2940 licet
470 2900 626 2954 impune
654 2899 835 2941 adhibere
866 2900 1121 2953 sophismata,
1163 2902 1348 2941 conviciis
1369 2916 1436 2942 eos
1457 2916 1555 2955 quos
1573 2902 1738 2945 oderunt
1759 2919 1846 2959 pro-

107 2951 295 3004 scindere,
326 2955 502 2995 auda&er
529 2955 771 3005 calumniari,
802 2960 839 2995 ὃ(
874 2956 1071 2998 affe-&ibus
1102 2957 1334 3010 impotenter
1374 2957 1593 3012 indulgere:
1613 2959 1720 3012 quod
1742 2971 1843 3000 certe

108 3005 390 3050 Libertinorum
409 3010 485 3060 est,
517 3024 587 3050 nec
610 3010 773 3053 Veritati
792 3024 864 3052 nec
886 3012 1031 3054 Virtuti
1054 3011 1295 3053 studentium.
1327 3012 1439 3065 Qud
1461 3012 1552 3055 dico
1573 3014 1758 3068 impune?
1780 3028 1846 3053 an-

1762 3082 1844 3108 non

152 3139 173 3158 *
195 3134 292 3166 Nota.
314 3136 392 3174 Fac,
407 3145 438 3166 ut
456 3146 508 3176 per
525 3138 657 3169 chartam
674 3139 852 3179 pellucidam
862 3139 942 3170 litera
965 3133 996 3178 Ε
1009 3162 1018 3177 ,
1040 3142 1075 3177 τῷ
1095 3137 1157 3175 0.,
1180 3138 1230 3169 hic
1248 3139 1401 3179 postremo
1417 3139 1532 3179 polito,
1554 3141 1584 3170 in
1600 3138 1700 3170 aversa
1717 3148 1843 3183 pag.22.

108 3177 301 3221 respondens,
316 3179 372 3210 tibi
388 3182 585 3221 appareat,&
604 3181 724 3213 habebis
742 3181 1037 3253 repraesentatione&
1054 3180 1226 3222 Scripturae
1242 3180 1371 3213 Codicis
1389 3180 1588 3216 Amandrini.
1610 3186 1635 3210 *
1655 3185 1701 3228 O
1722 3202 1724 3205 -

1057 3232 1072 3263 3
