1976 3519
425 226 1417 274 PROLEG.O,ME·N‚<A1.
1728 243 1810 283 149

77 317 174 370 Qio
203 315 329 357 mimis
346 326 478 359 autem
494 314 571 358 hoc
589 313 699 359 facile
717 313 869 368 sperem¹
881 327 904 353 a
921 326 1126 367 quoquam:
1139 313 1363 367 praestitum,
1377 315 1446 366 iri,
1474 314 1572 360 facit·
1586 316 1743 359 historia
1760 317 1807 358 il-

76 373 202 414 lorum
221 382 463 424 temporum,
492 384 567 424 qua
589 369 738 411 constat
756 368 900 412 Bezam
921 379 1094 414 autorem
1116 367 1192 413 esse
1210 368 1317 419 libri,
1347 383 1427 423 quo
1445 369 1634 425 supplicio
1653 373 1808 428 capitali

76 423 155 468 τοὺς
174 423 380 480 ἑτεροδέξονς
398 424 627 477 afficiendos,
639 423 714 469 esse
732 421 956 469 contendit:
984 422 1253 468 Castalionem,
1267 437 1369 470 vero
1382 425 1733 471 innocentiffnnum,
1747 440 1821 473 at·,.

75 495 152 536 que
178 482 370 536 optimum
389 480 534 528 virum,
563 479 735 533 Linguae
754 478 925 519 Graecae
942 478 983 517 in
1006 476 1216 518 Academia
1239 477 1432 525 Bafilienfi
1452 479 1706 525 professorem
1724 497 1821 526 me-¹

76 534 310 583 ritissimum,
338 534 507 590 indignis
531 533 660 574 modis
684 534 732 574 ab
759 532 900 573 eodem
925 544 1193 587 oppugnatum
1213 532 1328 574 fuisse.
1386 534 1471 574 Cur
1491 535 1608 590 igitur
1630 537 1677 577 ab
1694 540 1804 581 omni

76 591 142 645 pia
170 590 302 633 fraude
328 589 528 632 abstineret
553 588 681 638 Beza‚
710 588 778 643 qui
803 603 825 628 a
853 589 893 629 vi
922 598 1051 641 aperta
1070 599 1282 642 temperare
1300 587 1375 633 sibi>
1390 589 1455 631 vix
1477 591 1629 643 potuit?
1659 594 1804 648 quique

76 656 226 687 tantum
242 658 324 686 non
342 644 418 685 sola
436 644 637 685 autoritate
658 643 722 685 sua
741 642 866 683 secum
885 641 1145 684 dissentientes
1164 644 1382 697 opprimere
1393 655 1568 698 poterat,
1598 659 1664 687 cur
1673 646 1804 702 supet-

77 697 197 745 fluam
216 700 453 754 diligentiam
471 699 511 739 in
529 698 806 740 convincendis
824 699 872 744 iis
887 696 1115 747 adhibuisset
1134 699 1290 751 potius?
1427 710 1429 713 ¹
1576 707 1579 711 ·
1788 732 1791 733 γ

132 756 225 796 Huc
249 754 339 795 facit
364 754 499 799 etiam,
528 753 638 808 quod
658 753 761 794 Beza
779 753 1002 801 Editionem
1020 752 1175 793 alteram
1194 753 1250 794 N.
1279 752 1329 794 T.
1358 752 1413 794 sui
1431 768 1578 801 nonum
1599 756 1638 796 in
1658 770 1818 800 annumv

77 809 263 864 presserit,
291 808 420 856 donec
437 808 576 856 scilicet
593 819 758 856 mortem
779 807 1012 860 Castalionis
1032 808 1294 863 antagonistae
1315 807 1390 859 sui,
1417 821 1464 852 ex
1476 811 1714 866 aegritudine
1723 814 1805 854 ani·

78 865 132 905 mi
160 865 212 905 ob
238 862 470 918 gravissimas
495 876 576 908 non
604 864 715 905 unius
735 864 883 919 generis
903 861 1011 917 apud,
1028 862 1294 917 Magistratum
1317 863 1558 910 Basiliensem
1580 862 1649 921 ipsi
1668 866 1716 910 ab
1733 882 1819 911 ico-4.

77 919 166 972 dem
196 919 300 960 Beza
316 919 523 966 intentatas
540 912 648 973 falsas
666 918 754 959 licet
774 918 1059 965 criminationes
1077 917 1344 972 consecutam,
1374 920 1627 974 comperisset.
1689 922 1804 976 Qiae

77 974 207 1016 omnia
232 973 430 1015 hominem
458 973 588 1029 potius
616 973 764 1015 vafrum
793 987 840 1013 ac
858 972 1031 1020 diffisum*
1044 972 1175 1019 causae
1194 973 1302 1022 suae,
1329 988 1448 1028 quam
1463 974 1625 1020 fideliter
1642 976 1808 1033 diligen·

78 1040 210 1084 terque
235 1043 280 1070 ac
301 1029 363 1083 pie
384 1029 594 1084 susceptum
613 1028 813 1083 negotium
831 1039 1026 1082 gerentem
1048 1027 1228 1082 produnt.
1284 1029 1492 1083 Ingenium
1512 1031 1638 1072 Bezae
1658 1046 1817 1088 cogno-¹

76 1083 177 1125 scere
203 1083 307 1135 haud
334 1084 491 1130 obscure
512 1083 641 1125 licebit
667 1097 716 1126 ex
742 1082 935 1137 Epistola,
963 1097 1083 1138 quam
1110 1097 1214 1131 nunc
1233 1084 1467 1138 primumex
1487 1084 1705 1139 ἀυτογρείφῳ
1724 1088 1806 1130 edi·

75 1151 161 1190 mus
176 1139 373 1194 integram.

514 1192 757 1245 Sebastianus
778 1190 949 1247 Castalia
971 1191 1164 1241 Theodoro
1185 1193 1322 1239 Bezae
1340 1191 1380 1235 Si

131 1279 160 1300 „
188 1249 372 1305 Cognovi
399 1263 420 1290 a
437 1248 608 1304 quodam
628 1249 753 1305 amico
770 1262 907 1304 augere
927 1260 966 1290 te
984 1261 1067 1297 tuas
1088 1249 1129 1291 in
1150 1249 1316 1296 Novum
1332 1249 1624 1295 Testamentum
1645 1265 1805 1296 amiota-

76 1333 104 1365 ⁹?
131 1305 280 1355 tiones,
307 1307 347 1346 Sc
364 1310 498 1359 optare
517 1302 802 1358 responsionem
819 1318 944 1345 meam
963 1303 1013 1345 ad
1034 1319 1102 1356 ea,
1130 1304 1284 1359 quaein
1297 1305 1486 1358 prioribus
1495 1306 1672 1356 adversus
1682 1320 1825 1360 trans-3.

76 1389 103 1411 „
130 1358 313 1403 lationem
339 1372 465 1406 meam
491 1358 688 1416 scripsisti,
717 1370 967 1414 paratumque
987 1359 1063 1406 esse
1089 1373 1175 1403 eam
1194 1373 1327 1407 curare
1343 1357 1620 1407 excudendam.
1679 1366 1745 1408 An
1759 1364 1819 1414 in„

77 1443 105 1466 ‚,
131 1414 266 1456 eadem
291 1413 477 1459 sententia
505 1412 718 1469 perseveres
736 1443 749 1464 ‚
780 1413 947 1462 s‘cire‹ex
976 1425 1016 1462 te
1036 1414 1175 1463 velim;
1204 1413 1313 1469 quod
1330 1414 1359 1456 fi
1381 1416 1615 1470 perseveras,
1645 1417 1804 1461 rescribe

78 1499 105 1521 ,‚
133 1469 229 1511 mihi
254 1480 321 1511 tua
346 1482 488 1521 manu,
513 1467 606 1518 sicut
623 1482 699 1524 ego
718 1467 789 1512 tibi
808 1482 914 1521 mea,
943 1472 984 1511 &
1000 1483 1076 1524 ego
1097 1469 1505 1517 tibideindemittam„
1519 1472 1811 1527 responsionem

78 1554 107 1576 „
134 1539 257 1573 meam
284 1524 345 1566 his
369 1524 656 1572 conditionibus
677 1539 686 1565 z
724 1524 896 1566 Primum
915 1536 958 1566 ut
976 1535 1099 1572 totam
1120 1523 1282 1574 fideliter
1300 1527 1712 1579 curesexcudendam„
1742 1543 1810 1570 ne-

77 1610 106 1631 „
134 1593 209 1634 que
235 1580 439 1636 quicquam
468 1579 609 1631 addas,
637 1590 703 1621 aut
730 1578 909 1622 detrahas
927 1610 940 1632 ,
973 1591 1039 1627 aut
1066 1581 1254 1632 immutes.
1310 1577 1470 1629 Dei-nde
1491 1597 1541 1628 ne
1558 1597 1642 1625 eam
1663 1583 1822 1629 diutius,

77 1664 105 1686 ,‚
134 1634 364 1689 supprimas,
392 1648 491 1677 neve
517 1635 724 1690 quicquam
751 1634 933 1682 adversus
954 1648 1062 1686 eam,
1091 1647 1156 1677 aut
1177 1633 1284 1689 cujus
1302 1636 1494 1684 scribendi
1507 1652 1553 1680 ex
1571 1653 1620 1683 ea
1639 1639 1820 1686 sumserisi

80 1721 108 1741 „
136 1688 402 1741 occasionem,
427 1689 580 1732 emittas
608 1690 648 1730 in
669 1689 885 1744 publicum,
911 1691 1007 1744 quin
1026 1690 1105 1744 ipsa
1123 1690 1187 1737 veli
1200 1691 1281 1743 jam
1304 1691 1512 1745 prodierit,
1541 1694 1605 1738 vel·
1624 1708 1698 1735 una
1708 1708 1825 1748 „pron

80 1775 107 1795 ‚,
135 1744 235 1787 deat.
290 1743 488 1786 Postremo
511 1756 553 1790 ut
573 1742 676 1791 bona
691 1741 770 1790 fide
786 1757 936 1792 mecum
957 1758 1069 1798 agas,
1098 1743 1549 1799 neve‘cumshujusmodi
1571 1748 1697 1802 aliqua
1716 1763 1822 1794 con-2

80 1830 108 1851 „
135 1799 283 1840 ditione
305 1798 570 1848 excudendam
597 1796 772 1853 suscipias
790 1829 801 1848 ,
841 1809 884 1840 ut
912 1797 1042 1840 dicas:
1072 1793 1269 1854 quantum,¹
1290 1801 1336 1848 ia,
1353 1804 1528 1852 mecm,
1558 1816 1646 1849 aut:
1668 1815 1737 1858 per
1753 1818 1827 1851 me)-

79 1881 107 1906 „
136 1867 210 1895 non
237 1854 380 1902 flabit.-
407 1852 499 1905 sed,
517 1867 566 1902 an
587 1853 656 1894 tibi
675 1867 743 1907 per
760 1853 855 1896 alios
872 1852 984 1902 liceat
999 1853 1221 1905 excudere„
1238 1866 1345 1903 cento
1363 1854 1474 1905 scias,
1505 1869 1827 1912 antequam-eam,-

82 1939 109 1962 ‚‚
138 1909 206 1950 tibi
236 1909 337 1951 mitti
364 1908 506 1962 jubeas.
560 1907 659 1949 Illud
677 1908 793 1956 etiam
813 1907 945 1959 addo,
971 1908 1001 1950 sl
1021 1923 1042 1957 ι,
1061 1910 1220 1965 nomine
1237 1923 1326 1955 meo
1349 1912 1586 1964 usqueadeo
1607 1914 1828 1967 abhorres,'‚.

81 1995 109 2016 ,‚
138 1965 319 2018 permitto
338 1963 431 2015 tibi,
457 1973 502 2006 ut
519 1975 605 2010 eam
626 1961 703 2004 sine
722 1976 812 2005 meo
831 1964 990 2012 nomine
1009 1963 1183 2014 emittas,
1214 1967 1253 2012 {k
1275 1978 1338 2012 me
1360 1979 1432 2018 pro
1452 1967 1679 2012 Cast-alione,
1692 1962 1826 2024 qugnss¹¹

82 2049 108 2070 „
136 2019 226 2063 dam
256 2018 424 2073 appelles
446 2048 459 2069 ‚
499 2016 829 2074 quemadmodum
858 2018 1041 2063 haetenus
1061 2017 1205 2066 fecisti,
1234 2019 1355 2074 idque
1371 2019 1485 2072 facias
1506 2023 1546 2067 in
1567 2023 1683 2074 titulo.
1704 2032 1829 2071 meae.

82 2104 109 2125 ,‚
136 2073 399 2128 responsionis.
428 2073 505 2123 His
535 2087 611 2128 ego
639 2073 711 2114 tibi
739 2072 1026 2121 conditionibus
1045 2073 1167 2128 (quas
1182 2087 1321 2134 aequas
1340 2074 1415 2116 effe
1434 2076 1814 2132 confido)1mittam,

81 2156 109 2178 ,‚
137 2129 291 2171 volente
309 2129 420 2179 Deo,
450 2127 515 2177 res
562 2127 734 2175 nfionem
750 2141 895 2180 meam,
924 2140 967 2177 tu
984 2127 1128 2178 deinde
1145 2142 1278 2181 contra
1297 2144 1383 2172 eam
1402 2128 1812 2187 scribi,to&excudit9,

83 2214 110 2236 ‚,
137 2198 234 2239 quae
254 2184 381 2234 voles,
401 2184 477 2226 sive
509 2183 657 2226 eorsum
673 2182 750 2225 sive
767 2184 807 2224 in
827 2183 968 2233 eodem„
977 2197 1065 2231 cum
1075 2184 1337 2233 eauoluminis
1347 2201 1519 2241 corpore.
1551 2188 1750 2234 Hastenus
1761 2186 1816 2236 de‘,

81 2239 427 2292 „conditionibus
449 2239 539 2294 Jam
556 2250 661 2287 extra
680 2239 960 2286 conditiones„
976 2239 1079 2287 dabo
1099 2239 1168 2286 tibi
1186 2240 1408 2292 consilium,
1438 2243 1542 2288 Bleza
1555 2270 1565 2286 ,
1590 2255 1677 2298 ςυοζ
1691 2241 1827 2291 nullus⁴

85 2321 110 2345 ‚,
137 2309 305 2349 unquam
334 2295 477 2345 amicus
502 2294 609 2343 dabit
632 2293 766 2337 sanius.
819 2294 995 2339 Consule
1022 2294 1094 2352 tibi
1123 2307 1165 2342 ut
1183 2295 1368 2344 abstineas
1390 2312 1411 2343 a
1433 2299 1665 2349 maledieti&
1696 2299 1814 2355 idque

85 2380 109 2400 „
141 2363 220 2390 non
251 2363 334 2392 mea
361 2349 468 2391 causa
497 2348 617 2398 facio-,
648 2363 735 2397 nam
768 2350 969 2397 maledisia
987 2350 1107 2394 vestra
1123 2348 1272 2397 causam
1289 2365 1414 2398 meam
1437 2367 1516 2394 non
1536 2366 1613 2401 tarn
1636 2354 1817 2407 laedunt,

85 2433 112 2456 ‚‚
142 2418 257 2459 quam
273 2408 427 2458 juvant:
459 2407 499 2444 &
520 2403 546 2444 sl
567 2419 636 2446 vos
653 2403 814 2446 odissem
827 2437 837 2454 ‚
850 2418 1023 2459 optarem
1037 2416 1102 2455 ‚ut
1123 2406 1162 2447 in
1182 2406 1315 2447 eadem
1328 2407 1593 2453 maledicentia
1605 2409 1816 2462 persevera-v

86 2488 112 2510 „
142 2460 250 2510 retis,
270 2474 348 2514 quo
369 2461 489 2514 magis
506 2459 751 2508 elucesceret,
776 2461 971 2514 cujusnam
992 2460 1153 2514 Spiritus
1173 2475 1275 2501 arma
1294 2462 1493 2516 adversum
1513 2477 1574 2507 me
1592 2464 1824 2511 adhibeatis:

85 2544 111 2565 ‚‚
139 2514 204 2556 sed
226 2514 302 2560 hoc
320 2527 383 2556 tua
404 2513 512 2563 causa
530 2514 697 2562 consulo.
727 2516 898 2570 Primum
916 2516 1006 2569 quia
1028 2515 1297 2564 maledicendo
1318 2531 1458 2570 peccas
1472 2521 1510 2561 in
1533 2519 1679 2569 Deum,
1708 2522 1827 2574 cujus„

86 2595 112 2619 „
135 2568 320 2623 judicium
340 2570 399 2610 vel
419 2570 528 2612 vivus
539 2569 598 2612 vel
618 2582 788 2612 mortuus
799 2568 879 2612 'non
896 2571 1066 2625 effugies.
1094 2570 1249 2618 Deinde
1259 2572 1348 2626 quia
1359 2573 1532 2628 teipsum
1543 2573 1671 2619 reddis
1682 2575 1817 2623 mode:

87 2651 118 2674 „
147 2624 300 2666 stiffimo
328 2625 466 2679 cuique
497 2626 660 2667 maxime
687 2625 859 2672 invisum,
911 2626 1109 2672 Postremo
1137 2627 1226 2680 quia
1253 2628 1399 2669 causam
1421 2640 1525 2676 tua-m
1546 2629 1680 2675 reddis
1695 2629 1818 2684 suspe-

86 2709 112 2729 „
140 2681 261 2730 ctam,
289 2678 384 2729 dum
411 2679 618 2730 rationibus
639 2681 742 2734 quasi
772 2694 905 2735 parum
927 2680 1047 2722 firmis
1064 2681 1248 2727 admisces
1269 2682 1479 2729 malediEta.
1535 2684 1817 2737 Praestaret,‚s&

87 2764 113 2784 ‚‚
143 2736 262 2789 magis
279 2735 485 2789 ingenuum
504 2734 618 2786 esset,
648 2736 726 2783 fine
743 2737 839 2779 odio
856 2750 921 2783 aut
942 2737 1143 2783 acerbitate
1164 2738 1438 2785 contradicere.
1494 2739 1554 2784 Ita
1577 2741 1679 2785 enim
1702 2754 1820 2795 appa·

89 2819 116 2839 ,,
144 2801 238 2830 reret
259 2790 421 2831 studium
442 2791 619 2839 veritatis.
674 2790 751 2833 Sed
771 2803 812 2833 ut
830 2791 871 2834 id
895 2782 1030 2842 facias,
1059 2792 1203 2846 impera
1225 2792 1312 2843 tibi,
1342 2797 1381 2839 ὃς
1403 2805 1571 2840 mentem
1593 2808 1731 2849 quaere
1742 2790 1820 2841 mess

89 2873 114 2893 ,‚
143 2843 286 2886 liorem.
321 2845 481 2898 Alioqui
501 2845 528 2894 si
542 2872 554 2892 ,
569 2845 735 2894 eundem
755 2848 923 2894 animum
943 2848 1131 2898 retinens,
1159 2847 1282 2892 verbis
1300 2848 1527 2902 modestiam
1549 2849 1741 2895 simulares
1755 2859 1825 2897 aut

90 2928 118 2948 „
147 2897 308 2959 scriptis,
337 2899 525 2949 simulatio
543 2900 634 2949 esset
655 2901 778 2943 nihilo
799 2902 933 2947 melior
954 2916 1070 2958 quam
1091 2901 1367 2949 maledicentia,
1423 2904 1535 2949 Haec
1555 2919 1630 2959 ego
1650 2905 1719 2949 tibi
1739 2918 1827 2960 quo,

92 2982 118 3003 ,»
147 2966 276 3003 ammo
306 2954 483 3001 scribam,
513 2956 623 3003 novit
653 2957 758 2998 Deus
779 2961 817 2996 δε
837 2971 936 3011 eg0;
963 2971 1080 3012 quam
1096 2971 1185 3003 vere
1206 2960 1245 2997 &
1269 2958 1473 3013 salutariter
1491 2959 1671 3010 scribam,
1702 2972 1743 3002 tu
1762 2961 1822 3014 ip-

91 3036 119 3057 „
149 3006 185 3047 se
211 3009 437 3062 cognosces,
469 3010 495 3050 si
526 3011 566 3050 in
587 3022 624 3051 te
643 3012 766 3065 ipsum
784 3011 1033 3054 descenderis.
1089 3013 1189 3054 Non
1208 3011 1276 3053 odi
1297 3025 1357 3063 te,
1387 3013 1561 3068 quamvis
1580 3029 1601 3057 a
1620 3026 1659 3061 te
1680 3016 1720 3058 in
1741 3015 1830 3067 quis

91 3088 120 3113 ‚‚
149 3061 307 3123 busdam
337 3063 573 3115 dissentiam,
603 3069 643 3113 ὃς
673 3067 788 3120 cupio
809 3081 898 3121 erga
914 3080 973 3118 te,
1004 3067 1097 3111 sicut
1116 3072 1156 3109 &
1175 3081 1266 3122 erga
1285 3082 1420 3115 omnes
1441 3069 1557 3115 alios,
1587 3069 1720 3115 officio
1737 3069 1824 3113 fun-

86 3146 118 3167 „
145 3131 186 3170 gi
206 3116 371 3158 hominis
392 3118 612 3169 Christiani.
669 3121 882 3169 Contende
903 3137 1052 3168 mecum
1068 3123 1272 3165 charitate:
1299 3124 1447 3170 nullum
1469 3138 1638 3177 unquam
1661 3122 1829 3169 habuisti,

91 3201 119 3222 2,
147 3172 311 3221 amicum
328 3168 549 3235 fideliorem,
607 3175 870 3230 Reprehende
887 3178 1033 3273 ³¹¹?an
1054 3177 1321 3229 translatione,
1351 3191 1451 3233 quae
1476 3178 1645 3237 potensi
1672 3191 1753 3222 rem
1771 3176 1824 3238 sa*

1003 3245 1025 3285 3
1693 3261 1722 3283 „
1748 3244 1826 3273 cies
