1976 3519
132 205 214 245 224
576 194 1397 232 ΕΥΑΓΓΕΛΙΟΝ

135 286 244 308 tantum
263 279 307 308 sed
324 278 363 306 bis
381 277 456 310 addi,
478 274 508 304 τὶ
526 273 690 309 ’Eum-ysam
708 272 738 304 τὶ
766 273 839 303 narba
857 276 1007 314 Μιτθοιῖον)
1029 284 1058 305 at
1074 286 1130 305 non
1147 277 1235 309 recte,
1256 285 1321 304 meo
1338 275 1450 313 quidem
1468 274 1570 313 judicio
1609 276 1735 315 negleffli
1757 280 1840 309 veteri
1855 281 1883 310 δι

136 318 242 356 magnis
262 317 406 354 multisque
420 316 531 345 testibus
546 316 657 354 probata
672 314 817 354 scriptura,
841 326 901 344 earn
913 337 921 349 ,
948 325 1016 353 quae
1040 316 1069 343 in
1083 315 1197 343 secunda
1213 317 1300 343 Bezae
1326 314 1453 343 Editione
1475 323 1568 348 extat,
1588 318 1662 353 quasi
1689 317 1784 352 injuste
1808 329 1823 347 a
1837 329 1883 357 pa·

136 364 213 386 rente
236 355 284 384 suo
305 354 461 393 expulsam,
483 362 659 393 receperunt,
681 354 718 382 ita
738 354 835 382 timide
856 362 950 382 tamen
970 362 1051 392 atque
1074 354 1273 386 inconstanter,
1300 361 1332 381 ut
1353 362 1411 381 non
1428 353 1476 382 nisi
1501 353 1582 382 semel
1607 355 1689 383 initio
1715 355 1883 395 singulorum

139 395 349 432 Evangeliorum
366 393 557 432 praefigerent,
577 392 686 421 alteram
701 402 784 426 vero,
806 403 857 431 pro
873 402 926 431 qua
948 403 998 421 nos
1023 393 1232 425 contendimus,
1261 392 1291 420 in
1313 391 1429 420 summis
1451 393 1556 431 paginis
1578 402 1625 430 per
1641 403 1741 422 omues
1757 397 1882 434 Evange-

138 433 238 463 liorum
253 433 332 461 libros
347 431 563 469 conspiciendam
580 438 771 470 proponerent.

179 474 252 499 Haec
268 472 379 509 quidem
396 471 550 510 Disputatio
569 471 736 498 Matthaeum
753 478 810 497 non
826 467 943 506 respicit.
967 470 1043 498 Licet
1061 470 1136 498 enim
1152 468 1343 506 Inscriptiones
1366 469 1421 499 sive
1436 469 1541 499 Indices
1564 476 1592 497 et
1607 469 1812 509 subscriptiones
1831 474 1883 502 fnt

138 510 337 548 antiquissimae
349 531 355 542 ,
376 512 480 538 constat
495 517 587 537 tamen
605 508 674 536 inter
689 508 810 537 eruditos
821 528 829 539 ,
849 516 906 536 non
923 508 977 536 ess‘e
992 507 1045 535 illas
1061 509 1094 536 ab
1108 508 1170 547 ipsis
1191 507 1364 546 Evangelistis
1381 516 1408 537 et
1425 508 1562 547 Apostoiis
1576 508 1713 546 profectas
1727 520 1733 537 z
1751 511 1782 538 ad
1799 512 1881 540 Titu-

138 548 179 578 los
197 549 307 587 quidem
334 548 545 586 Evangeliorum
561 547 636 585 quod
656 547 768 579 attinet,
789 555 855 573 cum
878 546 979 584 singula
997 546 1095 575 similes
1119 547 1248 579 habeant,
1267 545 1429 579 Ἐωνγγέλιοι
1448 548 1520 573 και-ὰ
1545 546 1698 576 Ματθοιῒον,
1721 545 1886 581 Ἐυιγγέλω

140 585 213 615 ιιοιτὶι
238 587 336 624 Μάρκον
352 609 360 620 ,
387 587 550 619 Ἔνονγγίλιον
569 582 641 612 :arb
661 584 771 617 Λουκῖιν,
788 580 951 616 Ἐυοιγγίλιον
970 588 1042 611 »σιτ-ὀι
1061 585 1173 617 lunium,
1199 583 1324 613 credibile
1357 587 1394 614 est
1411 607 1419 618 ,
1447 594 1504 613 non
1526 596 1541 613 a
1563 592 1678 622 quatuor
1700 586 1809 615 diversis
1827 593 1883 616 Au·

142 626 281 659 aeribus,
311 625 354 654 sed
372 625 404 653 ab
430 635 486 652 uno
502 624 654 661 eodemque
676 622 820 659 adscriptos
842 622 929 650 fuisse.
967 625 1050 660 Syrus
1066 624 1177 661 quidem
1195 624 1276 651 variat
1297 623 1436 652 scribens:
1466 625 1632 661 evangelium
1645 623 1764 660 fizmffum
1787 629 1885 662 praean-

143 666 245 693 cationis
260 665 388 694 Matthaei
403 665 527 701 Apostoli,
547 662 714 699 Evangelium
724 661 845 698 sanflum
862 664 1070 692 Annuntiationis
1090 664 1173 690 Marci
1192 663 1378 699 Evngelfiu,
1399 662 1565 699 evangelium
1579 662 1699 698 sanc7um
1715 666 1883 700 pra-dicatio-

141 705 181 731 nis
194 708 291 735 Lucae,
310 703 478 740 Evangelium
488 702 610 739 sanflum
626 700 813 738 praedicationis
824 698 930 736 Joanm's
947 702 1067 738 praeconis
1079 720 1085 729 .
1107 702 1173 738 quod
1188 701 1286 729 locutus
1302 701 1331 737 est
1350 700 1384 735 ὁ·
1399 703 1555 739 praedicavit
1570 704 1660 729 Graece
1677 700 1764 739 Ephesi
1808 703 1884 740 Qae

145 751 229 770 nemo
246 740 320 769 facile
335 741 451 779 genuina
467 742 494 768 δε
512 739 567 767 aliis
582 737 768 776 anteponenda
788 738 842 764 ess'e
864 737 1022 773 judicaverit
1070 738 1236 766 Christianus
1260 738 1456 767 Druthmarus:
1477 745 1552 768 Hunc
1567 741 1694 772 titulum,
1716 739 1819 777 inquit,
1839 753 1885 771 mn

139 779 203 818 fecit
215 780 381 817 Evangeltsta.
400 778 516 807 Galenus
532 779 563 805 de
581 777 652 804 libris
667 776 720 803 suis
736 774 847 814 z-Oc'hoie
866 774 916 812 'sap
936 770 948 803 ii
969 775 1104 810 μαθηταῖς
1124 773 1219 803 {Ji'albn
1241 775 1312 811 χωρίς
1336 777 1473 811 ἐπιγραφῆς
1490 795 1498 806 ‚
1524 777 1553 807 ὡς
1569 771 1599 802 ib
1621 774 1673 804 aad}
1695 776 1753 814 πρὶς
1774 776 1888 820 i'ndocu,

145 817 209 844 ἀλλ’
226 820 307 848 αὑτοῖς
324 815 413 848 ἔκηἰοις
426 816 569 849 γεγονότι,
588 811 722 846 δεηθεῖσιν,
741 814 770 839 ω’»
793 811 917 846 ἤκουε-σιν,
937 812 998 848 ἔχειν
1014 815 1191 851 ὑπομνήματα
1210 829 1261 837 ——
1280 811 1331 848 37⁸⁸
1345 812 1371 843 d‘i
1389 815 1476 846 ἁπλῶς
1498 812 1573 846 δὶὲοὺς
1599 817 1647 845 τοῖς
1667 817 1803 851 μαθηταῖς
1826 815 1888 845 «idio

141 866 181 883 πε
215 868 232 882 οι
260 867 288 884 οι.

183 851 349 932 ῃειΐθοιῖου]
372 892 471 931 Clycas
488 890 582 919 Annal.
594 899 634 918 iv.
650 899 678 927 p.
690 889 753 917 ¹82.
773 887 884 920 Nati-rats
897 900 933 920 τις
950 905 1000 911 -
1013 892 1183 927 χειροτονεῖται
1206 890 1370 928 Πατριᾶρχης-
1390 889 1457 920 οὗτος
1477 889 1543 918 ποτὶ
1567 889 1769 924 τὶἘυαιγγίλων
1792 893 1885 927 a'zmayt·

148 930 244 960 ,ὄσ-κων
258 932 281 959 ἰν
295 933 331 957 τῦ
347 931 438 959 uraniae
446 932 523 957 adro?
534 952 540 962 ,
559 926 614 954 &vri
625 929 668 954 τοῦ
683 929 765 956 ειῑλ-εῒν.
783 927 812 952 iz
826 928 869 953 τοῦ
885 926 956 954 κατὰ
979 929 1115 956 Μιτθειΐοι
1127 951 1133 961 ,
1154 931 1181 956 ἐκ
1197 931 1241 956 τοῦ
1261 932 1334 956 κατὰ
1347 926 1483 956 Ματθαῗιν
1508 928 1648 962 ἒξεφώνησῡ.
1675 930 1733 963 Ἐφ’
1749 925 1768 957 οἷ
1787 932 1837 960 καί
1849 941 1887 964 τις

149 970 197 996 τῶν
215 960 393 1006 raptent-'pom
405 959 453 996 εἶ’πε
466 986 473 997 ,
499 964 537 1003 poi·
551 964 625 1002 δι’σιιρι
640 968 680 995 τἠν
704 968 724 993 Α
735 968 757 993 1.
771 962 926 1000 δΥΦθογγον.
943 965 1002 1003 [spis
1016 964 1037 993 ἲν
1054 968 1135 998 iasii-5
1146 965 1193 1002 ’ἔφη
1213 965 1286 1003 μητόι
1307 966 1402 1003 θυμοῦ
1424 969 1552 1004 φλυαρεῖς,
1570 965 1605 994 τὶι
1619 965 1671 1004 ’γὶις
1689 959 1829 1004 di‘qoffawa
1842 969 1888 998 καὶ

150 1006 292 1042 τρίφθογγιι
308 1006 400 1034 πολλὴ
413 1005 512 1042 faretri
527 1001 599 1038 ψυχη
617 1014 680 1039 ,uu-v.
721 1005 762 1032 Ex
781 1012 837 1041 quo
857 1004 1016 1034 testimonio
1031 1005 1224 1045 consequitur,
1243 1008 1362 1036 Graecos
1377 1018 1403 1035 ct
1426 1008 1453 1036 &
1469 1010 1500 1033 αϊ
1511 1015 1587 1040 non,
1608 1013 1640 1035 ut
1654 1016 1726 1036 nunc
1744 1007 1778 1038 fit
1795 1019 1810 1038 a
1825 1009 1887 1049 qui-

151 1044 280 1079 busdam,
304 1047 403 1075 eodem
419 1044 487 1072 sono
505 1043 684 1083 pronunciare
701 1041 877 1071 consuevisse.

152 1246 210 1277 tius
226 1245 378 1289 scrupulos
392 1256 427 1278 ex
438 1242 550 1278 Christi
567 1243 733 1279 humilitate
746 1269 756 1285 ,
776 1252 945 1290 paupertate
962 1243 997 1280 se

154 1297 252 1320 morte
276 1290 473 1331 ignominiosa
499 1291 554 1320 illis
579 1290 701 1329 injefios
728 1292 863 1322 evelleret
879 1315 888 1329 ,
909 1300 997 1332 atque

153 1341 219 1362 eam
238 1333 267 1362 in
294 1343 356 1363 rem
376 1333 465 1363 multa
490 1342 524 1363 ex
542 1332 609 1363 Vet.
623 1332 707 1363 Test.
727 1331 793 1364 loca
809 1333 845 1363 ad
863 1333 997 1365 testimo-

153 1375 235 1405 nium
254 1375 355 1406 citaret
374 1386 382 1405 ·.
411 1376 492 1415 quod
521 1376 616 1415 ipsum
641 1375 768 1406 studiose
790 1375 892 1407 fecisse
909 1377 940 1407 in
956 1376 998 1408 se-

154 1417 309 1457 quentibus
326 1417 588 1449 demonstrabitur.

196 1458 307 1499 Neque
333 1469 403 1489 vero
433 1468 494 1490 tam
520 1460 605 1491 facile
643 1460 812 1492 assentimur
842 1459 999 1493 sententiae

154 1502 320 1532 eorundem
335 1501 457 1533 Parrum
475 1501 682 1544 statuentium,
706 1502 892 1535 Matthaeum
910 1503 1001 1544 scrip-

155 1543 217 1576 sisse
232 1544 468 1584 Hebraice,hoc
487 1544 529 1575 est
537 1546 655 1586 Syriace
670 1546 729 1577 five
748 1545 910 1577 Chaldaice
920 1568 929 1584 ‚
945 1555 1001 1586 qua

155 1586 275 1627 Lingua
291 1597 363 1618 tunc
381 1589 522 1627 temporis
534 1587 638 1626 Judaei
654 1588 685 1619 in
702 1588 862 1620 Palaestina
879 1588 1002 1620 uteban-

155 1636 221 1660 tur:
239 1628 394 1668 Jacobum
412 1640 483 1661 vero
503 1629 634 1660 Fratrem
656 1630 800 1671 Domini,
829 1639 862 1661 ut
880 1631 1001 1670 quidam

156 1671 285 1710 addunt,
306 1670 355 1702 vel
367 1696 377 1712 ,
395 1680 426 1702 ut
443 1672 510 1710 alii,
534 1671 682 1711 joannem
699 1673 775 1703 istud
803 1672 1003 1711 Evangelium

156 1714 188 1745 in
219 1713 368 1744 Graecam
395 1713 544 1752 Linguam
563 1714 748 1745 convertisse.
792 1713 1003 1745 Existimamus

157 1757 238 1787 enim
256 1756 355 1787 Patres
371 1755 420 1785 hic
435 1757 497 1795 jam
513 1766 577 1786 non
592 1755 797 1787 testimonium
813 1755 930 1795 dicere,
955 1756 1002 1787 sed

157 1797 364 1839 conjecturam
381 1797 460 1828 suam
478 1799 508 1828 in
534 1798 666 1829 medium
681 1798 814 1840 proferre
831 1823 841 1839 ,
866 1808 927 1829 non
952 1798 1002 1829 ad-

159 1840 335 1872 mittendam
358 1841 379 1872 fi
397 1849 444 1872 aut
470 1840 584 1872 idoneis
600 1841 764 1872 rationibus
780 1851 841 1871 non
856 1841 890 1873 fit
908 1841 981 1872 fulta
992 1864 1002 1878 ,

158 1893 208 1915 aut
221 1883 436 1915 verosimilibus
451 1884 630 1924 argumentis
647 1885 765 1915 refutari
781 1883 878 1925 possit.
907 1883 1001 1922 Quod

160 1927 240 1957 enim
260 1934 361 1967 putant
386 1925 499 1956 necesse
520 1925 622 1964 fuisse,
651 1935 683 1957 ut
706 1925 851 1957 Hebraeis
874 1925 1002 1957 scribens

160 1968 311 2001 Hebraice
328 1968 482 2005 scriberet,
507 1977 611 1999 verum
630 1978 692 2000 non
710 1968 753 1999 est
771 1980 777 1999 z
801 1978 872 1999 curn
888 1968 1003 1999 constet

160 2020 199 2042 eo
216 2020 351 2050 tempore
374 2010 522 2051 Linguam
546 2010 695 2042 Graecam
714 2021 765 2052 per
790 2020 887 2041 totum
905 2012 1003 2051 impe·-

162 2054 240 2085 rium
270 2054 446 2085 Romanum
475 2060 503 2083 et
527 2053 557 2083 in
578 2051 688 2093 Judaea
711 2052 876 2095 praesertim
897 2054 926 2085 in
953 2055 1003 2085 usu

162 2097 255 2127 fuisse.
279 2096 349 2127 Nec
364 2095 478 2126 firmius
495 2095 557 2134 est,
577 2095 659 2136 quod
677 2095 807 2136 addunt,
828 2096 1005 2127 Haereticos

152 2140 305 2181 ·quosdam
323 2148 385 2168 non
402 2138 495 2170 solum
515 2139 544 2168 in
561 2138 662 2169 eadem
680 2138 765 2169 fuisse
780 2138 935 2179 sententia,
958 2139 1004 2170 sed

160 2183 250 2213 etiam
268 2181 410 2212 Matthaei
420 2181 614 2221 Evangelium
628 2181 777 2212 Hebraice
794 2181 936 2222 scriptum
951 2181 1005 2212 ha-.

162 2224 264 2256 buisse.
276 2223 437 2254 Audiamus
455 2223 654 2264 Epiphanium
670 2224 758 2254 Haer.
777 2224 881 2255 282de
899 2224 1005 2255 Cerin-

162 2267 279 2298 thianis.
298 2267 402 2305 Χρόντιιι
419 2268 452 2303 τῷ
464 2268 536 2295 κατ-ξι
551 2270 680 2294 Maeoni-r
693 2266 904 2304 'Euawmsaa'mb
919 2268 1006 2306 μέρους

161 2310 209 2339 nai
225 2312 272 2347 οὐχ
295 2309 341 2346 ἕλᾳ
354 2307 395 2338 Η.
411 2318 463 2347 29.
480 2307 516 2338 de
537 2307 707 2340 Nazaraeis.
734 2306 823 2345 ’ἔχοντι
839 2307 865 2337 Ji
885 2309 914 2338 τὶ
933 2309 1005 2339 nario

161 2355 290 2382 Μκτθαῖον
314 2351 474 2385 'Eva-mim„
495 2352 653 2389 πληρέςαιτοι
674 2351 788 2388 Ἐβροιΐςί
805 2372 814 2387 ,
839 2350 906 2390 παρ’
919 2354 1003 2384 aaa-01⁴5

160 2394 210 2433 γὶιρ
227 2395 316 2432 carpite
332 2395 405 2422 τοῦτο
415 2417 423 2431 ‚
433 2392 510 2425 κιθὶνς
526 2395 552 2430 ἐξ
565 2395 641 2431 ἀρχῆς
655 2392 752 2430 ’γράφη
765 2395 900 2429 Ἑβραϊκοῖς
910 2392 1003 2432 ‘ypipo-

161 2434 309 2477 pmcnssrt
324 2434 445 2473 σ-ἇζιτειι.
460 2435 504 2466 H.
525 2445 575 2475 30.
594 2435 631 2465 de
649 2435 800 2466 Ebionitis
823 2434 938 2471 δ’ίκοπιιι
959 2436 1005 2474 μὲν

162 2480 206 2509 καὶ
223 2475 296 2507 αὐτοὶ
310 2478 339 2507 τὶ
355 2478 427 2507 κατὰ
449 2482 575 2507 Ματθιιῖον
590 2479 771 2518 Ἐυσιγγίλιον,
791 2480 868 2514 τούτῳ
890 2477 943 2517 ‘stag
958 2478 1004 2507 zati

160 2521 235 2550 αὐτοὶ
253 2521 283 2554 ἃς
307 2520 349 2550 καὶ
372 2523 394 2548 οἱ
418 2520 489 2549 κατὰ
505 2520 606 2559 Κῆρινθον
621 2521 727 2559 χρῧνται
741 2520 813 2559 μόνῃ·
843 2521 958 2549 Καλοῧσι
979 2519 1005 2549 ὅῖ

161 2564 225 2594 αὖτ’.
246 2563 319 2592 anri»
332 2562 464 2601 Ἐβραίους.
493 2564 514 2592 s'r
536 2563 572 2590 τῦ
595 2565 653 2597 ’γοῦν
668 2561 731 2602 ποι-ρ’
747 2564 828 2595 nbi-⁰2¹5
848 2562 1006 2601 Ἐνκννελιζυ

159 2605 232 2635 sarie
254 2608 378 2635 Maereat„
399 2604 590 2644 ὀνομαζομένῳ,
626 2605 674 2640 οὐχ
690 2605 737 2642 ἰ’λᾳ
756 2603 798 2642 [l.
813 2606 856 2633 οὔκ
871 2603 943 2646 ζ’ντι]
961 2603 987 2632 δὲ
996 2629 1007 2645 ‚

159 2646 321 2685 σληρες-άτῳ,
343 2646 415 2676 &Aah
434 2645 626 2685 νενυθενμιὲνᾳκσιῗ
642 2647 860 2686 ἦκριιτηριιισ-μένᾳ.
885 2646 929 2678 Ex
945 2656 1008 2687 quo

160 2688 320 2730 Epiphanii
338 2688 509 2720 testimonio
543 2688 732 2720 manifestum
754 2688 815 2728 est,
833 2688 1009 2720 Nazaraeos

159 2740 324 2771 eorumque
338 2731 433 2762 socios
444 2731 514 2762 falso
531 2732 654 2762 nomine
670 2730 809 2772 scriptum
824 2730 988 2762 fabulosum
998 2755 1008 2772 ‚

160 2782 195 2805 ut
211 2774 390 2814 imposturae
413 2773 617 2805 auctoritatem
635 2775 847 2815 conciliarent,
867 2773 1007 2814 Evange—

158 2816 234 2848 lium
254 2816 396 2847 Matthaei
420 2815 582 2856 appellasse.
620 2814 749 2847 Constat
772 2825 918 2857 praeterea
933 2816 1006 2847 isto-

159 2867 227 2890 rum
249 2858 409 2890 hominum
436 2858 542 2899 placita
565 2859 598 2888 iis
622 2867 696 2898 quae
725 2868 809 2890 verus
833 2857 1004 2889 Matthaeus

160 2910 232 2932 cum
251 2901 368 2942 reliquis
387 2899 536 2941 Apostolis
553 2900 713 2938 docuerat,
735 2902 883 2932 contraria
900 2900 1003 2941 fuisse3

159 2944 232 2983 quin
249 2945 336 2974 etiam
355 2943 402 2974 illa
415 2942 573 2984 ipsa,quae
589 2943 627 2972 ab
645 2942 815 2983 Epiphanio
831 2942 1005 2983 atqueHie-

159 2995 291 3025 ronymo
306 2986 468 3016 afferuntur
481 2994 515 3016 ex
532 2984 589 3016 isto
605 2983 768 3026 Evangelio
784 2984 936 3016 Hebraico
947 3007 956 3022 ,
966 2986 1006 3016 ita

159 3038 178 3061 ι
193 3027 317 3061 Graecis
332 3028 396 3061 sunt
411 3027 579 3067 divers22ut
595 3028 709 3060 nemini
726 3027 796 3059 sano
811 3026 877 3070 post
894 3026 1006 3061 fatiam

1040 1245 1299 1288 comparationem
1316 1246 1346 1277 in
1363 1251 1492 1278 mentem
1516 1245 1615 1277 venire
1629 1245 1738 1287 poffit,
1756 1244 1834 1277 istud
1851 1253 1889 1279 ex

1040 1289 1092 1321 illo
1113 1290 1280 1321 derivatum
1306 1288 1400 1320 fuisse.
1429 1287 1575 1320 Videntur
1606 1298 1678 1329 ergo
1704 1289 1891 1322 vetustissimi

1040 1332 1158 1373 Patres,
1178 1332 1210 1363 &
1230 1333 1305 1363 inter
1321 1341 1371 1362 eos
1386 1333 1499 1373 primus
1523 1330 1625 1372 Papias
1647 1331 1742 1361 homo
1766 1331 1890 1372 simplex

1040 1376 1075 1406 δε
1089 1375 1240 1414 credulus,
1259 1384 1289 1406 re
1307 1384 1369 1404 non
1385 1374 1552 1414 explorata,
1573 1374 1652 1404 inani
1663 1374 1889 1406 Nazaraeorum

1035 1417 1194 1457 jaCtantiae
1203 1427 1312 1449 temere
1328 1416 1418 1448 fidem
1435 1415 1582 1455 habuisse,
1595 1417 1779 1456 junioribus,
1793 1425 1827 1447 ut
1841 1416 1890 1447 so·

1041 1460 1120 1500 lent,
1130 1459 1323 1500 sequentibus.
1347 1459 1496 1490 Nazaraei
1512 1459 1606 1489 saltim
1625 1469 1687 1489 non
1698 1459 1780 1500 digni
1796 1467 1890 1501 erant,

1042 1501 1149 1542 quibus
1173 1502 1360 1542 crederetur,
1381 1511 1472 1539 cum,
1501 1509 1612 1541 praeter
1636 1501 1713 1532 istud
1740 1500 1890 1533 Matthaei

1043 1543 1232 1575 Hebraicum
1250 1568 1260 1583 ,
1288 1545 1376 1574 etiam
1411 1542 1593 1584 apocrypha
1613 1542 1758 1583 Jeremiae
1771 1568 1782 1585 ,
1817 1543 1890 1576 teste

1044 1585 1235 1627 Hieronymo
1245 1587 1274 1616 in
1286 1586 1397 1617 Matth.
1409 1595 1514 1617 xxvn.
1523 1587 1552 1616 6.
1562 1586 1609 1626 &,
1621 1585 1790 1627 Epiphanio
1798 1588 1891 1627 teste,

1045 1627 1292 1668 Pseudevangelia
1319 1625 1430 1667 jacobi
1458 1629 1492 1660 ὃ(
1516 1627 1641 1667 Joannis
1667 1639 1724 1670 pro
1754 1629 1891 1669 genuinis

1046 1670 1210 1712 supponere
1232 1679 1318 1709 atque
1336 1670 1482 1701 venditare
1498 1670 1601 1710 insigni
1625 1669 1808 1712 impudentia
1823 1672 1891 1703 fue-

1046 1713 1187 1743 rintvaufi.
1223 1711 1355 1743 Nullum
1371 1721 1448 1743 certe
1466 1713 1496 1742 in
1513 1712 1616 1743 nostro
1634 1712 1792 1744 Matthaeo
1809 1723 1892 1754 repe-

1047 1756 1120 1785 ritur
1137 1754 1280 1786 indicium
1291 1778 1301 1794 ,
1312 1755 1389 1785 unde
1406 1754 1508 1795 colligi
1524 1754 1628 1795 poffit,
1638 1764 1674 1786 ex
1688 1755 1742 1786 alia
1758 1756 1789 1786 in
1804 1756 1891 1787 aliam

1044 1796 1176 1837 linguam
1193 1797 1279 1829 fuisse
1294 1797 1489 1828 conversum:
1507 1798 1632 1837 plurima
1647 1807 1720 1829 vero
1735 1798 1813 1829 aliud
1829 1799 1894 1830 sua·

1045 1838 1128 1870 dent.
1164 1839 1197 1871 Si
1218 1840 1298 1871 enlm
1316 1839 1482 1871 Matthaeus
1507 1839 1657 1871 Hebraice
1679 1840 1790 1881 scripsit
1806 1865 1817 1882 ‚
1838 1843 1891 1883 qui

1044 1881 1156 1913 faiturn
1183 1891 1214 1912 ut
1233 1890 1294 1912 tam
1319 1883 1381 1914 cito
1407 1884 1548 1923 scriptum
1570 1883 1690 1923 periret,
1711 1893 1743 1914 ut
1761 1893 1799 1914 ne
1816 1893 1892 1916 unus

1046 1923 1103 1955 fide
1127 1924 1231 1965 dignus
1254 1924 1353 1962 testis,
1373 1926 1423 1964 qui
1447 1924 1474 1955 se
1499 1924 1569 1954 illud
1587 1925 1688 1956 vidisse
1711 1925 1892 1967 affirmaret,

1045 1975 1081 1996 ex
1101 1974 1179 1999 ,tota
1211 1967 1383 2006 antiquitate
1408 1966 1594 2009 superesset?
1621 1976 1652 1998 ut
1676 1967 1734 2009 ipse
1767 1969 1891 2001 Marcus

1045 2007 1230 2050 Evangelista
1250 2009 1395 2040 Matthaei
1411 2010 1503 2040 verba
1520 2009 1637 2040 Graeca
1653 2012 1681 2040 in
1697 2015 1780 2041 suum
1791 2012 1894 2044 Evan-

1045 2051 1154 2091 gelium
1170 2051 1357 2083 transferret?
1379 2060 1410 2082 ut
1429 2052 1630 2092 interpretatio
1646 2055 1806 2084 nominum
1823 2054 1892 2085 He-

1045 2094 1235 2131 braicorum,
1252 2105 1310 2135 qua
1327 2094 1477 2126 Hebraice
1490 2095 1627 2125 scribenti
1645 2105 1704 2126 non
1721 2106 1795 2135 opus
1811 2106 1894 2137 erat,

1046 2137 1262 2178 apponeretur?
1280 2145 1312 2168 ut
1330 2137 1500 2168 testimonia
1509 2136 1547 2168 V.
1557 2137 1597 2168 T.
1608 2148 1670 2168 non
1685 2147 1718 2168 ex
1734 2137 1891 2171 Hebraico

1047 2179 1130 2210 fonte
1146 2179 1192 2210 sed
1217 2189 1252 2210 ex
1269 2179 1405 2211 versione
1428 2179 1565 2220 Graeca,
1595 2180 1681 2210 etiam
1703 2181 1755 2212 ubi
1771 2182 1810 2212 ab
1827 2182 1892 2213 He-

1047 2221 1136 2252 braeo
1152 2220 1298 2262 dissentit,
1317 2222 1499 2253 citarentur?
1511 2230 1542 2252 ut
1559 2221 1684 2263 denique
1699 2233 1891 2266 omnesquae

1045 2272 1145 2295 extant
1159 2263 1334 2303 verfiones,
1345 2264 1451 2296 Latina
1461 2287 1470 2303 ,
1491 2264 1562 2305 Syra
1572 2286 1581 2302 ,
1604 2264 1721 2305 Copta,
1740 2267 1889 2308 Armena,

1046 2305 1225 2347 AEthiopica
1241 2317 1306 2339 non
1330 2307 1368 2338 ad
1389 2307 1594 2338 authenticum
1611 2331 1621 2348 ,
1647 2307 1694 2338 sed
1715 2308 1751 2339 ad
1768 2309 1890 2342 Versio-

1043 2358 1115 2380 nem
1129 2348 1294 2390 Graecam,
1316 2350 1336 2381 fi
1359 2349 1471 2390 placet,
1493 2350 1726 2381 adornarentur?
1749 2351 1891 2390 Quorum

1045 2392 1183 2423 omnium
1200 2392 1275 2423 ratio
1292 2392 1321 2422 in
1337 2401 1438 2433 aperto
1455 2391 1496 2422 est
1508 2414 1517 2430 ,
1534 2392 1555 2423 fi
1569 2391 1757 2424 Matthaeum
1775 2394 1890 2426 Graece

1046 2433 1186 2476 scripsisse
1204 2435 1416 2466 concedamus.
1437 2434 1523 2466 Adde
1538 2435 1622 2465 nullo
1637 2435 1731 2467 modo
1750 2436 1892 2469 credibile

1048 2476 1122 2517 esse,
1143 2476 1306 2518 Apostolos
1331 2478 1410 2508 circa
1433 2477 1548 2508 alterius
1566 2477 1707 2518 Apostoli
1733 2478 1838 2520 scripta
1857 2480 1889 2512 in

1047 2520 1134 2550 aliam
1150 2519 1284 2561 linguam
1298 2519 1501 2552 convertenda
1518 2519 1602 2550 fuisse
1617 2529 1802 2561 occupatos3
1818 2523 1891 2562 quin

1048 2563 1147 2603 potius
1173 2562 1310 2603 videtur,
1332 2562 1449 2594 easdem
1470 2563 1611 2598 rationes,
1631 2562 1739 2603 quibus
1756 2563 1892 2604 Jacobus

1049 2604 1098 2636 vel
1108 2604 1241 2644 Joannes
1267 2606 1434 2647 permoveri
1451 2613 1605 2645 poterant,
1616 2612 1648 2635 ut
1663 2605 1753 2636 talem
1772 2606 1891 2639 versio-

1048 2656 1119 2677 nem
1134 2646 1328 2688 adornarent,
1343 2647 1472 2678 debuisse
1487 2648 1575 2678 etiam
1592 2646 1686 2688 ipsum
1703 2647 1890 2681 Matthaeurn

1050 2697 1232 2729 movere‚ut
1248 2691 1378 2731 primurn
1390 2700 1453 2720 non
1461 2689 1612 2720 Hebraice
1628 2689 1677 2719 sed
1687 2690 1803 2722 Graece
1819 2693 1890 2724 scri-

1051 2731 1142 2763 beret.
1177 2732 1315 2772 Quoquo
1336 2732 1429 2762 modo
1452 2739 1552 2762 autem
1569 2731 1596 2761 se
1612 2740 1655 2761 res
1673 2731 1796 2775 habeat,
1817 2734 1891 2766 illud

1048 2774 1127 2814 apud
1143 2783 1246 2805 omnes
1263 2776 1292 2804 in
1309 2773 1444 2805 confesso
1460 2773 1523 2814 est,
1544 2772 1637 2814 ipsum
1665 2773 1809 2807 Matthaei
1829 2778 1891 2809 Au-

1049 2816 1227 2856 tographum
1245 2838 1256 2854 ,
1293 2816 1353 2847 five
1383 2816 1531 2847 Hebraice
1563 2815 1619 2847 five
1641 2814 1757 2847 Graece
1790 2828 1889 2850 exara-

1047 2864 1110 2888 tum
1128 2859 1234 2898 fuerit,
1256 2857 1370 2889 dudum
1392 2856 1570 2889 intercidisse
1584 2882 1594 2898 ‚
1622 2868 1677 2889 nec
1701 2858 1778 2890 aliud
1799 2861 1890 2892 hodie

1045 2908 1145 2931 extare
1163 2909 1264 2930 veram
1280 2901 1354 2931 inter
1370 2909 1417 2932 tot
1432 2901 1585 2932 varietates
1600 2901 1767 2932 inveniendi
1781 2902 1889 2935 lectio-

1046 2952 1119 2972 nem
1135 2941 1286 2981 medium,
1307 2952 1418 2984 praeter
1434 2942 1605 2983 diligentem
1623 2943 1834 2984 exemplarium
1852 2946 1886 2977 δε

1048 2992 1332 3026 monumentorum,
1360 2995 1435 3029 quae
1455 2985 1624 3028 supersunt,
1645 2985 1837 3019 collationem
1851 2988 1887 3020 δε

1048 3027 1325 3060 confiderationem.

1656 3189 1886 3230 ΒΙΒΛΟΣ
