1976 3519
407 248 1424 300 PROLEGOMEN-A„
1737 267 1795 308 95

59 339 246 389 dicanda,
276 337 381 392 cujus
411 337 466 378 est
489 335 671 390 judicare.
730 335 874 385 Reae,
909 338 948 374 &
977 335 1029 375 ob
1055 335 1096 375 id
1118 336 1242 376 Leoni
1261 336 1414 379 decimo
1436 339 1515 381 mifi
1537 354 1657 395 opus,
1676 342 1792 396 cujus

60 397 213 436 hortatu
231 393 473 447 susceperam.
531 393 661 444 Atque
679 391 711 432 is
732 403 800 444 per
819 389 918 430 duos
938 389 1162 431 Cardinales
1179 391 1344 439 studium
1367 407 1493 447 meum
1513 399 1790 451 comprobavit:

59 464 148 491 cum
179 450 233 490 illi
266 448 385 489 visum
418 446 551 495 fuerit,
579 444 770 499 delegabit
788 445 850 485 cui
871 445 996 495 volet,
1025 458 1067 485 ut
1087 446 1205 486 nostri
1227 445 1397 488 Codices
1417 450 1464 488 ab
1484 451 1645 493 eruditis.
1661 467 1793 494 emen-

61 505 211 545 dentur.
266 504 362 544 Eam
375 501 621 556 provinciam
643 499 739 539 mihi
757 513 837 539 non
858 499 988 549 sumo,
1017 500 1105 541 lieet
1126 500 1175 541 ad
1194 500 1235 548 id
1256 502 1355 542 viam
1377 504 1580 547 struxerim.
1613 512 1679 558 64.
1699 510 1792 550 Post

58 561 154 600 haec
186 559 236 600 fic
267 559 364 613 agit,
394 555 497 610 quasi
527 554 727 604 sentirem,
763 553 962 594 falfitatem
990 566 1054 595 aut
1085 555 1270 610 ineptiam
1285 557 1416 598 ..inesse
1439 559 1560 600 Sacris
1580 562 1717 613 literis,
1748 566 1791 604 in

60 615 195 669 quibus
217 613 479 654 obscuritatem
499 610 614 651 inesse
636 610 766 650 fateor.
828 610 971 650 Verum
995 609 1022 649 s1
1044 611 1138 664 quid
1159 612 1199 651 in
1221 611 1436 653 'Codicibus
1457 613 1538 657 falfi
1561 628 1625 656 aut
1646 618 1790 671 inepti,

59 670 102 710 id
121 683 201 709 non
220 666 438 722 Apostolis‚
467 664 532 706 sed
554 665 657 705 istius
679 663 948 718 Sycophantae
968 663 1158 706 sodalibus
1171 665 1457 715 afl‘cribendum.
1478 710 1482 713 ,
1515 670 1721 712 Caeterum
1734 675 1791 713 ni-

59 724 114 764 hil
145 738 218 779 ego
249 734 358 762 muto
380 751 391 770 ,
434 720 542 774 quod
572 719 622 759 ad
654 719 745 760 fidei
775 719 995 760 firmitatem
1022 722 1169 761 attinet.
1226 726 1291 772 65.
1320 722 1464 768 Monet
1482 725 1621 780 igitur,
1652 727 1789 769 librum

58 779 206 819 summo
231 775 410 817 Pontifici
439 774 668 815 mittendum
699 773 828 825 fuisse,
859 786 901 816 ut
929 775 1026 815 illius
1054 777 1210 817 arbitrio
1240 777 1473 830 premeretur
1505 791 1574 822 aut.
1601 782 1788 824 ederetur.

59 833 125 874 Ad
141 828 248 873 istam
271 831 459 872 rationem
481 843 616 870 omnes
638 829 722 870 libri
742 829 921 871 mittendi
940 828 1060 870 essent
1077 831 1227 871 summo
1248 832 1445 884 Pontifici,
1461 835 1583 888 :quod
1605 837 1643 877 in
1663 839 1789 884 omni,-

57 889 126 929 bus
150 886 224 928 este
253 884 380 941 possit‚
409 884 518 939 quod
547 885 694 939 aliquos
721 896 837 939 queat
867 885 1076 926 offendere.
1134 887 1282 928 Verum
1311 887 1352 928 id
1379 903 1451 929 nee
1474 890 1652 932 Thomas
1675 892 1788 945 fecit,

59 957 132 983 nec
159 943 315 991 Scotus,
344 955 415 980 nec
441 940 695 995 Augustinus,
726 954 797 980 nec
827 939 1099 995 Hieronymus.
1155 942 1264 983 Prius
1282 943 1530 998 evulgarunt,
1560 949 1791 1002 comproba-

57 1000 113 1038 tio
131 997 329 1038 consecuta
347 996 424 1044 est,
445 1010 524 1036 non
546 994 721 1049 quaefita.
775 996 898 1035 Porro
918 1010 1005 1035 cum
1026 1010 1105 1035 non
1127 998 1339 1038 convellam
1356 1010 1522 1040 veterem
1543 1001 1789 1056 Editionem,

55 1052 120 1093 sed
151 1051 302 1106 prodita
323 1051 587 1105 recognitione
610 1049 765 1098 faciam,
793 1062 835 1091 ut
854 1050 955 1090 illam
977 1054 1016 1089 &
1033 1052 1334 1093 emendatiorem
1356 1054 1494 1096 habere
1516 1057 1718 1110 poffimus,
1748 1064 1789 1100 ὃς

55 1108 191 1148 restius
223 1106 452 1161 intelligere,
481 1107 548 1160 qui
578 1104 752 1159 suspicari
781 1107 892 1158 potui
921 1104 1004 1146 fore
1035 1105 1169 1147 similes
1189 1107 1247 1147 isti
1264 1109 1552 1163 Sycophantas‚
1581 1114 1648 1166 qui
1671 1129 1789 1168 opere

55 1162 148 1203 nulli
176 1176 256 1203 non
284 1160 468 1216 frugifero
501 1160 816 1200 offenderentur?
847 1161 888 1201 Si
919 1161 1167 1202 metuendum
1189 1174 1267 1203 erat
1287 1164 1588 1213 offendiculum,
1619 1168 1665 1208 ab
1684 1170 1789 1210 infir-

54 1218 128 1258 mis
155 1230 236 1258 erat
263 1215 525 1256 mutuendum.
581 1216 703 1269 Atqui
737 1216 784 1255 ab
805 1215 864 1255 his
883 1216 1027 1256 nullum
1049 1216 1104 1256 cst
1123 1229 1251 1257 ortum
1268 1219 1559 1261 offendiculum.
1613 1223 1789 1265 Tantum

55 1285 150 1313 unus
180 1283 244 1312 aut
274 1271 365 1311 alter
385 1271 460 1311 hoc
478 1270 566 1310 mali
585 1271 896 1321 concitaverunt,
926 1272 992 1324 qui
1011 1272 1110 1311 inter
1126 1271 1316 1325 perfe&os
1338 1273 1676 1331 habentur,opere
1688 1294 1787 1320 non-

54 1327 147 1368 dum
166 1325 273 1368 edito
291 1325 424 1380 passim
445 1324 657 1366 inficientes
676 1326 900 1380 fimplicium
919 1327 1091 1376 animos,
1121 1340 1236 1382 atque
1257 1329 1296 1368 id
1308 1328 1557 1381 damnanteS,
1569 1334 1676 1386 quod
1689 1349 1788 1375 non-

53 1382 146 1423 dum
174 1383 254 1422 erat
281 1382 501 1436 cognitum;
531 1395 575 1421 ac
603 1382 705 1434 prius
733 1395 831 1435 opus
851 1382 891 1421 in
911 1381 1097 1422 invidiam
1119 1386 1318 1433 vocantes,
1347 1399 1466 1439 quam
1488 1389 1616 1440 operis
1634 1389 1787 1431 sentire-

53 1449 114 1478 tur
131 1437 280 1478 utilitas.
336 1436 413 1477 His
431 1437 546 1490 igitur
565 1437 864 1490 imputandum,
879 1450 959 1491 non
989 1437 1108 1486 mihi,
1141 1438 1167 1478 si
1188 1439 1273 1492 quis
1294 1440 1462 1485 offensus
1480 1443 1545 1483 est.
1578 1447 1642 1492 67.
1674 1444 1787 1500 Quid

53 1491 107 1533 est
136 1503 282 1543 autem,
311 1491 416 1547 quod
448 1492 517 1531 iste
544 1502 657 1532 vocat
684 1493 923 1533 autorizare?
954 1491 1004 1531 fic
1028 1494 1214 1545 probare,
1243 1506 1284 1535 ut
1300 1495 1396 1540 nihil
1417 1496 1503 1537 insit
1522 1500 1786 1542 erroris?.·Ad

53 1547 162 1588 istam
187 1547 310 1603 legem
340 1557 488 1601 praeter
516 1545 736 1587 Canonicas
765 1547 975 1601 Scripturas
994 1548 1089 1587 nihil
1112 1547 1292 1593 habemus
1312 1552 1587 1593 autorizatum
1615 1569 1689 1595 nec
1707 1556 1786 1597 hoc

53 1617 77 1643 a
106 1602 237 1644 Leone
264 1602 446 1659 flagitavi.
498 1601 672 1643 Tantum
696 1601 914 1649 admoneo,
941 1601 1128 1655 judicium
1160 1604 1377 1660 relinquens
1408 1608 1588 1659 eruditis,
1607 1609 1648 1650 fi
1688 1611 1785 1666 quid

53 1657 155 1698 forte
174 1658 309 1698 restius
328 1656 552 1698 invenerint.
582 1679 647 1688 ----
673 1658 738 1698 ΛΟ.
776 1659 894 1708 1518.
924 1657 1057 1698 Nonis
1079 1659 1191 1698 Maii.

107 1712 252 1766 Neque
271 1713 364 1753 haee
382 1711 549 1753 sufficere
568 1722 690 1761 ratus,
710 1711 909 1764 stcundae
927 1712 1118 1757 Editioni
1141 1710 1198 1754 N.
1219 1712 1274 1754 T.
1295 1717 1365 1767 firi
1376 1716 1516 1771 ‚at-&2
1522 1719 1785 1773 sequentibus,

57 1768 203 1822 Capita
233 1767 561 1821 Arg-umentorum
592 1775 729 1805 contra
751 1767 914 1819 morosos
935 1765 1189 1821 quosdam-ac
1208 1768 1382 1808 indoblos
1396 1772 1613 1824 pracfixtt:
1642 1777 1785 1816 Omni-

57 1822 148 1872 bus,
176 1822 324 1876 inquit,
351 1821 526 1870 omnium
554 1820 854 1862 cavillationibus
883 1821 1131 1875 respondere,
1155 1821 1282 1871 ‚leel-or
1311 1827 1481 1878 opt-ime,
1498 1829 1784 1884 [praeterquam

57 1876 166 1932 quod
193 1875 335 1918 infiniti
361 1876 406 1916 fit
436 1876 607 1930 negotii,
635 1889 707 1917 nec
735 1875 948 1916 admodum
961 1890 1007 1916 ex
1029 1877 1140 1930 hujus
1159 1880 1287 1931 operis
1313 1880 1504 1934 dignitate
1522 1882 1615 1925 :fore
1643 1886 1784 1938 video,

57 1946 130 1973 nec
156 1946 296 1986 operae
325 1930 488 1986 pretium
516 1929 632 1971 ullum
660 1931 865 1984 intelligor
883 1943 1084 1984 propterea
1113 1932 1309 1986 quod-qui
1329 1935 1591 1979 studiumhoc
1612 1941 1786 1983 nostrum
1813 1959 1815 1961 ·

57 1987 257 2042 suggillant
276 2001 320 2027 ac
340 1985 563 2034 traducunt,
593 1984 672 2025 fere
691 1999 771 2025 non
792 1986 943 2040 legunt,
973 1997 1037 2025 aut
1056 1998 1157 2028 certe
1178 2001 1259 2027 non
1276 1989 1660 2044 intelligunt-nostras
1675 1998 1786 2049 Apo-¹.
1808 2028 1812 2032 .

57 2042 188 2096 logias.
242 2041 294 2082 Et
319 2041 400 2095 jam
419 2040 506 2081 satis
524 2040 596 2080 illis
617 2039 835 2094 responsum
854 2041 909 2092 est
923 2040 1073 2091 ,duabus
1095 2042 1324 2097 Apologus,
1353 2059 1446 2099 quas
1456 2048 1610 2099 zprimae
1629 2065 1787 2106 quoque

57 2096 253 2144 Editioni,
281 2111 350 2138 ceu
369 2096 545 2151 clypeos,
574 2095 750 2136 adversus
769 2096 926 2137 istorum
947 2096 1020 2136 tela
1041 2097 1304 2150 praefiximus:
1334 2113 1527 2154 praeterea
1544 2104 1584 2143 in
1599 2105 1783 2157 Epistola,
1815 2139 1818 2143 .

58 2166 134 2207 qua
163 2152 338 2193 Martino
365 2151 519 2205 Dorpio
547 2150 840 2206 respondemus,
870 2152 1063 2205 postremo
1081 2152 1121 2191 in
1143 2153 1384 2207 Epistolavad
1404 2156 1590 2212 insignem
1611 2160 1795 2203 Theolo-

59 2221 150 2262 gum
181 2208 395 2248 Henricum
425 2205 628 2247 Bovillurn.
681 2206 850 2247 Proinde
872 2207 935 2247 hic
955 2207 1098 2261 Capita
1117 2207 1302 2251 duntaxat
1321 2212 1648 2267 Argumentorum
1666 2218 1789 2258 a‘nno-

59 2262 221 2305 tabimus
241 2262 374 2304 le&ori
393 2262 452 2302 vel
475 2273 664 2316 occupato
685 2262 744 2302 vel
766 2262 945 2314 craffiori.
1070 2292 1075 2313 3
1172 2293 1175 2307 .<
1201 2279 1204 2284 ¹
1247 2290 1250 2306 2
1329 2308 1332 2311 Δ
1437 2303 1439 2305 ,
1492 2299 1511 2315 ζ,
1546 2298 1547 2303 ,
1692 2274 1696 2276 ·
1726 2310 1729 2311 ⁷

114 2316 283 2359 Primum
302 2316 394 2358 illud
412 2317 609 2363 testamur,
640 2320 679 2356 &
699 2317 839 2371 ubique
860 2318 1036 2358 testatum
1057 2317 1348 2371 esse-volumuQ
1379 2329 1668 2378 nossinusquam
1687 2342 1717 2367 a,
1728 2327 1788 2380 ju.

62 2370 166 2412 dicio
187 2371 373 2414 Ecclesiae
393 2372 628 2425 Catholicae!
659 2372 914 2426 vel-unguem
936 2385 1000 2413 aut
1019 2373 1182 2428 digitum
1203 2375 1319 2415 latum
1332 2377 1628 2423 vellediscedere
1642 2396 1649 2419 :
1662 2382 1788 2434 Qiod

61 2427 90 2468 fi
120 2427 216 2481 quid
243 2442 401 2482 usquam
431 2427 621 2482 ejusmodi
639 2426 968 2480 deprehendatur,
996 2443 1076 2468 non
1091 2429 1187 2478 ¹data
1205 2444 1323 2484 opera
1344 2431 1576 2476 di&um>sed
1596 2436 1785 2490 elapsum,

63 2493 105 2525 ut
124 2483 248 2523 sumus
267 2483 463 2529 homines,
491 2483 532 2535 id
548 2484 628 2536 jam
650 2497 752 2537 nunc
771 2497 843 2536 pro
857 2495 1056 2534 recantato
1077 2485 1251 2531 volumus
1268 2486 1408 2529 haberi.-
1747 2512 1764 2532 ι

117 2536 207 2578 Nec
226 2540 414 2592 praeimus
427 2538 661 2579 eruditorum
678 2537 849 2590 judicio,
879 2553 949 2579 nec
970 2539 1448 2592 piiblicarumSeholarum
1467 2546 1660 2586 autoritati
1684 2550 1789 2601 prae.

60 2589 284 2646 judicamus.
338 2594 476 2634 Manet
505 2593 697 2633 incolume
729 2592 999 2648 suumcuique
1014 2594 1213 2647 judicium.
1272 2598 1556 2644 Annotationes
1574 2602 1788 2654 scribimus,

64 2661 145 2696 non
162 2648 282 2703 leges:
313 2651 352 2687 ὃ(
372 2648 625 2702 expendenda
644 2650 921 2701 proponimus,
950 2664 1029 2689 non
1051 2650 1519 2708 protinushabendajpro.
1533 2660 1751 2711 compertis.

116 2702 207 2744 Nos
229 2704 270 2743 in
300 2704 472 2744 sermone
504 2703 796 2756 Apostolorum,
825 2704 933 2758 quod
962 2705 1098 2749 crebro,
1122 2705 1411 2759 jam-diximus«,
1437 2711 1816 2768 nespllabamquifi

64 2756 153 2798 dem
173 2771 360 2799 mutamus
374 2793 384 2809 ‚
414 2761 493 2799 imo
514 2759 726 2799 sermonem
746 2758 926 2810 illorum,
949 2761 1045 2801 vitio
1067 2761 1302 2805 librariorum
1316 2790 1327 2809 ‚
1355 2776 1420 2805 aut
1431 2765 1583 2820 alioqui
1605 2767 1789 2821 deprava-

64 2822 144 2852 tum
172 2814 405 2855 restituimus.
462 2814 631 2855 Proinde
662 2829 710 2854 ne
731 2816 816 2868 quis
832 2816 989 2866 elamet,
1017 2815 1081 2856 hic
1100 2818 1555 2873 corrigitEvangeliun'i,
1582 2821 1645 2862 hic
1660 2837 1790 2864 emen·

66 2865 133 2905 dat
161 2870 419 2921 precationem
448 2870 717 2910 Dominicam:
748 2870 813 2910 sed
841 2871 905 2911 hic
934 2870 1105 2912 Codices
1133 2873 1473 2927 Evangeliorum.a
1491 2875 1641 2917 mendis
1662 2892 1791 2931 repur-

69 2932 156 2974 gat·‚
185 2921 273 2964 Nec
303 2926 422 2980 magis
452 2924 711 2979 objurgandus
738 2925 817 2966 sum
841 2957 853 2976 ,
891 2940 1007 2980 quam
1037 2927 1104 2980 qui
1140 2926 1264 2982 scopis
1283 2930 1609 2972 everritwsordese
1632 2934 1812 2987 templo..

68 2975 168 3015 Non
189 2980 324 3026 enim,
355 2980 539 3034 quicquid
560 2982 600 3031 in
624 2981 770 3034 templo
789 2982 865 3031 est,
895 2982 1081 3022 continuo
1101 2982 1271 3029 sanstum
1290 2984 1355 3026 est.
1384 3024 1386 3026 ,
1458 3022 1460 3024 ,
1485 2998 1488 3001 ·
1517 3022 1521 3025 ,
1704 2992 1708 2997 ’

127 3029 277 3085 Neque
291 3032 473 3089 quicquid
494 3047 686 3089 receptum
705 3037 759 3076 est
779 3037 818 3075 in
841 3036 947 3077 usum
968 3036 1291 3089 Ecclesiasticum‚
1321 3041 1510 3081 continuo
1533 3054 1725 3096 receptum
1737 3043 1792 3082 est

65 3084 225 3137 judicio.
251 3120 254 3121 γ
277 3089 484 3141 3Quaedam
505 3090 590 3131 casu
610 3091 801 3145 irrepunt,
830 3091 879 3135 ad
899 3106 997 3146 quae
1018 3094 1202 3135 connivet
1220 3095 1691 3149 Ecclefia‚5‚=praeserrimfi
1710 3110 1791 3136 non

70 3139 271 3182 videantur
300 3142 350 3182 ad
382 3144 472 3197 fidei
503 3160 731 3199 morumque
761 3147 971 3200 periculum
1000 3149 1199 3201 pertinere.
1262 3150 1349 3191 Imo
1382 3150 1471 3192 fieri
1493 3153 1645 3207 potest,
1682 3163 1724 3192 ut
1750 3151 1812 3189 in:

68 3193 144 3236 hoc
164 3210 303 3250 genere
330 3199 518 3253 quaedam
532 3200 582 3241 ad
605 3212 754 3255 tempus
775 3203 927 3257 ignoret
946 3203 1123 3246 Ecclesia.
1692 3258 1739 3299 N

1740 3272 1794 3300 on
