1976 3519
135 247 188 287 88
522 241 1526 286 PROL'EGOMENA.

132 364 160 385 „
192 333 302 374 nibus
331 330 583 373 examinanda
615 329 692 381 est,
721 331 774 370 ita
793 343 985 370 novorum
1007 330 1145 370 veritas
1167 328 1307 371 Graeci
1329 327 1512 369 sermonis
1530 341 1707 371 normam
1728 330 1876 374 defide-

131 419 159 440 ,‚
189 401 245 428 rat
264 415 275 434 ,
306 388 460 428 auctore
486 386 725 439 Augustino,
756 385 862 438 cujus
881 384 996 425 verba
1016 383 1226 425 referuntur
1245 384 1285 423 in
1307 384 1482 424 Decretis
1502 384 1598 424 Dist.
1627 385 1700 426 IX.

192 448 257 484 ΑΟ.
294 454 414 493 1514.
445 441 590 494 prodiit
622 441 755 481 Editio
784 438 1080 492 Complutenffs,
1111 452 1191 478 non
1210 438 1351 478 Graeci
1373 450 1522 479 tantum
1543 440 1584 479 T
1584 452 1716 491 extus,
1738 456 1871 483 verum

131 499 246 539 etiam
269 498 428 538 Latinae
450 496 647 538 Versionis
668 495 717 535 ad
739 505 886 535 veteres
906 493 1077 534 Codices
1098 493 1352 542 emendatae3
1382 494 1422 534 id
1436 494 1583 547 jathur
1601 494 1778 536 Editores
1789 511 1879 550 pro-

135 555 230 609 logo
258 551 307 592 ad
335 553 507 593 Leonem
535 552 587 592 X.
645 581 670 601 „
701 551 792 601 Qua
819 550 858 589 in
882 563 921 589 re
941 548 982 589 id
1000 560 1130 603 aperte
1153 547 1388 589 Beatitudini
1403 561 1490 589 tuae
1511 550 1637 590 testari
1661 551 1881 604 possumus,

135 637 162 659 „
192 610 305 649 Pater
327 607 584 656 Sauffissime,
613 606 818 646 maximam
836 604 975 645 laboris
995 603 1112 644 nostri
1134 615 1282 657 partem
1304 604 1342 643 in
1366 618 1415 644 eo
1436 604 1667 656 potiffimum
1681 605 1787 647 fuiss'e
1798 621 1882 647 ver-

136 693 163 717 „
194 664 332 713 satam,
362 674 403 703 ut
425 666 463 701 &
485 663 653 703 virorum
673 661 711 700 in
735 660 947 714 linguarum
969 659 1194 713 cognitione
1216 658 1595 700 eminentissimorum
1619 674 1737 714 opera
1759 675 1883 703 utere·

135 751 162 772 ,‚
192 733 296 766 mur,
327 721 366 757 ὃ(
384 717 661 771 castigatiffima
681 715 788 754 omni
809 729 854 754 ex
875 725 981 768 parte
1000 712 1319 767 vetustiffimaque
1337 714 1566 768 exemplaria
1588 729 1660 768 pro
1690 717 1883 772 Archety-

136 807 161 826 ,‚
194 775 253 828 pis
275 774 517 813 haberemus:
548 784 713 826 quorum
735 770 893 823 quidem
916 781 994 810 tam
1020 768 1312 814 Hebraicorum‚
1342 783 1457 822 quam
1481 770 1720 811 Graecorum
1743 786 1787 811 ac
1812 773 1884 812 La-

133 861 164 882 „
194 830 362 870 tinorum
397 827 646 882 multiplicem
679 825 833 878 copiam
863 825 976 867 variis
1005 838 1052 865 ex
1084 824 1178 864 locis
1197 837 1278 863 non
1300 822 1379 865 fine
1401 823 1549 865 summo
1570 825 1698 866 labore
1721 829 1885 882 conqui-

134 917 160 937 ,‚
191 885 354 925 fivimus.

187 940 238 980 Et
271 938 320 979 ad
351 938 582 980 Lectorem:
625 965 650 987 ‚,
669 937 848 978 Latinam
882 937 927 978 Β.
956 935 1191 991 Hieronymi
1227 935 1515 976 translationem
1535 935 1769 977 contulimus
1791 950 1880 978 cum

135 1023 163 1046 „
191 994 480 1049 quamplurimis
508 992 784 1046 exemplaribus
814 992 1054 1033 venerandae
1078 992 1296 1041 vetustatis,
1327 990 1393 1031 sed
1421 991 1480 1032 his
1510 992 1696 1043 maxime,
1725 994 1882 1047 quaein

134 1082 161 1103 „
191 1048 340 1104 publica
372 1048 660 1102 Complutensis
683 1048 833 1089 nostrae
852 1047 1103 1089 universitatis
1126 1047 1365 1087 Bibliotheca
1383 1046 1642 1087 reconduntur
1660 1078 1671 1094 ‚
1699 1062 1796 1102 quae
1826 1048 1884 1089 su-

129 1137 159 1158 „
191 1120 258 1159 pra
276 1103 637 1159 offingentefimum
658 1103 798 1143 abhinc
823 1117 967 1143 annum
988 1102 1105 1143 literis
1126 1102 1309 1142 Gothicis
1331 1102 1545 1156 conscripta
1564 1116 1609 1143 ea
1630 1102 1715 1145 sunt
1734 1102 1884 1144 finceri·

189 1172 288 1210 tate,
318 1172 359 1200 ut
376 1174 447 1200 nec
466 1159 585 1213 apicis
605 1158 729 1213 lapsus
749 1158 863 1212 possit
881 1158 922 1198 in
941 1159 996 1199 eis
1018 1155 1257 1211 deprehendi
1269 1159 1303 1196 ''.

187 1216 308 1256 Paulo
329 1215 415 1269 post
436 1215 646 1256 Martinus
662 1213 846 1266 ‘Dorpius
866 1214 1042 1254 oratione
1062 1213 1229 1254 Lovanii
1249 1212 1400 1263 habita,
1425 1216 1465 1252 &
1486 1212 1653 1254 Basileae
1672 1213 1738 1255 ΑΟ.
1757 1227 1772 1253 1
1786 1226 1878 1262 520.

130 1272 234 1326 typis
255 1270 357 1311 edita
370 1300 381 1320 ,
407 1268 594 1324 judicium
619 1269 724 1310 suum
743 1268 793 1309 de
815 1267 1059 1309 emendanda
1085 1267 1259 1308 verfione
1279 1268 1415 1308 Latina
1435 1268 1682 1322 interposuit,
1712 1269 1778 1310 ubi
1799 1269 1883 1310 sub-

128 1324 273 1379 scripsit
299 1326 359 1365 his
382 1325 504 1366 verbis
525 1339 570 1366 ex
591 1325 707 1366 Petro
727 1323 777 1365 de
790 1323 938 1363 Alliaco
959 1322 1159 1364 Cardinali
1182 1322 1449 1364 Cameracenfi
1472 1323 1650 1377 prolatist
1678 1324 1881 1378 „Propter

129 1410 156 1433 ,‚
185 1380 358 1434 exempla
376 1380 657 1434 corruptionis,
686 1379 845 1433 quaein
871 1379 994 1419 Biblia
1013 1378 1282 1425 inveniuntur,
1311 1381 1351 1417 δε
1383 1378 1455 1418 alia
1486 1378 1603 1419 multa
1635 1379 1883 1432 hujusmodi,

128 1469 154 1489 ,‚
185 1437 381 1490 expediret
404 1435 634 1489 exemplaria
653 1435 757 1475 Sacri
780 1434 817 1474 C
819 1434 956 1474 anonis
974 1433 1181 1474 examinari
1202 1433 1406 1487 diligenter
1431 1436 1471 1474 &
1493 1434 1643 1488 corrigi.
1673 1434 1739 1474 Ad
1763 1449 1883 1489 quam

128 1524 166 1545 ‚‚‚
186 1491 483 1532 Correstionem
502 1504 582 1530 non
603 1489 688 1531 sunt
710 1502 846 1530 omnes
869 1488 1134 1529 indifferenter
1157 1487 1388 1529 admittendi
1409 1519 1422 1539 ,
1453 1487 1517 1528 sed
1540 1489 1660 1529 solum
1683 1489 1884 1544 Theologi

126 1580 154 1600 „
182 1547 344 1589 multum
374 1547 412 1586 in
450 1545 713 1586 Grammatica
750 1547 790 1584 &
820 1544 960 1598 linguis
990 1542 1183 1585 Hebraica
1215 1547 1255 1583 &
1287 1544 1435 1584 Graeca
1455 1544 1595 1585 eruditi
1615 1547 1648 1585 '’.
1678 1545 1883 1599 Subjungit

126 1603 323 1656 Dorpius:
354 1628 380 1648 ‚‚
401 1600 566 1655 proinde
593 1598 852 1640 conferendae
882 1599 968 1640 sunt
997 1599 1124 1640 variae
1156 1598 1445 1644 translationes,
1473 1599 1651 1653 primaria
1671 1599 1800 1656 lingua
1824 1603 1884 1641 in-

126 1690 153 1711 „
182 1656 376 1712 spicienda
396 1656 473 1706 est,
503 1655 720 1696 rimandum
740 1653 835 1708 quid
856 1666 1002 1695 veteres
1021 1653 1203 1708 legerint,
1233 1653 1328 1708 quid
1357 1653 1518 1708 quadret
1552 1658 1592 1694 δε
1621 1654 1717 1709 quid
1746 1655 1885 1697 discre-

125 1745 152 1767 „
183 1724 271 1767 pet,
304 1714 342 1749 δε
373 1712 426 1753 ita
455 1710 613 1751 tandem
643 1709 868 1749 cunctanter
888 1708 1238 1762 pronunciandum.
1267 1708 1378 1749 Nam
1389 1709 1622 1762 Augustinus
1642 1723 1729 1750 cum
1749 1721 1809 1751 tot
1828 1710 1885 1752 es-

126 1801 153 1821 ,‚
184 1767 266 1809 sent
287 1765 643 1821 interpretationes,
673 1777 754 1803 non
775 1763 830 1803 est
850 1762 958 1804 ausus
977 1776 1094 1803 unam
1115 1763 1336 1817 quampiam
1365 1762 1554 1804 affirmare
1573 1765 1684 1804 omni
1709 1779 1756 1805 ex
1777 1778 1885 1819 parte

125 1852 153 1877 „
181 1825 391 1878 integram,
420 1821 488 1862 etsi
519 1819 655 1861 Italam
677 1819 811 1860 ceteris
833 1818 1064 1872 praetulerit.
1121 1819 1270 1859 Mirum
1297 1831 1389 1859 vero
1411 1818 1467 1859 est
1487 1849 1499 1869 ,
1531 1819 1654 1860 virum
1681 1820 1884 1863 oculatissi-

126 1911 154 1932 „
182 1892 288 1920 mum
319 1891 400 1918 non
432 1874 589 1925 vidisse‚
619 1873 728 1929 quod
756 1873 937 1915 videlicet
964 1887 1038 1914 nos
1067 1872 1235 1915 vidimus
1254 1904 1268 1924 ,
1306 1872 1406 1913 hanc
1439 1872 1645 1928 Vulgatam
1671 1890 1756 1916 eam
1786 1876 1885 1927 effe,

125 1963 154 1988 „
182 1944 317 1974 contra
340 1944 455 1986 quam
477 1930 623 1972 nemini
645 1930 757 1970 liceat
779 1928 946 1978 hiscere,
975 1942 1088 1978 nam,
1118 1939 1161 1968 ut
1179 1927 1367 1978 diximus,
1393 1928 1474 1981 jam
1493 1929 1584 1970 inde
1605 1945 1626 1969 a
1653 1930 1778 1971 seculo
1801 1933 1884 1973 Au-

125 2022 154 2043 „
183 1988 323 2044 gustini
349 1987 484 2027 extitit.
517 1986 725 2026 Caeterum
747 1982 856 2038 quod
871 1998 892 2024 a
913 1982 1043 2024 multis
1063 1982 1240 2033 affertur,
1270 1982 1370 2022 hanc
1395 1982 1469 2024 effe
1488 1984 1684 2040 aSynodo
1705 2000 1884 2040 compro-

127 2078 153 2098 „
177 2046 331 2092 batam,
363 2041 546 2082 accedam
576 2040 687 2090 sane,
718 2038 746 2080 si
768 2038 828 2080 vel
865 2053 942 2079 una
973 2037 1186 2092 proferatur
1214 2038 1418 2093 Synodus,
1448 2053 1546 2093 quae
1575 2039 1691 2080 ullam
1724 2041 1775 2082 de
1807 2042 1887 2083 hoc

127 2116 155 2153 ,‘,
185 2099 421 2140 mentionem
444 2096 597 2144 fecer1t;
627 2094 795 2148 denique
817 2093 845 2134 fi
863 2093 983 2134 ullum
1003 2093 1197 2147 exemplar
1218 2092 1432 2148 proferatur
1447 2124 1459 2144 ,
1489 2093 1599 2149 quod
1628 2094 1742 2136 fuerit
1775 2111 1880 2137 com-

127 2185 154 2208 „
186 2155 411 2209 probatum,
441 2166 531 2193 nam
554 2149 663 2206 quod
683 2149 807 2190 fuiffet
827 2148 947 2190 illud?
976 2162 1155 2189 meumne
1174 2162 1223 2189 an
1244 2160 1351 2190 tuum
1372 2152 1388 2189 ?
1419 2148 1532 2203 hujus
1550 2149 1609 2190 vel
1632 2150 1729 2191 illius
1754 2151 1886 2194 Eccle-

126 2243 153 2264 ‚‚
185 2211 284 2252 fiae?
315 2208 560 2263 Comprobat
581 2204 748 2248 Ecclesia
768 2204 905 2246 Sacros
925 2202 1122 2256 Codices,
1151 2203 1217 2245 sed
1237 2203 1485 2256 emendatos,
1514 2204 1579 2246 sed
1608 2219 1724 2260 puros
1742 2221 1786 2248 ac
1812 2207 1886 2248 fin-

126 2299 153 2319 „
187 2278 317 2313 ceros·,
345 2262 553 2305 mendosos
567 2262 649 2303 vult
669 2261 853 2316 castigari.

182 2324 249 2361 A0.
284 2323 403 2371 1516.
433 2318 629 2359 Erasmus
656 2315 781 2358 edidit
823 2315 989 2357 Novum
1016 2314 1310 2358 Testamentum
1339 2330 1458 2358 omne
1492 2316 1646 2358 Graeco
1675 2318 1881 2370 Latinum,

128 2409 155 2429 „
183 2375 387 2431 diligenter
409 2372 474 2429 (ut
494 2373 624 2415 titulus
647 2370 833 2427 praefert)
855 2371 1427 2426 recognitum&emendatum,
1441 2385 1523 2413 non
1545 2372 1668 2413 solum
1692 2373 1741 2414 ad
1763 2374 1886 2415 Grae·

144 2464 156 2484 ,
186 2446 270 2472 cam
293 2428 507 2470 Veritatem
520 2459 532 2480 ,
561 2440 694 2469 verum
716 2427 833 2468 etiam
854 2427 904 2467 ad
924 2426 1131 2468 multorum
1153 2427 1348 2482 utriusque
1373 2428 1547 2482 Linguae
1568 2427 1763 2469 Codicum
1776 2459 1788 2479 ‚
1818 2443 1885 2469 eo-

134 1193 160 1212 2)

128 2465 157 2540 Ξ,
187 2499 346 2540 rumque
366 2496 539 2526 veterum
560 2483 667 2524 simul
690 2486 730 2523 &
757 2481 1048 2524 emendatorum
1070 2481 1210 2533 fidem,
1241 2482 1435 2537 postremo
1462 2482 1512 2523 ad
1534 2483 1885 2537 probatissimornm

128 2574 157 2596 „
186 2542 385 2582 auctorum
418 2540 665 2589 citationem,
693 2536 1006 2579 emendationem
1035 2540 1076 2577 &
1108 2538 1486 2592 interpretationem:
1518 2539 1722 2593 praecipue
1743 2539 1887 2593 Orige-

130 2625 159 2649 ‚,
186 2597 268 2646 nis,
297 2594 588 2650 Chrysostomi,
619 2593 781 2649 Cyrilfi,
803 2593 999 2648 Vulgarii‚
1027 2593 1285 2649 Hieronymi,
1316 2593 1527 2647 Cypriani,
1559 2593 1780 2644 Ambrofii,
1809 2594 1886 2634 Hi-

129 2681 159 2705 „
189 2652 291 2702 larii,
322 2650 548 2702 Augustini,
577 2664 653 2690 una
683 2662 771 2689 cum
803 2648 1154 2698 Annotationibus‚
1187 2663 1285 2703 quae
1315 2647 1520 2689 Lestorem
1554 2647 1721 2689 doceant
1739 2680 1751 2698 ‚
1782 2648 1879 2704 quid

131 2739 158 2761 „
187 2721 263 2762 qua
285 2707 432 2746 ratione
457 2716 644 2746 mutatum
666 2704 719 2745 sit.
760 2703 948 2758 Quisquis
968 2703 1081 2758 igitur
1100 2717 1204 2744 amas
1225 2717 1354 2745 veram
1373 2703 1634 2758 Theologiam
1648 2735 1659 2754 ,
1679 2705 1786 2758 lege,
1818 2718 1885 2744 co-

129 2795 158 2816 „
186 2760 348 2817 gnosce,
376 2775 420 2800 ac
443 2760 584 2801 deinde
600 2759 740 2814 judica.
770 2758 916 2813 Neque
937 2757 1061 2799 statim
1081 2758 1302 2808 offendere,
1331 2757 1358 2798 fi
1381 2757 1476 2811 quid
1494 2770 1681 2799 mutatum
1703 2758 1879 2800 offende-

132 2849 162 2870 „
191 2818 261 2866 ris,
291 2815 356 2857 sed
376 2814 575 2869 expende,
606 2829 698 2856 num
717 2815 757 2854 in
779 2815 911 2855 melius
933 2824 1120 2855 mutatum
1146 2814 1200 2855 fit.
1231 2814 1340 2854 Nam
1357 2812 1423 2866 (ut
1441 2813 1482 2853 in
1507 2812 1670 2853 secunda
1698 2813 1883 2855 Editione

133 2903 161 2924 „
190 2871 365 2923 addidit)
382 2871 537 2911 morbus
555 2871 631 2920 est,
662 2880 743 2910 non
761 2869 974 2923 judicium,
1008 2868 1191 2910 damnare
1212 2868 1320 2923 quod
1341 2882 1422 2908 non
1443 2867 1648 2922 inspexeris
1662 2871 1696 2907 ’'.

192 2926 387 2967 Praevidit
408 2925 480 2967 Vir
501 2924 810 2978 prudentissimus
827 2937 925 2977 opus
946 2938 1093 2966 novum
1112 2925 1225 2965 variis
1246 2922 1410 2964 censuris
1435 2923 1650 2977 expositum
1680 2923 1747 2974 iri,
1778 2924 1882 2966 unde

135 2996 219 3024 non
252 2992 400 3022 tantum
427 2981 629 3037 privilegio
662 2979 699 3020 se
725 2978 914 3019 Caesareo
946 2980 1131 3026 munivit,
1160 2980 1372 3032 librumque
1393 2978 1519 3019 Leoni
1539 2978 1590 3019 X.
1613 2979 1740 3032 Papae
1772 2979 1883 3020 dedi·

134 3037 259 3086 cavit,
289 3050 422 3076 verum
446 3036 562 3076 etiam
592 3034 829 3088 Apologiam
851 3034 1064 3087 praemifit3
1092 3035 1199 3088 cujus
1231 3033 1439 3088 (quoniam
1464 3031 1600 3074 eadem
1627 3033 1802 3087 quotidie
1827 3034 1882 3075 fa-

135 3092 224 3134 bula
243 3089 407 3145 luditur)
430 3090 628 3133 meliorem
648 3100 796 3145 partem
813 3088 917 3131 lubet
936 3088 1061 3133 hictin
1080 3090 1240 3143 gratiam
1251 3089 1424 3131 Lectoris
1442 3087 1670 3144 descriptam
1689 3090 1879 3132 exhibere.

1811 3198 1885 3240 ‘De
