1976 3519
140 247 220 287 118
555 240 1543 287 PR'OLEGOMENA.

138 331 199 381 727
221 345 293 386 pro
329 329 365 373 ’ἧς
395 329 543 384 χορηγεῖ.
576 345 611 372 2.
629 330 725 372 Cor.
753 330 806 371 X.
841 342 903 368 10.
927 326 1112 383 'woegpnm'oe
1140 342 1212 382 pro
1240 326 1429 380 παςουσία..
1459 329 1546 370 Gal.
1576 329 1626 372 V.
1661 343 1697 383 3.
1724 330 1878 375 ποιήσοις·

139 401 212 441 pro
241 386 394 428 σαῶσαι.
427 389 488 427 18.
519 384 595 426 ἀπὸ
624 400 696 440 pro
724 382 806 425 ὑπὸ.
841 398 904 425 21.
937 382 1029 437 ἄπες
1056 381 1156 432 λέγω
1185 397 1257 437 pro
1286 381 1312 422 a
1340 381 1525 436 πςολέγω.
1563 385 1685 426 Hebr.
1712 385 1805 428 XII.
1841 403 1873 428 1.

139 440 365 495 ἀπεςῖτᾳτον
393 455 464 496 pro
492 439 732 493 ἐυπερίᾳατον.
751 439 903 493 (quod,
924 451 967 481 ut
984 453 1032 480 ex
1053 439 1197 480 Lexico
1218 437 1267 478 ad
1286 438 1427 479 calcem
1447 439 1600 493 adjesto
1619 454 1796 494 apparet,
1815 455 1882 498 ty-‚

141 499 325 551 pothetae
343 511 470 538 errore
492 497 650 548 accidit,
679 495 855 548 adeoque
874 508 945 535 nec
969 495 1017 535 ab
1036 494 1129 535 Aria
1159 493 1355 534 Montano
1382 508 1422 534 re
1473 494 1632 535 tendum
1653 526 1665 546 ,
1696 509 1821 552 neque
1850 513 1872 538 a

142 553 341 606 Stephano
361 553 459 593 inter
478 553 530 594 V.
559 553 602 593 L.
632 548 896 605 reponendum
916 548 1019 601 erat)
1052 551 1174 602 Apoc.
1204 548 1253 588 Π.
1288 561 1348 599 17.
1375 564 1458 588 κενον
1487 563 1560 603 pro
1589 546 1701 591 καινὸν.

155 648 158 651 Α
199 608 417 650 Occafione
441 607 615 661 ejusdem
643 605 748 648 verbi
776 605 1020 654 recurrentis,
1042 603 1110 644 ‘vel
1142 616 1231 656 prae
1259 603 1376 643 nimia
1404 602 1646 646 festinatione
1666 606 1874 649 omiserunt

144 664 278 705 omnia
307 664 399 712 ista,
432 663 517 703 Αξὶ.
547 662 659 703 ΧΙΙΙ.
692 673 753 713 17.
783 657 809 698 ἒν
830 659 877 710 ‘rip‘
897 656 1080 711 παροικίᾳ.
1110 657 1205 699 ΧΧ.
1238 657 1301 707 38.
1330 655 1558 710 πςοέπεμπον
1578 658 1614 699 δὲ
1636 658 1739 701 &uz-<iv
1762 661 1805 702 εἷς
1831 659 1873 704 τὲ

145 717 295 763 4ιπὶ’λοῖον.’
316 732 347 758 1.
368 719 448 759 Pet.
476 717 527 758 V.
558 732 593 767 9.
625 713 881 756 ἐπιτελεῖσθαι.
912 727 946 756 1.
962 715 1027 768 JO.
1056 714 1105 753 ΙΙ.
1141 725 1202 763 14.
1230 710 1381 764 ’έγςοιψσι
1399 711 1472 761 ὑμῖν
1491 713 1663 766 πατέρες,
1691 715 1744 756 ὅτι
1775 715 1875 765 ἐγνῶ-

147 788 239 814 κοιτε
269 772 326 814 τὸν
356 773 426 813 ἀπ’
452 772 576 826 ἂςχῧς.
610 786 644 812 2.
666 772 762 811 Cor.
790 769 881 811 VII.
916 783 975 810 10.
1003 766 1076 811 ᾗδὲ
1097 770 1148 807 T&
1165 764 1282 811 κόσμει
1302 765 1395 813 λύτη
1413 767 1565 809 θάνατον
1594 769 1877 824 κατεργάζεται,

149 833 274 884 Apoc.
302 829 394 871 Vll.
427 842 462 880 7.
491 826 552 868 καὶ
581 823 623 867 τὸ
654 823 769 880 τςῖτον
796 822 864 865 τῶν
890 821 1016 877 δένδρων
1043 820 1215 870 κατεκάη.
1255 822 1332 864 Sed
1361 823 1456 865 haec
1479 824 1576 866 levia
1601 837 1715 881 atque
1743 827 1877 868 huma·-

148 898 221 925 nae
249 884 516 926 imbecillitatis
542 884 638 924 sunt.

205 941 375 981 Gravius
404 939 495 980 illud
517 939 594 989 est,
625 937 754 993 quod,
783 952 869 979 cum
890 952 970 978 non
991 936 1060 978 nisi
1079 936 1350 978 recentissimos
1372 936 1541 978 Codices
1560 936 1762 990 haberent,
1792 953 1878 980 om-

151 998 262 1038 nibus
283 995 409 1035 modis
429 995 582 1035 Le&ori
602 993 826 1047 persuadere
843 994 971 1034 conati
999 993 1104 1043 sunt,
1134 992 1171 1033 se
1190 991 1454 1033 vetustissimos
1473 992 1618 1034 secutos
1639 993 1755 1035 fuisse.
1812 995 1874 1036 De

152 1052 346 1092 Vaticano
375 1050 527 1090 Codice
557 1049 650 1089 falso
677 1049 821 1102 jactato
845 1049 927 1102 jam
956 1048 1133 1089 vidimus.
1164 1047 1314 1088 Eodem
1346 1047 1509 1101 pertinet
1538 1048 1646 1102 quod
1677 1051 1886 1102 prooemia·

151 1106 442 1161 Theophylaffi
471 1104 537 1145 sub
567 1105 725 1145 nomine
752 1103 1019 1154 Theodoreti,
1048 1102 1267 1143 Euthaliani
1285 1116 1377 1143 vero
1396 1102 1552 1158 Prologi
1574 1116 1720 1157 partem
1741 1109 1780 1144 ὅ(
1800 1108 1884 1145 Oea

151 1162 316 1204 eumenii
348 1161 556 1215 Prologum
584 1161 623 1200 in
653 1158 864 1213 Epistolam
891 1158 941 1200 ad
971 1159 1176 1200 Romanos
1207 1157 1285 1198 sine
1312 1157 1470 1198 nomine
1498 1158 1640 1198 autoris
1657 1158 1880 1201 ediderunt:

152 1217 262 1271 quod
283 1218 431 1272 spiritus
451 1221 489 1255 ὃ(
509 1226 686 1256 accentus
705 1213 935 1259 omiserunt,
964 1214 1143 1254 nimirum
1164 1227 1243 1267 quo
1263 1211 1407 1253 facilius
1425 1211 1692 1266 persuaderent
1708 1215 1881 1263 incautis,

154 1275 191 1315 se
221 1273 298 1328 ipsa
327 1271 554 1325 exemplaria
583 1282 711 1310 vetera
735 1268 957 1323 expressisse.
985 1295 1012 1320 ,‚
1035 1267 1104 1309 Ne
1125 1268 1269 1309 mireris
1287 1279 1352 1308 aut
1370 1268 1467 1309 vitio
1489 1279 1633 1318 vertas,
1659 1283 1686 1309 o
1717 1269 1882 1310 studiose

153 1361 180 1380 „
208 1330 349 1377 lector,
381 1327 488 1380 ajunt
519 1327 560 1366 in
586 1324 778 1378 Prologo,
808 1323 916 1378 quod
937 1325 977 1364 in
1007 1322 1062 1364 N.
1087 1322 1138 1363 T.
1171 1323 1319 1364 Graeca
1349 1322 1532 1364 Editione
1552 1323 1681 1364 literae
1702 1323 1779 1365 sine
1799 1325 1882 1366 ullis

154 1414 181 1437 „
209 1396 274 1426 aut
304 1383 501 1437 spirituum
530 1393 594 1421 aut
622 1392 802 1421 tonorum
833 1379 936 1419 notis
966 1377 1163 1433 impressae
1194 1377 1442 1432 publicentur.
1470 1375 1626 1432 Operae
1645 1379 1808 1432 pretium
1830 1381 1884 1421 vi-

155 1473 180 1493 „
211 1441 291 1481 sum
312 1438 387 1489 est,
417 1437 530 1491 hujus
550 1436 619 1477 tibi
641 1435 807 1477 rationes
828 1434 1020 1487 affignare.
1064 1433 1121 1474 Ea
1141 1434 1245 1475 enim
1266 1432 1487 1486 hujusmodi
1505 1434 1579 1482 est;
1605 1434 1884 1488 antiquissirnos

154 1528 181 1548 „
210 1497 382 1536 Graecos
412 1493 553 1546 absque
573 1490 674 1531 hisce
694 1489 849 1543 fastigiis
868 1489 1058 1530 literatum
1089 1486 1329 1542 scriptitasse,
1357 1488 1488 1529 notius
1512 1488 1590 1538 est,
1620 1503 1735 1543 quam
1766 1501 1808 1530 ut
1839 1489 1884 1531 fit

154 1583 184 1604 „
213 1551 340 1592 multis
371 1546 602 1602 argumentis
633 1543 974 1599 comprobandum.
1002 1544 1108 1584 Cum
1123 1543 1237 1597 igitur
1255 1541 1311 1583 N.
1332 1543 1383 1584 T.
1404 1543 1554 1584 Graece
1571 1545 1737 1598 primum
1759 1559 1781 1584 a
1802 1545 1884 1599 Spi-

155 1640 180 1659 ,‚
210 1609 283 1648 ritu
304 1606 339 1646 S.
362 1604 546 1645 distatum
566 1601 631 1650 sit,
662 1599 782 1640 visum
801 1599 855 1640 est
875 1599 1072 1653 pristinam
1091 1598 1241 1652 linguae
1261 1597 1359 1639 illius
1379 1598 1604 1640 vetustatem
1633 1599 1884 1653 majestatem·

155 1695 182 1714 ,‚
213 1677 288 1718 que
320 1661 501 1701 intactam
531 1657 736 1697 retinere’'.
792 1656 846 1695 At
877 1668 969 1694 vero
996 1654 1064 1707 qui
1086 1664 1262 1693 accentus
1281 1656 1321 1692 &
1338 1653 1488 1707 spiritus
1517 1653 1724 1695 omiserunt
1741 1667 1885 1696 veteres

157 1718 321 1763 Graeci,
350 1713 572 1767 scripserunt
594 1710 710 1750 literis
727 1708 922 1762 quadratis
942 1711 981 1747 &
999 1707 1228 1756 uncialibus,
1257 1721 1338 1747 non
1358 1707 1574 1749 chara&ere
1606 1708 1717 1750 seculi
1744 1709 1883 1750 decimi

154 1774 272 1824 sexti,
301 1783 342 1812 ut
365 1765 682 1821 Complutenses‚
712 1764 779 1817 qui
797 1762 925 1802 nescio
943 1775 1019 1816 qua
1040 1759 1252 1814 κακοζηλίᾳ,
1273 1773 1401 1803 vetera
1424 1763 1537 1803 novis
1568 1763 1883 1816 permiscuerunt,

157 1835 196 1871 &
227 1841 334 1870 more
361 1824 448 1865 solis
468 1821 615 1863 Latinis
642 1818 799 1859 librariis
821 1818 970 1858 Graeca
991 1815 1286 1857 describentibus
1315 1816 1474 1862 usitato,
1505 1817 1653 1872 syllabis
1672 1818 1889 1873 producen4

156 1886 217 1926 dis
237 1892 435 1925 accentum
453 1889 604 1919 acutum
623 1872 890 1928 apposuerunt.
919 1870 1044 1925 Qod
1063 1886 1155 1913 vero
1175 1871 1278 1925 dixi,
1308 1871 1474 1913 habuisse
1492 1886 1559 1913 eos
1580 1873 1750 1914 Codices
1763 1876 1885 1916 Grae-

158 1955 225 1981 cos
256 1952 336 1980 non
363 1934 520 1989 quidem
550 1930 645 1972 ullos
674 1940 819 1969 veteres
851 1926 915 1968 sed
943 1927 1132 1980 juniores:
1162 1926 1203 1967 id
1223 1926 1392 1968 instituta
1412 1927 1616 1968 collatione
1635 1929 1782 1982 liquido
1804 1944 1886 1982 per-

158 1996 286 2046 spexi,
314 1990 538 2032 Editionem
569 1984 748 2025 nimirum
779 1980 1097 2036 Complutensem
1129 1995 1216 2023 cum
1245 1981 1360 2023 MSS.
1391 1981 1603 2025 Codicibus
1630 1983 1742 2025 seculi
1770 1985 1883 2025 XIV.

158 2050 253 2092 XV.
284 2052 324 2087 ὃς
353 2044 466 2086 XVI.
493 2041 633 2095 ubique
660 2049 793 2080 contra
824 2050 960 2078 omnes
988 2047 1155 2087 veteres,
1183 2046 1318 2078 contra
1345 2037 1475 2078 Patres
1495 2040 1535 2078 Sc
1566 2050 1699 2080 contra
1726 2038 1886 2081 conver-

160 2109 282 2149 fiones
310 2101 483 2154 antiquas
514 2096 646 2136 facere.
677 2092 802 2148 Qiod
830 2095 869 2132 &
890 2091 1008 2134 Millii
1029 2092 1153 2133 verbis
1170 2091 1397 2134 confirmare
1423 2092 1533 2144 licet,
1563 2094 1629 2147 qui
1649 2094 1698 2135 de
1727 2094 1881 2136 Codice

163 2176 228 2216 51.
257 2172 371 2215 quem
393 2154 471 2209 ipse
491 2150 859 2206 quadringentorum
879 2161 1067 2189 annorum
1085 2146 1252 2202 judicat,
1270 2147 1432 2202 loquens
1449 2147 1543 2189 haec
1563 2148 1688 2189 addit:
1717 2180 1743 2199 ,‚
1763 2149 1882 2191 Hunc

158 2251 170 2271 ‚
213 2230 300 2258 cum
319 2213 450 2254 Textu
471 2204 738 2260 Complutensi
759 2215 839 2244 tam
856 2202 1015 2244 mirifice
1034 2203 1075 2243 in
1095 2203 1344 2257 peculiaribus
1374 2203 1662 2258 quamplurimis
1691 2206 1806 2245 etiam
1835 2206 1883 2246 le-

157 2254 184 2326 ,ζ
213 2269 345 2314 viculis
357 2298 368 2319 ,
395 2265 510 2307 etiam
529 2260 716 2303 erroribus
733 2257 932 2311 γραφικοῖς,
960 2257 1117 2313 aliisque
1137 2257 1403 2309 Lectionibus,
1425 2260 1466 2299 in
1486 2258 1622 2313 quibus
1641 2259 1683 2299 hi
1699 2259 1768 2300 soli
1789 2274 1885 2302 con-⁴

173 2359 185 2380 ,
213 2325 372 2371 cordes,
403 2317 511 2375 quod
539 2315 722 2365 viderim,
752 2313 1054 2355 consentientem
1079 2311 1339 2367 deprehendi,
1367 2323 1410 2354 ut
1436 2327 1510 2369 pro
1528 2311 1709 2357 Vaticani
1737 2314 1884 2364 (Com-

157 2361 185 2435 ',
215 2377 394 2437 plutensis
415 2371 624 2415 dicendum
644 2369 738 2422 fuit)
766 2369 870 2410 istius
889 2368 1052 2423 gemello
1071 2368 1183 2422 plane
1202 2368 1420 2419 habuerim,
1450 2368 1520 2409 nisi
1547 2368 1654 2424 quod
1682 2370 1809 2411 noster
1841 2371 1882 2412 in

157 2420 184 2490 ζ,
214 2433 408 2478 nonnullis
440 2430 558 2470 altero
587 2426 658 2467 isto
688 2424 802 2479 paulo
824 2425 955 2478 purior
983 2422 1028 2464 fit
1047 2426 1087 2463 &
1107 2423 1386 2465 emendatior’'.
1414 2423 1559 2477 Neque
1578 2422 1735 2475 dubito,
1764 2426 1882 2480 quin,

157 2495 185 2535 fi
207 2489 415 2534 accuratior
437 2482 631 2534 inquisitio
654 2480 778 2531 fieret,
808 2478 926 2520 iidem
946 2478 1000 2519 illi
1019 2477 1208 2529 Codices,
1239 2479 1375 2534 quibus
1404 2478 1458 2520 usi
1487 2479 1571 2520 sunt
1593 2478 1787 2530 Editores,
1817 2481 1884 2520 ad-

159 2551 233 2590 huc
254 2545 373 2586 hodie
393 2537 596 2591 Compluti
615 2536 885 2589 reperirentur,
913 2546 1137 2589 argumento
1168 2533 1288 2576 ducto
1314 2548 1361 2576 ex
1390 2533 1622 2576 Melchioris
1647 2534 1697 2577 de
1725 2535 1761 2576 la
1788 2536 1884 2577 Cer-

156 2604 208 2645 da
230 2603 428 2655 Apparatu
449 2593 575 2635 Latini
594 2591 797 2640 sermonis,
831 2588 1089 2631 Bibliothecae
1107 2589 1340 2643 Hispanicae
1368 2604 1403 2644 p.
1436 2594 1502 2632 61.

148 2679 150 2681 v
211 2655 317 2700 Istud
345 2651 512 2704 denique
539 2647 651 2701 plane
677 2659 758 2686 non
789 2644 1011 2691 ferendum,
1040 2644 1148 2699 quod
1166 2646 1260 2686 citra
1279 2645 1388 2686 ullius
1406 2645 1570 2686 Codicis
1587 2646 1725 2687 Graeci
1744 2647 1884 2688 autori-

158 2727 275 2758 tatem
296 2706 452 2750 subinde
472 2701 654 2743 nonnulla
673 2711 886 2750 mutarunt,
916 2711 1032 2754 atque
1052 2700 1245 2741 Graecum
1265 2700 1434 2740 Textum
1454 2700 1505 2740 ad
1526 2702 1702 2741 Latinam
1728 2700 1880 2742 Versio-

160 2783 250 2813 nem
269 2761 531 2807 detorserunt,
561 2771 610 2797 ne
628 2756 745 2796 verbo
763 2755 922 2810 quidem
946 2754 1150 2795 admonito
1169 2755 1320 2795 Ιεὲὶοτε.
1358 2756 1417 2795 Ac
1445 2754 1534 2794 sane
1561 2770 1641 2809 quo
1673 2756 1803 2796 animo
1831 2757 1882 2796 ad

160 2828 259 2866 hanc
293 2818 514 2861 Editionem
542 2810 747 2852 curandam
777 2808 1014 2859 accesserint,
1042 2808 1295 2863 prodiderunt
1327 2807 1431 2850 haud
1453 2809 1609 2850 obscure
1629 2810 1752 2850 statim
1775 2812 1814 2850 in
1838 2813 1880 2851 li-

161 2882 262 2921 mine
293 2889 337 2916 ae
365 2871 535 2924 Prologo
557 2866 606 2907 ad
626 2866 849 2906 Leaorem:
879 2896 902 2915 ‚‚
917 2864 1112 2912 Mediam,
1142 2864 1343 2917 inquiunt,
1373 2865 1550 2904 Latinam
1573 2865 1617 2905 B.
1646 2865 1880 2919 Hieronymi

213 2928 497 2976 translationem
519 2956 529 2972 ,
561 2920 663 2961 velut
694 2921 792 2960 inter
822 2920 1064 2974 Synagogam
1094 2922 1134 2958 &
1164 2919 1403 2960 Orientalem
1431 2918 1635 2960 Ecclesiam
1666 2919 1881 2972 posuimus,

155 2968 185 3040 ζ’
212 2996 396 3040 tanquam
415 2980 514 3020 duos
533 2977 623 3016 hinc
643 2975 732 3015 inde
751 2975 937 3024 latrones,
967 2974 1136 3015 medium
1156 2986 1281 3015 autem
1294 2973 1423 3027 Jesum
1445 2973 1482 3015 h.
1502 2988 1534 3014 e.
1552 2974 1774 3016 Romanam
1804 2976 1879 3016 five

171 3023 184 3043 ’
210 3042 387 3085 Latinam
407 3032 614 3077 Ecclesiam
633 3030 898 3070 collocantes’'.
927 3029 1041 3081 Qiae
1059 3029 1256 3078 Simonio,
1285 3028 1434 3068 homini
1451 3029 1540 3069 alias
1558 3043 1638 3070 non
1659 3030 1881 3085 religiosissi-

139 3078 242 3150 ἔξω,
270 3109 352 3139 tam
378 3091 472 3133 dure
499 3099 655 3140 tamque
684 3086 930 3144 irreverenter
957 3087 997 3122 &
1021 3083 1179 3124 absurde
1206 3083 1308 3124 dista
1335 3083 1581 3135 videbantur,
1609 3096 1650 3125 ut
1680 3085 1729 3126 de
1747 3098 1880 3126 autore

156 3155 369 3199 dubitaret,
396 3143 583 3189 Ximenio
604 3139 804 3181 Cardinali
819 3150 965 3180 tantam
983 3139 1185 3181 verborum
1204 3138 1395 3183 licentiam
1413 3139 1576 3182 tribuere
1594 3140 1743 3184 veritus.
1782 3141 1878 3195 Quo

1766 3208 1887 3251 magis
