1976 3519
462 210 1489 254 ,PROLEGOMENA
1781 233 1839 273 332

120 314 123 316 “
158 297 237 340 Diu
268 307 357 338 ante
390 295 797 351 Morinum·ejusdem
829 296 1034 336 sententiae
1065 296 1135 336 fuit
1161 296 1208 348 J.
1239 297 1288 336 G.
1328 297 1601 351 Sepulvedasg
1639 302 1706 355 qui
1738 304 1831 357 Epi-

105 355 197 395 stola
227 355 276 394 ad
301 353 497 393 Erasmum
531 366 594 403 23.
624 352 724 406 Maji
753 364 871 404 1534.
901 352 1032 391 Roma
1054 351 1213 405 scripta,
1244 353 1345 391 &in
1371 354 1541 406 Append.
1575 356 1691 409 Epist.
1723 358 1837 399 Eras-

103 411 215 450 min.
247 406 558 449 CCCLXXVI.
586 406 699 447 edita.
757 434 780 456 ,‚
817 406 939 459 Quod
961 407 1146 459 pertinet,
1177 407 1322 460 inquit,
1351 407 1400 447 ad
1419 408 1555 449 librum
1571 411 1832 463 Pontificium,

103 495 130 516 „
160 464 374 516 (Codicem
399 464 632 502 Vaticanum
652 461 846 514 intelligit,
876 461 925 500 de
945 475 1024 514 quo
1043 463 1189 515 egimus
1207 461 1314 513 supra
1336 475 1371 514 p.
1416 462 1502 516 23.)
1532 464 1703 507 Graecos
1724 468 1832 508 codi-

103 548 130 570 ‚,
159 534 221 559 ces
252 519 362 560 Novi
389 517 645 566 Testamenti,
677 517 915 557 Graecorum
937 516 1180 568 quorundam
1201 517 1260 556 vel
1292 517 1434 556 malitia
1455 518 1513 558 vel
1536 519 1709 570 levitate,
1741 522 1833 565 fuis-

104 604 131 627 ‚‚
160 574 196 614 se
217 574 463 626 depravatos,
493 571 532 610 id
555 571 816 624 ipsum‚quod
838 570 986 619 scribiS,
1019 571 1114 610 fides
1136 571 1210 611 esse
1221 571 1333 611 debet
1344 571 1577 623 indubitata,
1592 575 1697 627 quod
1709 577 1835 618 Grae-.

102 656 131 680 ,›,
159 642 287 668 corum
317 627 375 666 adr
397 626 591 666 sanitatem
612 626 852 666 redeuntium
883 625 1036 666 foedere
1068 626 1164 665 inito
1183 641 1267 666 cum
1292 626 1457 667 Ecclefia
1477 629 1658 668 Romana
1678 643 1830 673 cautum

102 709 129 736 ‚‡,
157 683 288 731 fuerit,
318 695 358 722 ut
383 682 521 721 Graeci
545 681 714 721 Codices
737 681 786 720 ad
814 683 1031 720 Romanam
1050 680 1255 721 leelionem
1274 681 1591 732 emendarentur,
1622 698 1710 724 nam
1736 699 1836 739 quo<

102 760 129 789 ‚·,
157 738 278 777 modo
307 749 482 789 poterant
512 736 645 776 clarius
667 737 817 789 utrique
835 736 1058 785 contestari,
1089 737 1317 789 exemplaria
1340 737 1520 777 Romana
1542 738 1744 780 lestionem
1767 756 1832 782 ve-

101 822 127 845 „
155 806 235 832 ram
265 795 302 830 &
333 805 549 845 germanam
581 791 760 840 retinere,
793 791 1031 830 Graecorum
1060 790 1134 830 effe
1163 791 1320 831 vitiata?
1349 790 1458 831 Nam
1488 793 1595 846 quod
1615 795 1830 843 ais‚Grae-

102 875 128 896 ‚‚
157 861 242 886 cam
269 836 475 886 leffionem
504 861 524 885 a
562 846 719 885 Graecis
738 846 930 885 autoribus
951 844 1025 885 effe
1047 845 1272 897 petendam,
1305 846 1450 887 diceres
1470 847 1638 902 ahquid,
1668 850 1695 889 fi
1718 852 1836 891 rati0-,

101 929 128 953 „
157 916 245 941 nem
278 901 414 941 Graeci
442 901 624 940 sermonis
651 900 856 940 affirmares
889 915 909 939 a
933 900 1091 940 Graecis
1111 901 1351 947 commodius
1371 916 1486 955 quam
1507 918 1528 942 a
1550 904 1696 945 Latinis
1712 907 1830 959 expli-

100 983 128 1009 ,Ὦ
155 958 250 996 cari:
284 961 336 996 At
362 956 476 995 libros
507 957 754 1010 archetypos,
784 954 1032 994 fundamenta
1064 955 1212 996 nostrae
1241 956 1434 1009 religionis
1461 959 1725 1009 continentes,
1762 963 1831 1015 qui

101 1013 304 1064 „Graece
333 1011 484 1051 fuerunt
510 1026 531 1050 a
561 1010 632 1050 suis
660 1010 851 1050 autoribus
874 1011 1018 1063 scripti,
1050 1024 1115 1050 cur
1137 1024 1215 1050 non
1235 1012 1432 1052 credamus
1467 1013 1648 1064 sanffius,
1679 1030 1830 1068 gravius

100 1085 126 1118 3,
155 1070 193 1106 &
223 1066 475 1119 incorruptius
502 1065 703 1106 asservatos
729 1065 802 1105 esse
833 1065 871 1104 in
902 1065 1045 1105 scriniis
1075 1080 1118 1104 ac
1152 1066 1190 1104 in
1212 1066 1451 1107 bibliothecis
1475 1069 1659 1110 Ecclesiae
1682 1071 1843 1112 Roma-¹

101 1149 128 1174 „
157 1136 247 1170 nae,
278 1136 374 1175 quae
395 1133 508 1174 caput
529 1121 582 1160 est
603 1121 906 1160 Christianorum
920 1154 930 1169 ,
960 1124 998 1159 &
1020 1120 1165 1173 semper
1189 1120 1401 1161 fuitnorma
1414 1123 1642 1164 Catholicae
1655 1126 1828 1178 pictam,

100 1203 127 1229 „
157 1190 270 1230 quam
299 1178 337 1216 in
369 1177 553 1225 Graecia,
582 1190 679 1229 quae
703 1175 848 1228 semper
874 1174 944 1217 fuit
974 1175 1250 1215 haereticorum
1280 1180 1315 1215 ὃς
1338 1176 1831 1222 levissimorum'hominum

99 1263 126 1284 ‚,
157 1231 346 1271 fraudibus
369 1235 405 1270 ὃς
426 1242 531 1270 motu
553 1246 674 1270 rerum
698 1245 882 1271 novarum
903 1231 1067 1285 agitata?
1096 1230 1203 1284 quod
1227 1230 1401 1271 accidisse
1421 1245 1565 1273 certum
1577 1234 1681 1274 estin
1695 1236 1824 1278 LXX.

100 1321 124 1339 „
155 1288 317 1327 Decreta
336 1286 504 1326 Concilii
524 1284 708 1333 Nicaeni‚
739 1300 837 1339 quae
857 1300 943 1326 cum
964 1286 1110 1340 integra
1133 1286 1172 1331 in
1195 1285 1338 1328 scriniis
1357 1287 1532 1328 ecclesiae
1557 1289 1759 1331 Romanae
1771 1306 1828 1332 as-

97 1373 123 1394 „
154 1342 406 1390 servarentur,
440 1353 565 1380 tamen
596 1340 643 1380 ad
675 1342 877 1381 Orientem
894 1341 933 1380 in
953 1340 1179 1394 quibusdam
1210 1342 1372 1382 eccleliis
1392 1343 1438 1381 ab
1462 1342 1658 1385 haereticis
1678 1346 1829 1387 incensa

97 1396 256 1448 „'‘sunt‚
286 1397 323 1436 in
343 1397 424 1437 aliis
443 1397 491 1435 ad
515 1397 921 1436 minorem'numerum
939 1395 1112 1445 reda&a‚
1142 1395 1292 1437 sublatis
1321 1396 1521 1448 videlicet,
1542 1413 1639 1451 qnae
1660 1400 1828 1454 ipsorum

96 1480 123 1504 9,
152 1452 314 1492 confiliis
334 1466 395 1492 aut
415 1452 611 1492 conatibus
632 1451 812 1491 obstitura
835 1451 1081 1499 videbantur3
1112 1462 1154 1490 ut
1187 1452 1415 1493 Athanasius
1437 1456 1479 1495 &⁷
1497 1457 1634 1495 caeteri
1648 1456 1829 1511 Episcopi

96 1534 123 1560 5,
153 1521 199 1547 ex
230 1508 484 1547 Alexandrina
506 1507 665 1561 Synodo
685 1507 725 1545 in
748 1506 916 1559 Epistola
935 1505 984 1545 ad
1004 1507 1184 1546 Marcum
1206 1506 1350 1560 Papam
1369 1514 1676 1562 conqueruntur,
1707 1526 1728 1550 a
1749 1527 1828 1566 quo

97 1593 122 1614 „
152 1562 364 1616 exemplum
386 1562 623 1602 decretorum
643 1561 832 1614 ipsorum,
863 1561 971 1615 quod
992 1561 1194 1613 petebant,
1221 1576 1467 1614 receperunt.
1524 1565 1639 1606 Adde
1660 1568 1766 1620 quod
1780 1568 1831 1608 ‘lia

97 1646 124 1669 „
154 1617 210 1656 bri
228 1620 384 1658 tutiores
402 1618 450 1658 ab
470 1617 613 1669 injuriis
633 1616 708 1656 effe
725 1616 846 1656 solent
860 1647 870 1665 ,
900 1619 939 1655 ὃ(
959 1617 1082 1656 minus
1104 1631 1124 1655 a
1144 1615 1265 1659 sciolis
1278 1649 1289 1666 ,
1303 1618 1455 1658 Scholia
1478 1618 1588 1672 saepe
1597 1635 1686 1661 cum
1699 1622 1832 1676 Scrip-.

96 1702 123 1723 „
152 1673 242 1712 turis
260 1672 605 1720 confundentibus,
628 1672 771 1720 vitiari,
802 1673 866 1712 ubi
884 1685 904 1709 a
925 1672 1242 1724 paucioribusve!
1264 1672 1440 1726 leguntur
1466 1675 1522 1716 vel
1544 1676 1806 1730 intelliguntur
1815 1700 1829 1726 3

99 1754 125 1777 ⁵,
155 1726 223 1766 nisi
246 1725 343 1766 forte
365 1728 440 1766 hoc
460 1727 554 1765 dicis
572 1725 747 1778 placuisse
764 1727 803 1765 in
825 1725 1001 1773 foedere,
1033 1737 1073 1764 ut
1094 1726 1215 1765 diffi'o
1233 1727 1386 1768 ,Graeca
1406 1728 1672 1771 emendaretur
1695 1732 1744 1771 ad
1759 1733 1830 1772 La-

99 1808 128 1832 ,‚
157 1783 296 1831 tinam,
326 1780 433 1834 quod
464 1794 533 1820 nec
565 1781 616 1820 es’t
645 1779 859 1833 probabile,
889 1792 1153 1833 praeterquam
1185 1780 1223 1819 in
1255 1793 1360 1823 certo
1383 1782 1511 1835 aliquo
1532 1782 1641 1832 loco,
1672 1789 1710 1824 δε
1733 1801 1830 1827 nun-

97 1842 125 1888 „
154 1850 268 1890 quam
290 1835 429 1876 fastum
452 1834 556 1875 fuiffe
577 1847 721 1877 cetrum
742 1835 885 1875 habeo:
915 1848 1004 1877 nam
1026 1834 1222 1873 articulum
1234 1856 1248 1883 ‚1
1274 1849 1391 1888 quem
1412 1838 1570 1880 evitas-,ex
1592 1842 1718 1880 Aurea
1739 1842 1830 1882 Bul..

98 1923 125 1943 „
155 1892 209 1941 la,
240 1891 326 1931 licet
356 1890 448 1931 duas
475 1904 602 1930 aureas
634 1890 759 1930 Bullas
788 1891 828 1929 in
857 1889 955 1928 libro
976 1889 1241 1931 Conciliorum
1263 1891 1489 1943 perlegerim
1502 1913 1524 1941 ,-
1556 1893 1726 1936 invenire
1746 1911 1829 1940 non

95 1973 123 1998 3,
154 1947 282 2000 potui;
313 1951 436 2000 'quam
475 1947 588 1998 igitur
619 1944 744 1994 dicas,
774 1949 811 1985 &
833 1943 1107 1988 unde-arnobis
1128 1943 1295 1998 petenda
1318 1944 1381 1996 fit,
1410 1946 1566 1988 obsecro
1587 1959 1648 2000 te,
1678 1964 1727 1991 ne
1746 1948 1830 2006 grass

96 2008 124 2053 3,
153 2002 249 2042 veris
269 2000 318 2041 ad
338 2015 408 2042 nos
427 2001 660 2054 perscribere.
689 2000 827 2042 Vale'’.
1187 2022 1190 2023 ⁷
1225 2037 1229 2042 .
1370 2037 1374 2042 .
1423 2040 1427 2042 .
1570 2043 1573 2045 ,
1746 2026 1749 2029 ,
1793 2010 1797 2014 ’
1823 2040 1827 2044 .

151 2056 260 2110 Quid
295 2056 469 2097 Erasmus
500 2055 758 2109 responderit,
788 2070 868 2097 non
901 2056 1009 2096 scio:
1050 2054 1115 2096 sed
1144 2055 1220 2097 hoc
1248 2056 1326 2098 scio
1345 2089 1357 2108 ,
1398 2066 1620 2114 argumenta
1649 2062 1830 2116 Sepulve-

96 2111 169 2152 dae
207 2111 306 2151 facili
335 2113 493 2167 negOtio
530 2111 680 2152 dissolvi
711 2111 825 2163 posse.
882 2112 1004 2162 Quod
1034 2112 1139 2153 enim
1171 2113 1297 2165 primo
1326 2114 1440 2154 affert
1464 2113 1741 2166 Testimonium
1772 2119 1830 2172 ip-

94 2166 168 2207 fius
188 2166 372 2207 Ecclesiae
401 2168 604 2207 Romanae
639 2170 676 2206 &
708 2167 944 2207 Graecorum
967 2189 996 2217 ,>
1018 2168 1083 2220 qui
1112 2167 1160 2207 ad
1189 2167 1291 2208 illam
1323 2168 1575 2221 defecerunt,
1616 2173 1710 2212 nihil
1742 2187 1830 2226 pro-

94 2222 181 2272 bat,
211 2237 296 2262 cum
324 2221 445 2262 nullus
473 2222 634 2262 idoneus
664 2223 765 2262 testis
791 2223 829 2262 in
852 2237 891 2262 re
914 2222 975 2262 sua
1008 2222 1238 2276 intelligatur
1285 2223 1475 2275 (Fateor,
1509 2226 1711 2267 Ecclefiam
1746 2229 1830 2269 Ro-

95 2291 247 2318 manam
266 2277 444 2318 omnibus
476 2277 578 2327 aliis,
610 2291 712 2331 ‚quas
741 2277 805 2317 sibi
834 2277 1009 2330 adjunxit
1030 2307 1040 2326 ‚
1082 2278 1140 2317 vel
1173 2278 1330 2332 subjecit
1363 2281 1513 2333 potius,
1542 2282 1758 2334 imperasse,
1789 2296 1831 2324 ut

97 2332 266 2373 Codices
299 2332 381 2372 suos
407 2331 455 2373 ad
479 2332 690 2373 editionem
721 2331 897 2372 Latinam
934 2332 1240 2373 conformarent:
1259 2333 1346 2373 ⁷sed
1379 2342 1457 2374 non
1479 2338 1704 2390 quaeritur,
1734 2339 1830 2392 quid

97 2387 238 2428 fadum
266 2386 382 2428 fuerit
404 2418 415 2437 ,
456 2387 517 2427 sed
551 2399 676 2428 utrum
709 2389 810 2428 re&e
841 2387 982 2428 fastum
1015 2387 1060 2428 sit
1081 2421 1091 2438 ,
1132 2388 1239 2441 quod
1269 2388 1410 2429 faetum
1438 2390 1499 2430 est.
1557 2392 1639 2432 *Ne
1662 2393 1742 2445 jam
1768 2394 1830 2434 di-

97 2457 179 2482 cam
194 2469 203 2487 ‚
235 2456 360 2483 extare
377 2442 491 2482 etiarn
515 2443 684 2483 Codices
707 2458 726 2482 a
746 2443 885 2483 Latino
906 2443 1085 2496 scriptos,
1115 2446 1154 2483 &
1177 2458 1197 2483 a
1221 2444 1374 2484 Graeco
1395 2447 1588 2486 correctos
1609 2475 1619 2491 ,
1650 2447 1756 2501 cujus
1776 2451 1830 2490 rei

95 2498 311 2551 exemplum
341 2498 394 2538 est
434 2497 573 2538 Codex
597 2498 940 2539 *Claromontanus
995 2497 1119 2551 Quod
1151 2511 1266 2551 porro
1295 2500 1489 2553 praedicat
1512 2502 1716 2543 ‘Ecclefiae
1747 2505 1830 2544 Ro-

95 2567 231 2592 manae
254 2552 677 2602 ‚orthodoxiamnihil
707 2552 754 2592 ad
777 2567 856 2593 rem
878 2552 988 2593 facit:
1018 2567 1105 2592 nam
1127 2554 1166 2592 in
1189 2566 1247 2594 tot
1268 2554 1482 2596 codicibus
1504 2570 1550 2596 ex
1585 2558 1747 2598 Graecia
1779 2560 1831 2599 al-

94 2606 181 2650 latis
209 2622 257 2647 ne
275 2622 350 2647 una
372 2607 528 2661 quidem
549 2608 729 2648 haetenus
753 2620 898 2661 reperta
928 2608 981 2648 est
1011 2608 1146 2648 Leffio
1168 2639 1179 2658 ,
1221 2624 1319 2663 quae
1350 2610 1551 2651 haeretico*
1575 2613 1747 2667 dogmati
1778 2614 1833 2654 fa·-

93 2675 215 2710 -vear3
254 2677 302 2702 ne
327 2663 406 2716 jam
436 2663 596 2712 dicam,
643 2663 691 2704 de
718 2662 914 2703 codicibus
944 2664 1103 2703 Graecis
1133 2662 1355 2704 Latinorum
1379 2696 1391 2715 ,
1432 2666 1606 2719 inprimis
1628 2669 1678 2708 de
1697 2669 1829 2710 nostro

92 2717 423 2771 :Cantabrigienfi,
450 2718 607 2771 ejusque
627 2718 791 2758 leffione
814 2718 904 2759 Luc.
936 2719 955 2754 N
973 2718 1004 2758 L
1041 2732 1074 2768 5.
1103 2719 1359 2761 virosdostos
1378 2720 1485 2761 aliter
1492 2722 1673 2775 judicare.
1723 2724 1829 2775 Cum

96 2773 212 2827 igitur
240 2787 373 2813 omncs
401 2774 597 2813 varietates
632 2773 768 2825 partim
800 2773 1052 2827 negligentiae
1072 2804 1083 2823 ,
1116 2775 1258 2826 partim
1278 2774 1402 2815 studio
1423 2777 1680 2827 emendandi,
1711 2778 1830 2819 adeo·

92 2841 175 2879 ·que
194 2828 427 2881 qcriptorum
449 2827 636 2871 sacrorum
659 2829 798 2868 honori
819 2828 1063 2877 consulendi,
1092 2829 1290 2882 originem
1303 2829 1487 2881 debeant,
1517 2846 1589 2873 nec
1611 2831 1831 2884 κριτήριονκ-

96 2881 302 2935 linquitur,
341 2897 420 2936 quo
450 2883 618 2923 librarius
647 2883 1172 2924 orthodoxusabhaeretico
1202 2884 1474 2938 distinguatur,
1506 2902 1577 2928 nec
1606 2889 1743 2931 rationi
1764 2889 1831 2930 de·

102 2938 296 2978 monstrari
316 2938 462 2990 potest,
493 2939 531 2977 in
556 2938 654 2978 solos
675 2939 886 2979 haereticos
905 2937 1039 2979 cadere
1055 2950 1119 2978 aut
1138 2939 1409 2993 negligentiam
1429 2954 1494 2992 auc
1517 2942 1679 2983 studium
1701 2958 1830 2984 ernen-

95 2990 227 3030 dandi.
284 2993 414 3045 Quod
438 2993 605 3045 denique
638 2992 812 3046 confugit
842 2993 905 3032 ad'
924 2995 1191 3046 ignorantiam
1218 2995 1449 3037 ,Latinorum
1469 2997 1640 3038 Graecos
1661 2998 1830 3039 Codices

94 3045 383 3097 -aslervantium,
415 3062 512 3101 quae
530 3048 804 3089 Codices'illos
824 3048 870 3088 ab
889 3049 1034 3102 injuriis
1058 3050 1368 3102 &corruptione
1391 3053 1831 3105 tutospraestiterit'yve-

94 3114 181 3140 -rurn
202 3114 279 3140 non
301 3102 377 3146 est;
408 3117 493 3143 cum
515 3103 617 3155 apud
642 3104 798 3143 Latinos
822 3104 946 3144 multo
968 3103 1092 3157 plures
1122 3105 1355 3157 reperiantur
1377 3106 1547 3146 Codices
1566 3109 1728 3156 Graeci,
1749 3108 1832 3147 lite-

99 3155 148 3196 ris
162 3156 346 3197 veteribus
367 3156 498 3207 deletis
519 3161 557 3199 ὃ(
578 3159 690 3201 novis
710 3158 986 3213 superinduitis
1005 3159 1258 3213 interpolati,
1288 3166 1404 3213 quam
1422 3161 1752 3257 apud<42³1raecos.s
1771 3163 1833 3204 >Et

1472 3234 1522 3255 r:
1577 3234 1626 3256 φ,
1663 3234 1665 3237 ⁴
1703 3254 1706 3255 γ
1743 3230 1834 3261 ive-2
