1976 3519
129 227 181 266 80
515 223 1518 266 PROLEGOMENA.

131 315 321 355 Graecam
348 311 539 364 Linguam
565 311 799 352 conversum.
855 310 1169 365 Frequentissime
1194 312 1298 352 enim
1324 311 1409 351 loca
1440 310 1653 364 Scripturae
1677 311 1729 353 ita
1756 314 1873 364 citat,

131 382 174 410 ut
194 369 307 423 plane
328 367 496 415 constet,
529 366 677 406 Graeca
697 381 743 406 ex
764 366 911 406 Latinis
930 366 1112 407 conversa
1130 364 1225 416 esse,
1255 381 1344 406 cum
1367 364 1496 419 paffim
1517 380 1539 405 a
1561 366 1756 408 Codicum
1792 383 1878 408 om-

131 425 238 464 nium
271 424 535 472 Graecorum,
566 423 632 475 qui
664 421 821 475 quidem
853 421 902 460 ad
932 422 1109 463 notitiam
1135 421 1301 461 nostram
1326 433 1606 475 pervenerunt,
1635 422 1799 464 lectione
1822 437 1879 463 re-

130 479 263 527 cedat,
295 481 334 516 &
355 473 443 517 cum
464 476 609 517 Latinis
629 477 770 530 ubique
790 468 1025 526 consentiat,
1055 475 1164 530 quod
1194 478 1323 530 paucis
1352 475 1535 529 exemplis
1565 476 1690 530 palam
1722 477 1813 518 fiet:
1842 492 1879 519 v.

131 548 184 588 gr.
209 531 355 572 Coloffi
383 532 453 574 IV.
500 545 560 571 11.
591 531 727 581 habet,
757 528 845 569 οὗτοι
864 530 948 576 μόνον
967 548 1031 579 μου
1060 531 1117 570 {wi
1136 527 1304 582 συνεργοὶ,
1332 532 1396 572 ubi
1427 531 1539 572 verba
1561 548 1623 577 μου
1654 530 1708 571 εισι
1740 547 1787 572 ex
1808 533 1880 573 La-

132 592 213 629 tina
235 586 404 628 versione
424 586 555 627 addita
577 586 680 626 sunt:
710 599 827 639 porro
848 586 974 627 Lucae
994 586 1067 627 XI.
1088 599 1168 626 non
1194 586 1413 626 LXX.cum
1428 586 1686 636 Graecis,sed
1706 587 1879 628 LXXII.

135 643 339 697 discipulos
352 642 499 682 Christi
518 656 605 682 cum
628 641 772 681 Latinis
796 640 852 680 bis
872 652 1070 689 numerat-‚
1105 641 1247 681 1.Cor.
1260 641 1289 680 1.
1321 654 1335 680 1
1351 655 1380 680 i.
1411 639 1557 685 ἤκουε-αι
1578 658 1631 689 μοι
1653 656 1725 695 pro
1754 639 1880 687 ἐδηλώ-

134 699 167 744 Θη
188 715 251 747 μοι.
279 697 406 738 Exod.
419 697 574 738 XXIII.
610 698 655 746 5,
687 692 870 747 ῥεμὲὅμενον
893 710 965 750 pro
986 693 1225 745 πλανῶμενον,
1255 694 1314 735 ἕνον
1338 709 1409 749 pro
1431 689 1636 752 ὑποζύγιον,
1658 694 1792 750 ἀνοίξας
1809 711 1882 751 pro

135 751 376 804 ἀποτρέψας,
407 754 428 791 8'
450 750 497 800 μὴ
519 748 769 803 ἀντιποιςέλθης
793 764 865 804 pro
884 753 904 789 ἐ
921 749 1146 804 παςελὲυση,
1168 749 1305 799 ἐπάρας
1324 765 1397 805 pro
1417 749 1547 804 {yegaet
1577 752 1719 792 Matth.
1747 753 1791 792 V.
1817 765 1836 806 3
1844 765 1883 801 9.

141 808 340 848 Max-illae
362 807 581 861 simpliciter
601 806 838 845 mentionem
864 803 976 856 facit,
989 805 1126 846 omisso
1147 806 1323 860 epitheto
1346 806 1510 845 dextrae
1523 820 1642 860 ,quae
1656 807 1884 847 Latinorum

138 863 335 905 Codicum
357 863 410 902 est
433 863 588 911 Lestio,
620 861 713 900 teste
743 861 971 914 Augustino.
1001 860 1141 901 Genes.
1173 860 1348 901 XXVII.
1385 874 1415 901 1.
1444 874 1557 901 vocat
1578 858 1802 913 ὑποχυθέντει
1825 859 1884 901 τὸν

135 917 264 959 'luein
284 932 356 972 pi'o
373 915 601 965 ἦμζλύνθησοιν
623 913 649 954 ὃν
668 911 840 963 ὀφθαλμοὶ
861 917 968 956 αὐτῗέ.
1003 930 1035 956 l.
1051 914 1183 956 Theff.
1211 917 1282 958 IV.
1320 919 1380 956 16.
1410 914 1637 967 ἒγερθῖτσονται
1659 930 1731 970 pro
1749 913 1886 960 ἄγεις-ἦ-

136 991 262 1014 σονται.
302 973 443 1013 Matth.
483 970 638 1012 XXIV.
682 982 744 1021 27.
784 969 920 1010 {xGoei'vti
950 985 1022 1039 pro
1053 968 1243 1023 ἐξέρχεται.
1275 971 1323 1011 ib.
1355 968 1371 1011 ἦ
1402 968 1529 1012 ’ἐλευσις
1559 984 1631 1024 pro
1661 970 1679 1014 ἦ
1707 968 1885 1022 παρεσῖοι.

136 1031 227 1070 Luc.
259 1028 331 1069 Vl.
361 1040 425 1078 43.
455 1025 589 1075 ἐνεγκεῖν
610 1029 650 1065 &
669 1023 802 1074 ’ένεγκοιι
822 1040 893 1080 pro
913 1031 1022 1077 Φερειν.
1055 1027 1142 1066 Gal.
1173 1026 1242 1068 VI.
1275 1039 1309 1075 7.
1340 1023 1365 1064 οἳ
1389 1024 1464 1078 ’γάς
1487 1024 1526 1064 ἀῖν
1546 1023 1663 1077 σπείρῃ
1697 1022 1886 1077 ἅνθρωπος,

137 1085 284 1133 ταῦτα,
315 1096 385 1136 pro
409 1078 430 1120 ’ὸ
460 1085 499 1121 &
527 1084 643 1129 τέτο;
671 1080 887 1122 conferatur
917 1083 1033 1122 etiam
1065 1081 1245 1135 parabola
1272 1082 1409 1121 Lazari
1438 1085 1477 1121 &
1512 1081 1672 1131 Divitis,
1703 1082 1767 1122 ubi
1789 1081 1885 1122 illud

139 1138 254 1187 ἐτάφη
273 1138 300 1177 ὲν
320 1137 372 1188 τῷ
396 1135 483 1188 bisai,
513 1150 559 1177 ex
579 1136 806 1177 Latinorum
823 1136 877 1177 est
897 1136 1154 1176 distinctione.
1187 1149 1221 1175 2.
1243 1136 1322 1176 Pet.
1354 1136 1422 1176 111.
1457 1147 1518 1185 15.
1547 1133 1605 1178 ‘ciii
1626 1134 1789 1184 δεδομένην
1809 1150 1883 1191 pro

138 1194 197 1237 τὴν
227 1193 376 1234 δοθεῖσαν.
407 1194 497 1232 Luc.
527 1192 578 1232 X.
616 1195 676 1231 18.
704 1189 782 1230 ’ἔιδον
817 1205 890 1245 pro
924 1187 1060 1241 ἑθεῶρεν.
1091 1192 1182 1232 Luc.
1212 1189 1369 1232 XXIV.
1403 1203 1466 1244 39.
1496 1188 1598 1242 ὁροῖτε
1629 1205 1700 1245 pro
1732 1190 1883 1243 Θεωρεῖτε.

139 1251 231 1291 Luc.
265 1247 373 1288 VIII.
407 1252 474 1298 46.
513 1244 653 1291 {1541an
692 1245 768 1298 '732ss
797 1245 928 1292 δύναμιν
960 1245 1142 1299 &affici-<u
1173 1245 1210 1298 ἐξ
1251 1244 1320 1295 {ui}
1347 1259 1419 1300 pro
1449 1243 1520 1294 ἐγὼ
1553 1245 1626 1296 ’γὰρ
1665 1245 1762 1295 ’έγνων
1788 1244 1886 1286 δύνει·

139 1322 192 1354 μιν
222 1303 407 1358 ὲξελθὲσοιν
429 1303 498 1342 ἀπ’
529 1301 607 1350 ὲμὶΞ.
641 1301 776 1356 Ephes.
795 1302 827 1341 I.
859 1306 895 1342 6.
924 1302 1034 1342 addit
1063 1315 1150 1341 cum
1181 1301 1326 1341 Latinis
1357 1299 1412 1350 {nc}
1435 1300 1541 1342 σίυτὲ.
1575 1301 1718 1342 Matth.
1749 1301 1888 1343 XXII.
1921 1308 1925 1312 “

139 1374 208 1412 45.
238 1359 346 1400 addit
366 1373 452 1398 cum
476 1358 619 1397 Latinis
641 1355 669 1395 ἐν
688 1354 871 1402 πνεύματι,
902 1356 993 1396 Luc.
1023 1356 1176 1397 XVIII.
1211 1369 1274 1407 35.
1302 1356 1472 1411 quinque
1490 1356 1737 1397 variationes
1764 1357 1813 1397 ab
1833 1357 1886 1397 E-

141 1417 231 1457 ditis
261 1428 349 1455 cum
377 1410 680 1466 Cantabrigiensi
719 1412 872 1452 Codice
899 1425 1122 1451 communes
1153 1411 1288 1461 habet,
1319 1411 1444 1452 Galat.
1476 1411 1546 1452 VI.
1583 1424 1644 1462 17.
1673 1409 1740 1450 τῶν
1773 1409 1888 1452 ἄλλων

142 1486 213 1526 pro
245 1471 293 1509 τὲ
322 1469 442 1509 nomi}
482 1482 510 1508 i.
531 1468 629 1521 Reg.
661 1467 793 1508 XVII.
829 1469 892 1520 36.
917 1464 996 1518 ’ἧςαν
1018 1480 1089 1520 pro
1114 1464 1263 1513 ἀφεῖλον.
1304 1467 1427 1506 Porro
1449 1466 1706 1506 Tertullianus
1729 1480 1887 1521 quoque

142 1527 234 1568 tales
255 1524 466 1564 Marcionis
487 1523 669 1563 lestiones
691 1521 859 1576 profert,
887 1536 984 1576 quae
1003 1522 1042 1561 in
1063 1521 1203 1561 Latino
1226 1532 1374 1561 tantum
1407 1520 1531 1560 locum
1556 1520 1693 1561 habere
1721 1520 1887 1574 possunt.

144 1583 207 1622 Ut
245 1581 370 1620 Lucae
403 1579 497 1620 XX.
534 1591 595 1629 35.
635 1591 728 1631 quos
757 1586 889 1616 autem
922 1576 1108 1630 diguatus
1140 1575 1190 1629 est
1217 1575 1338 1614 ‘Deus
1365 1575 1481 1623 seculi
1513 1575 1622 1615 illius
1645 1574 1887 1631 poffeffione,

144 1638 236 1677 item
258 1634 415 1689 quando
438 1633 487 1673 ad
510 1633 646 1686 Ephes.
681 1632 748 1672 111.
780 1646 816 1681 9.
845 1662 870 1682 ,‚
895 1631 1039 1683 rapuit,
1068 1631 1216 1684 inquit,
1230 1631 1454 1671 Haereticus
1476 1631 1519 1670 in
1541 1629 1887 1684 praepositionem,

144 1719 169 1741 „
201 1695 239 1730 ὅ(
262 1692 312 1729 ita
333 1690 408 1743 legi
430 1688 543 1737 fecit,
573 1686 716 1726 occulti
739 1685 786 1725 ab
807 1689 902 1724 aevi
925 1685 1045 1735 Deo,
1076 1688 1142 1739 qui
1164 1687 1292 1724 omnia
1322 1684 1493 1724 condidit
1508 1687 1530 1703 ’'
1552 1704 1566 1729 ,-
1597 1699 1684 1725 cum
1704 1686 1744 1724 in
1768 1685 1891 1726 Grae-

144 1760 232 1787 cum
250 1745 420 1784 Textum
439 1743 531 1783 tales
552 1740 888 1795 aequivocationes
906 1753 986 1778 non
1007 1739 1157 1779 cadant.
1189 1739 1368 1792 Denique
1380 1772 1390 1788 ‚
1402 1739 1624 1792 Epiphanio
1645 1739 1760 1789 teste,
1779 1740 1887 1781 Mar-

144 1802 234 1842 cion
256 1798 342 1839 Gal.
372 1796 422 1837 V.
451 1811 488 1848 9.
515 1797 607 1852 legit
637 1794 734 1835 ὃολοῖ
758 1809 830 1849 pro
859 1787 984 1850 ζυμοῖ,
1015 1794 1194 1835 nimirum
1215 1793 1385 1834 Italicam
1408 1792 1694 1836 conversionem
1715 1793 1882 1847 secutus,

145 1870 244 1912 quae
267 1855 404 1903 habet,
433 1853 654 1907 corrumpit.

202 1911 358 1951 Irenaei
383 1909 583 1962 Interpres
601 1906 769 1947 Latinus.

204 1963 476 2007 Tertullianus
489 1996 498 2012 ‚
528 1975 576 2002 ex
596 1960 778 2001 Editione
801 1961 845 2000 B.
867 1959 1051 2001 Rhenani
1072 1959 1238 2001 Basileae
1261 1972 1276 2000 1
1290 1972 1380 2012 521.
1393 1959 1625 2010 ,&Pamelii
1637 1959 1749 2001 Paris.
1767 1961 1887 2004 1608.

201 2020 443 2073 Cyprianus,
474 2016 668 2058 Editionis
690 2014 924 2056 Oxonienfis
957 2017 1075 2054 1682.

203 2069 488 2123 Novatianus,
518 2071 661 2125 scripsit
679 2071 816 2111 librum
834 2069 884 2110 de
900 2070 1052 2126 Regula
1072 2069 1184 2111 Fidei
1203 2073 1243 2110 ὃ(
1263 2069 1475 2125 Epistolam
1504 2070 1554 2113 de
1574 2070 1685 2113 Cibis
1698 2070 1882 2127 Judaicis.

201 2130 407 2173 Minatius
430 2126 569 2177 Felix,
599 2124 742 2180 scripsit
764 2125 985 2167 Ostavium.

201 2183 402 2227 Arnobius
424 2186 466 2224 in
491 2181 674 2235 ‘Psalmos
696 2184 736 2221 δε
757 2179 933 2222 adversus
955 2181 1121 2231 Gentes,
1152 2179 1318 2222 Basileae
1342 2184 1460 2236 1560.
1477 2182 1519 2224 in
1538 2179 1705 2226 ottavo.

207 2240 474 2288 Lactantius,
503 2236 774 2291 Cantabrigiae
799 2237 920 2286 1685.
951 2236 991 2276 in
1013 2236 1169 2280 ottavo
1192 2235 1326 2279 editus.

208 2298 386 2348 Optatus
411 2292 704 2343 Milevt'tanus,
735 2290 848 2333 Paris.
882 2297 1007 2345 1679.

206 2349 372 2405 Lucifer
395 2348 664 2389 Calaritanus.

204 2407 430 2460 Juvencus.

208 2461 415 2512 Hilarius,
447 2460 718 2513 Pittavienffs
746 2461 976 2517 Episcopus,
1005 2476 1051 2503 ex
1067 2462 1239 2516 Origene
1257 2460 1376 2503 multa
1404 2459 1638 2516 depromsit,
1666 2458 1761 2503 teste
1792 2461 1888 2504 Hie-

154 2532 320 2572 ronymo
342 2516 392 2557 ad
413 2517 583 2558 Marcell.
614 2517 751 2558 Editus
771 2517 824 2558 est
843 2517 1009 2558 Bafileae
1045 2531 1168 2569 ¹550.

206 2573 481 2622 Maximinus,
509 2573 741 2612 Arianorum
762 2573 998 2626 Episcopus,
1028 2572 1131 2627 apud
1155 2571 1420 2628 Augustinum.

208 2626 336 2667 Sermo
362 2629 626 2677 Arianorum,
655 2626 758 2681 apud
785 2627 1047 2683 Augustinum.
1190 2638 1203 2649 “

208 2682 410 2723 Candidus
432 2683 610 2722 Arianus
632 2683 681 2722 ad
701 2681 964 2730 Victorinum,
993 2682 1118 2723 editus
1138 2697 1160 2723 a
1181 2681 1412 2723 Mabillonio
1444 2681 1614 2723 Analest.
1644 2681 1751 2724 Vett.
1774 2680 1827 2722 T.
1849 2692 1892 2732 4,.

211 2738 372 2780 Marius
393 2736 641 2787 Vic'lorinus,
672 2735 766 2777 Afer
789 2737 965 2778 adversus
983 2738 1130 2778 Arium.
1709 2737 1772 2790 (p.
1799 2748 1888 2788 175.

211 2792 424 2844 Faustinus
450 2791 665 2836 Presbyter
685 2804 818 2832 contra
839 2793 1013 2833 Arianos.

213 2845 456 2941 ‘Phazabadius
476 2840 646 2940 s{lgensis
666 2847 877 2889 Galliarum
900 2846 1135 2902 Episcopus,
1164 2847 1271 2901 cujus
1297 2845 1480 2899 scriptum
1502 2856 1636 2886 contra
1668 2844 1836 2888 Arianos
1865 2859 1886 2886 a

159 2904 264 2944 Beza
282 2917 302 2942 e
336 2903 430 2941 itum
451 2915 472 2941 e
507 2932 515 2940 .

212 2956 423 3006 Hilarius,
456 2955 667 2995 ‘Diaconus
685 2957 911 3008 Romanus,
941 2957 1218 3000 Luciferitanae
1237 2953 1388 3006 Setiae,
1418 2954 1562 3009 scripsit
1581 2956 1619 2995 in
1642 2969 1777 2997 omnes
1797 2953 1890 3009 Epi-

158 3012 271 3053 stolas
287 3011 416 3060 Pauli,
444 3022 601 3064 excepta
618 3011 688 3064 Ep.
717 3011 767 3051 ad
787 3012 986 3053 Hebraeos
1005 3044 1016 3063 ‚
1047 3012 1380 3054 Commentarium
1400 3040 1412 3061 ,
1441 3010 1508 3063 qui
1539 3011 1655 3065 vulgo
1686 3009 1892 3051 Ambrosio

157 3067 354 3115 tribuitur,
383 3069 422 3105 &
443 3066 483 3104 in
505 3066 585 3119 ejus
604 3066 781 3120 operibus
799 3078 923 3115 extat;
951 3068 1076 3109 eidem
1099 3068 1214 3120 etiam
1227 3098 1239 3116 ‚
1261 3066 1436 3107 Simonio
1453 3064 1601 3118 judice,
1623 3063 1892 3107 adscribendae

158 3123 243 3163 sunt
263 3121 517 3175 Qiaestiones
535 3121 574 3160 in
593 3120 644 3163 V.
665 3124 703 3160 ὅ(
722 3121 778 3161 N.
798 3121 866 3167 T.,
894 3123 1111 3176 Augustino
1128 3122 1310 3162 haetenus
1330 3119 1547 3174 adscriptae.

209 3175 442 3227 Tichonius,
474 3174 617 3231 scripsit
636 3176 677 3217 in
694 3176 955 3231 Apocalypsin
967 3208 980 3228 ,
998 3180 1038 3218 ὃ(
1057 3177 1228 3231 Regulas
1247 3174 1436 3218 undecim.

1813 3227 1894 3282 Ju-
