1976 3519
139 259 221 302 144
495 235 1493 285 PROLEGOMENA.

137 364 164 385 „
195 347 276 375 non
297 332 452 373 alteram
475 328 712 382 πλεονεξίαις,
739 330 964 369 invenimus
986 329 1026 368 in
1048 327 1220 382 plurimis
1240 323 1328 366 Vet.
1359 325 1464 365 Cod.
1494 338 1592 377 quos
1614 325 1720 380 regia
1749 323 1882 365 biblio-

137 416 164 440 ,‚
193 390 306 429 theca
335 387 446 427 nobis
479 385 796 439 suppeditaverat.
852 383 903 424 T,
936 397 971 424 2.
999 397 1037 438 p.
1072 387 1163 429 267.
1194 381 1237 420 E.
1265 378 1401 419 κλυδῶν
1424 412 1435 431 ,
1463 379 1630 422 κλυὸὦνος
1659 412 1670 430 ,
1702 380 1881 434 scriptum

138 475 167 494 „
195 445 311 484 etiam
328 442 540 483 invenitur:
572 439 636 481 sed
667 440 789 494 magis
818 450 969 491 recepta
999 438 1054 482 est
1083 437 1198 478 altera
1228 434 1408 490 scriptura
1435 433 1590 481 κλύδων,
1619 433 1803 486 κλύδωνος,
1832 437 1884 475 de

139 529 166 549 ,‚
198 513 273 552 qua
314 498 431 538 etiam
462 497 591 535 omnia
618 493 858 535 Testamenti
898 493 991 533 novi
1019 504 1147 533 vetera
1187 491 1416 544 exemplaria
1459 490 1672 530 consentire
1712 490 1885 545 comperi

141 580 168 604 „
199 554 338 609 (quum
369 566 412 591 ea
440 553 546 591 inter
576 550 613 597 fe
643 545 877 602 conferrem)
910 547 1044 587 Lucae
1073 561 1154 601 cap.
1189 546 1224 585 8.
1253 549 1293 585 &
1324 557 1363 599 p.
1394 549 1491 597 463.
1522 546 1573 585 G.
1603 544 1706 597 Eph.
1739 545 1789 585 V.
1823 559 1886 587 12.

141 639 168 659 „
199 609 397 649 Invenitur
417 610 456 646 &
477 604 608 657 κρυφῆ,
639 618 725 645 cum
745 620 763 648 η
782 603 946 643 habente
965 620 973 641 ι
1003 601 1269 655 subscriptum;
1301 600 1365 640 sed
1389 601 1427 640 in
1449 600 1555 640 nullo
1578 600 1792 642 nostrorum
1823 615 1889 641 ve-

142 690 169 714 „
198 677 320 704 terum
347 661 618 714 exemplarium
653 659 809 698 memini
837 671 900 698 me
930 658 1031 698 hanc
1053 656 1274 710 scripturam
1305 655 1534 695 observaffe:
1567 669 1636 696 nec
1657 670 1750 697 vero
1772 670 1888 710 quem

141 745 169 770 ,‚
198 720 324 760 locum
347 719 409 758 hic
431 716 568 757 habere
589 713 703 768 possit
726 711 910 767 intelligo.
951 727 988 767 p.
1021 713 1116 762 890.
1146 711 1190 751 F.
1221 712 1260 750 in
1284 709 1511 764 quibusdam
1541 711 1596 751 N.
1621 711 1672 750 T.
1694 711 1786 751 locis
1806 741 1817 761 ,
1847 713 1889 751 in

145 800 171 825 ‚-‚
200 775 336 829 quibus
356 774 432 813 hoc
452 771 679 811 vocabulum
702 778 879 818 notatur,
907 780 954 808 ex
972 767 1160 808 veteribus
1177 764 1455 818 exemplaribus
1478 765 1761 819 manuscriptis,
1791 780 1890 820 quae

145 860 172 880 „
202 841 308 883 pater
341 841 446 868 meus
478 827 518 866 in
547 824 747 865 consilium
778 822 975 872 adhibuit,
1005 822 1097 862 dum
1122 820 1215 861 illud
1244 819 1399 869 ederet,
1428 821 1500 860 alia
1528 821 1788 874 conjunstim,
1817 822 1891 862 alia

146 914 172 936 ‚,
201 884 422 938 disjunfflm
451 881 631 934 scriptum
665 877 856 917 habebant
884 877 1022 918 Marci
1052 876 1120 916 VI.
1156 889 1220 928 31-
1248 873 1316 914 ἂναὶ
1345 873 1453 921 μέσον.
1483 889 1519 929 ρ.
1554 888 1674 926 1029.
1713 876 1762 917 D.
1804 877 1892 919 Aft.

145 970 172 990 ,,
204 939 359 982 XXIII.
404 951 436 990 3.
475 931 693 986 παρανομῶν.
753 931 872 972 Poffit
892 943 1018 972 autem
1038 932 1203 985 cuipiam
1227 929 1348 971 videri
1370 931 1494 984 aptius
1515 928 1614 981 πυροὶ
1632 929 1742 979 νόμον,
1771 944 1892 984 quum

146 1025 175 1044 „
205 992 407 1049 praecedat
437 987 543 1030 κατὰ,
571 988 671 1036 νόμον.
731 987 807 1027 Sed
838 989 994 1027 memini
1021 988 1061 1026 in
1092 986 1297 1027 collatione
1323 983 1430 1025 Vett.
1458 986 1728 1039 exemplarium
1761 985 1896 1027 1Εᾶἰο-

147 1080 174 1099 „
202 1063 291 1089 nem
315 1048 413 1087 hanc
433 1045 609 1085 omnium
629 1042 851 1083 testimonio
872 1042 979 1082 fuisse
996 1041 1312 1096 comprobatam:
1341 1053 1386 1080 ac
1403 1053 1504 1081 certe
1524 1040 1609 1095 plus
1627 1041 1894 1083 vehementiae

146 1134 173 1155 „
203 1105 317 1144 habet
346 1100 572 1152 παρανομῶν,
601 1112 716 1153 quam
736 1095 846 1147 παρὰ.
867 1095 978 1145 νόμον,
1007 1110 1097 1137 meo
1119 1096 1276 1150 quidem
1302 1095 1461 1148 judicio.
1490 1109 1528 1149 p.
1563 1098 1682 1136 1666.
1712 1095 1756 1136 F.
1813 1096 1894 1138 Hic

148 1189 175 1210 ‚‚
203 1171 329 1200 autem
352 1171 432 1197 non
455 1155 612 1204 tacebo,
642 1164 825 1208 quantam
845 1152 886 1192 in
909 1152 1014 1193 Vett.
1044 1151 1258 1205 Exemplar.
1285 1151 1336 1192 T.
1357 1150 1414 1191 N.
1446 1152 1666 1191 varietatem
1690 1150 1895 1205 scripturae

148 1245 176 1265 „
207 1215 405 1267 repererim
445 1211 484 1251 in
516 1209 628 1263 hujus
659 1208 802 1248 arboris
839 1207 998 1248 nomine
1037 1206 1136 1247 Luc.
1176 1206 1292 1247 XIX.
1342 1218 1382 1256 4.
1420 1206 1582 1260 (loquor
1612 1218 1738 1246 autem
1770 1206 1820 1247 de
1849 1208 1896 1248 iis

149 1300 177 1320 ‚,
205 1267 481 1322 exemplaribus
494 1296 505 1314 ,
533 1280 578 1306 ex
596 1277 760 1318 quorum
780 1262 987 1303 collatione
1008 1261 1156 1302 editum
1177 1261 1248 1302 fuit
1269 1276 1291 1302 a
1312 1272 1420 1315 patre
1440 1275 1528 1301 meo
1541 1260 1833 1302 Testamentum
1852 1261 1897 1302 il-

149 1355 176 1376 „
206 1324 272 1365 lud
299 1335 445 1364 novum
465 1319 674 1375 grandibus
700 1315 851 1370 literis.)
879 1318 931 1358 T.
960 1330 996 1367 4.
1028 1331 1066 1372 p.
1103 1318 1194 1368 598.
1223 1315 1272 1356 C.
1301 1316 1579 1370 expositionem
1601 1316 1709 1356 istam
1728 1330 1774 1356 ex
1794 1329 1899 1358 vete-

150 1411 177 1430 „
207 1381 307 1420 ribus
329 1376 554 1433 quibusdam
573 1373 848 1427 exemplaribus
866 1373 1009 1422 affero,
1039 1386 1205 1427 quorum
1226 1370 1470 1411 collationem
1493 1383 1599 1425 pater
1620 1384 1726 1411 meus
1745 1371 1785 1411 in
1805 1385 1898 1412 con-

152 1462 179 1485 „
209 1435 330 1476 silium
352 1432 553 1481 adhibuit,
583 1443 702 1484 quum
725 1428 771 1469 N
775 1428 852 1469 .-T.
872 1427 1038 1468 excudit.
1097 1427 1241 1468 Eorum
1262 1427 1367 1467 enim
1386 1426 1571 1467 nonnulla
1587 1425 1778 1480 adscripta
1799 1441 1899 1467 mar-

151 1521 178 1541 ,‚
206 1490 287 1544 gini
309 1488 499 1529 habebant
519 1486 613 1526 haec
632 1484 767 1525 verba:
797 1480 971 1534 Mevdvspa
991 1484 1041 1522 τέ
1057 1483 1204 1529 Kanum&
1224 1479 1342 1530 γνώμη
1363 1479 1391 1520 ἒν
1411 1478 1539 1530 Θαιὸἶςι
1558 1481 1653 1536 (pro
1671 1495 1750 1535 quo
1770 1479 1900 1532 Θαδῖῳ

151 1576 179 1596 ,‚
210 1543 370 1586 fortaffis
401 1539 668 1596 reponendum
698 1538 810 1580 fuerit
832 1536 966 1589 Θοίϊδᾶ)
994 1537 1093 1578 Item
1116 1535 1246 1590 χρητῖᾶ.
1269 1532 1347 1576 ἀντὶ
1375 1538 1426 1576 τῦ
1453 1537 1567 1584 agapen.
1622 1536 1773 1576 Indicis
1801 1538 1830 1579 I.
1859 1551 1898 1591 p.

151 1631 179 1652 „
212 1614 304 1650 255.
335 1600 377 1640 B.
407 1597 545 1653 legitur
575 1595 710 1636 Marci
744 1608 778 1634 2.
809 1591 917 1644 ροίκες
937 1590 1080 1641 &arcies
1108 1594 1149 1633 in
1171 1591 1324 1633 Codice
1354 1593 1470 1632 etiam
1492 1591 1579 1633 MS.
1611 1591 1660 1633 ΙΙ.
1689 1605 1726 1645 p.
1758 1605 1821 1646 33.
1851 1594 1898 1634 E.

151 1686 179 1707 „
208 1670 254 1697 ex
275 1656 321 1695 iis
340 1664 467 1694 autem
485 1649 761 1703 exemplaribus
784 1648 969 1702 antiquis,
999 1661 1097 1702 quae
1129 1646 1181 1688 ad
1209 1647 1260 1687 T.
1281 1647 1338 1687 N.
1369 1646 1583 1687 editionem
1609 1646 1782 1701 undique
1808 1658 1908 1692 cont,

154 1742 179 1761 ‚‚
209 1710 411 1765 quifiverat
433 1719 540 1759 pater
562 1718 687 1753 meus,
708 1717 829 1743 unum
850 1703 946 1743 haec
965 1703 1130 1758 margini
1148 1701 1337 1755 adscripta
1357 1700 1408 1742 de
1426 1701 1620 1742 vocabulis
1640 1702 1712 1741 illis
1739 1701 1902 1743 habebat

153 1796 179 1817 „
211 1765 324 1821 [Λξίτ.
352 1762 468 1804 XIX.
505 1758 589 1816 12.]
621 1757 808 1809 ἀμφότερα.
827 1755 961 1798 Aaron&
981 1755 1040 1796 εἶσι
1058 1787 1071 1808 ,
1101 1755 1199 1799 πλὴν
1227 1754 1284 1796 τοὶ
1314 1753 1372 1803 μὲν
1401 1754 1548 1808 σεὲοίριοι
1576 1751 1637 1796 {vri
1667 1755 1727 1798 τῖς
1750 1757 1902 1806 aspersit

153 1848 181 1872 ,,
211 1817 471 1866 ἐπιβάλλεται·
502 1813 558 1856 τὰ.
577 1812 612 1855 δὲ
631 1812 808 1863 σιμικίνθια
826 1811 855 1852 ἒν
873 1811 955 1854 ταῖς
974 1809 1073 1864 χερσὶ
1094 1810 1300 1864 κατέχεσι,
1328 1807 1418 1863 πρὸς
1443 1807 1486 1851 τὸ
1517 1809 1809 1861 ἀπομάττεσθαι
1831 1811 1903 1855 τοὶς

155 1906 183 1927 „
212 1874 411 1927 ὑγρότητας
432 1871 482 1912 T&
511 1867 712 1922 ’ω’ροσῶπυ,
741 1866 800 1909 οἷον
827 1867 981 1919 ἱδρῶτα,
1009 1865 1172 1920 δάκρυον,
1202 1864 1359 1907 πτύελον
1385 1862 1446 1906 καὶ
1467 1864 1523 1906 τοὶ
1550 1866 1687 1915 ὅμοια.”.
1745 1868 1902 1909 Addam

156 1933 314 1973 unicum
340 1927 513 1984 ejusdem
541 1925 821 1974 testimonium,
852 1923 917 1964 sed
932 1924 1016 1964 luce
1034 1922 1246 1964 meridiana
1264 1922 1418 1973 clarius,
1447 1935 1494 1963 ex
1526 1921 1763 1976 praefatione
1784 1924 1904 1963 Cate-

158 2001 233 2029 nae
266 1983 476 2039 Augustini
505 1980 726 2023 Marlorati
755 1981 798 2019 in
829 1977 989 2031 Genefin
1016 1977 1202 2032 praefixa:
1232 1976 1464 2028 „Robertus
1484 1977 1722 2031 Stephanus,
1751 1979 1903 2033 inquit,

160 2070 186 2091 ‚‚
216 2053 325 2095 pater
367 2051 472 2079 meus
510 2058 577 2068 ·---
605 2049 725 2089 quum
752 2031 809 2074 N.
840 2032 892 2074 T.
924 2033 1117 2074 Graecum
1154 2046 1242 2073 cum
1273 2032 1401 2073 multis
1431 2033 1588 2073 vetustis
1627 2034 1905 2087 exemplaribus

161 2126 188 2149 „
217 2096 409 2138 OPERA
439 2092 563 2134 MEA
594 2088 945 2138 COLLATUM,
974 2089 1102 2143 primo
1123 2087 1281 2142 quidem
1310 2087 1578 2129 minutioribus
1598 2090 1700 2143 typis
1721 2092 1759 2128 ὅ(
1783 2102 1904 2143 parvo
1948 2112 1951 2114 -

161 2185 187 2204 „
218 2151 437 2194 volumine,
466 2170 528 2178 ----
556 2159 646 2186 mox
665 2154 792 2186 autem
813 2143 1020 2199 grandibus
1041 2143 1318 2184 chara&eribus
1349 2147 1389 2183 δε
1417 2156 1560 2196 magno
1593 2143 1810 2190 volumine,
1839 2144 1906 2184 ad-

161 2240 187 2260 „
219 2207 338 2247 hibita
368 2214 511 2258 quanta
541 2201 668 2256 potuit
688 2198 993 2254 Typographiae
1012 2198 1305 2254 Magnificentia
1324 2197 1533 2239 excudisset
1552 2201 1671 2240 &c.'’.
1729 2199 1771 2239 Si
1786 2199 1904 2239 Hen-

166 2265 271 2305 ricus
305 2258 527 2314 Stephanus
558 2256 726 2296 Codices
748 2254 1010 2295 Bibliothecae
1031 2254 1153 2307 Regis
1174 2253 1323 2295 Galliae
1352 2256 1390 2292 ὃ(
1411 2252 1564 2294 Italicos
1590 2253 1778 2300 contulit,
1806 2257 1847 2294 ὃ(
1878 2253 1906 2295 fi

166 2331 273 2373 pater
300 2316 382 2369 ejus
417 2312 612 2354 Robertus
642 2324 687 2352 ea
718 2309 926 2351 collatione
956 2308 1040 2350 usus
1067 2309 1143 2355 est,
1173 2322 1261 2349 cum
1290 2307 1348 2349 N.
1375 2308 1427 2348 T.
1450 2308 1643 2349 Graecum
1665 2312 1705 2348 &
1722 2322 1843 2363 parvo
1866 2312 1907 2349 ὃς

166 2387 312 2426 magno
339 2369 493 2411 volume
524 2365 751 2416 excuderet,
780 2363 1076 2406 manifestiffime
1105 2363 1350 2418 consequitur
1373 2389 1385 2409 ‚
1414 2363 1517 2403 illam
1546 2363 1792 2405 collationem
1825 2379 1908 2404 non

167 2429 255 2484 post
284 2438 428 2467 annum
461 2435 593 2473 1550,
622 2420 687 2461 sed
707 2431 796 2461 ante
813 2433 958 2460 annum
984 2422 1103 2470 1546.
1131 2418 1238 2460 fuisse
1257 2417 1420 2467 fa&am3
1448 2418 1517 2458 nifi
1538 2417 1563 2458 fi
1587 2418 1692 2459 dicas
1718 2420 1789 2460 Ro.
1820 2417 1910 2458 Ste-

160 2484 359 2540 phanum,
390 2493 457 2533 per
490 2476 616 2518 nescio
646 2488 762 2530 quam
793 2474 1010 2529 prolepfin,
1037 2474 1118 2528 jam
1146 2488 1251 2514 anno
1287 2485 1405 2522 1550.
1434 2473 1641 2514 collatione
1673 2473 1778 2514 usum
1810 2474 1907 2521 effe,

171 2552 270 2593 quae
290 2537 445 2576 demum
465 2532 596 2587 postea
617 2530 728 2572 fuerit
747 2530 936 2571 instituta:
966 2540 1031 2570 aut
1049 2528 1267 2569 Henricum
1287 2529 1369 2582 ejus
1395 2527 1516 2569 filium
1535 2529 1620 2582 post
1642 2528 1736 2569 illud
1758 2542 1908 2582 tempus

172 2591 433 2636 Bibliothecas
458 2588 582 2641 Regis
615 2586 765 2626 Galliae
793 2589 833 2626 &
860 2584 1010 2626 Italicas
1037 2584 1098 2625 vel
1116 2582 1369 2638 frequentasse
1387 2584 1445 2624 vel
1473 2584 1637 2624 omnino
1667 2583 1907 2638 frequentare

173 2649 254 2690 sme
283 2645 452 2700 periculo
481 2641 652 2698 posuisse.
708 2641 819 2682 Haec
847 2654 933 2681 cum
966 2640 1104 2694 partim
1133 2639 1262 2689 sciret,
1293 2639 1432 2692 partim
1462 2637 1638 2679 facillime
1667 2639 1758 2679 scire
1787 2639 1910 2693 poss'et

175 2704 226 2758 J,
254 2702 308 2744 A.
338 2699 567 2753 Bengelt'us,
596 2695 724 2737 nescio
750 2710 826 2750 qua
854 2695 905 2736 de
924 2694 1031 2736 causa
1052 2694 1101 2735 ad
1122 2706 1289 2735 veterem
1302 2693 1545 2735 Cantilenam
1567 2693 1717 2734 rediens
1745 2725 1768 2743 ,‚
1790 2693 1908 2734 XVI.

179 2790 206 2811 „
233 2756 381 2811 inquit,
411 2753 568 2793 Codices
594 2750 817 2791 contulerat
835 2750 1056 2792 Robertus:
1083 2748 1208 2804 {gitur
1230 2748 1307 2791 IX.
1326 2748 1420 2803 plus
1441 2750 1569 2788 minus
1593 2749 1795 2788 HenricuS.
1826 2749 1910 2790 Ad-

179 2845 206 2865 „
234 2813 319 2853 dito
340 2810 417 2850 hoc
436 2807 753 2862 epiphonemate:
785 2807 884 2847 Vere
901 2805 998 2845 haec
1018 2802 1067 2849 ὅγ’
1089 2804 1249 2855 modeste
1270 2812 1389 2854 atque
1409 2802 1568 2842 utiliter
1589 2803 1658 2854 effe
1677 2803 1807 2854 dista,
1836 2817 1912 2843 om·

179 2896 206 2921 „
235 2880 328 2917 nes,
356 2864 543 2916 utspero,
571 2869 790 2915 agnoscent.
818 2859 1036 2903 Introduft‘.
1065 2862 1109 2900 in
1137 2858 1261 2911 Cristn
1292 2857 1348 2900 N
1379 2856 1424 2899 T.
1454 2871 1494 2911 p.
1522 2861 1618 2908 446.

236 2923 326 2963 Hac
354 2917 553 2960 occasione
581 2916 679 2957 duae
709 2915 975 2965 difficultates,
1005 2929 1102 2970 quae
1123 2928 1185 2955 me
1203 2914 1269 2954 diu
1287 2913 1496 2962 torserant,
1524 2912 1608 2952 sunt
1638 2913 1912 2967 expediendae.

181 2977 315 3021 Altera
340 2974 394 3015 est
422 2972 473 3013 de
502 2984 656 3011 numero
688 2971 870 3010 Codicum
899 2970 1241 3021 Stephanicorum,·
1271 2983 1358 3009 cum
1377 2968 1481 3008 enim
1503 2968 1580 3008 Ro.
1603 2966 1840 3021 Stephanus,
1870 2971 1912 3010 in

183 3031 421 3089 praefatione
450 3030 489 3067 &
521 3027 561 3066 in
591 3026 763 3080 margine
789 3025 983 3065 Editionis
1011 3027 1051 3065 in
1081 3024 1177 3065 folio
1197 3055 1209 3074 ,
1248 3023 1400 3063 nonnisi
1432 3020 1545 3062 XVI.
1577 3023 1773 3065 Codicum
1801 3024 1916 3065 faciat

184 3087 448 3133 mentionem,
477 3083 575 3122 inter
594 3094 692 3134 quos
714 3080 847 3121 Editio
868 3080 1157 3132 Complutensis
1186 3080 1350 3132 primum
1380 3089 1543 3131 occupat
1570 3077 1720 3128 locum;
1751 3093 1915 3133 cumque

182 3144 235 3184 T.
265 3143 369 3182 Beza
390 3140 433 3179 in
453 3136 764 3178 annotationibus
785 3148 864 3174 non
884 3135 1008 3188 plures
1029 3135 1214 3188 Stephani
1235 3133 1404 3173 Codices
1434 3132 1483 3172 ad
1511 3133 1771 3174 testimonium
1803 3136 1915 3174 citet:

183 3198 251 3255 qui
273 3196 437 3243 fastum,
467 3204 509 3235 ut
530 3192 653 3235 Henr.
683 3190 899 3244 Stephanus
918 3189 1093 3232 scriberet
1111 3189 1251 3243 septus
1273 3201 1387 3243 quam
1407 3186 1541 3230 XXX.
1570 3188 1731 3229 Codices
1751 3189 1921 3285 vidffss}
