1976 3519
417 201 1409 248 PROLEGOMENA:
1736 225 1793 265 97

63 294 183 344 dunt,
211 293 332 334 fidant
360 291 594 349 Theolog03
621 291 729 332 Nam
762 288 790 330 fi
820 288 917 329 mihi
937 286 1083 349 ,tradita
1100 287 1154 349 est
1174 291 1354 332 autoritas
1373 292 1649 347 interpretandi
1668 293 1788 337 sacras

61 350 206 399 literas,
234 350 415 389 mirantur
437 347 464 388 fi
489 347 604 389 aufim
626 345 677 386 de
696 344 860 385 lectione
880 356 1084 397 quicquam
1104 342 1256 384 hiscere.

115 405 347 457 Qianquam
371 416 450 442 non
471 401 642 457 postulo,
671 412 712 440 ut
731 399 827 439 mihi
847 397 1015 438 credant.
1069 397 1244 439 Credant
1264 399 1417 440 vetustis
1440 404 1477 441 δε
1499 404 1711 446 emendatis
1729 405 1781 445 E-

58 458 333 511 xemplaribus,
362 456 519 497 credant
547 457 717 496 Graecae
746 454 917 502 veritati,
948 451 1165 503 praesertim
1196 452 1260 493 ubi
1281 453 1419 494 horum
1441 456 1575 499 Lestio
1595 474 1682 500 curn
1704 460 1783 500 Or.

58 514 319 554 thodoxorum
349 511 659 565 interpretatione
687 508 873 562 congruit.
930 506 1128 546 Postremo
1158 521 1229 548 nec
1256 507 1315 547 his
1333 508 1512 560 credant,
1542 512 1607 552 sed
1627 528 1706 555 rem
1728 515 1783 556 se-

58 581 145 608 cum
165 567 402 621 expendant,
433 579 512 605 non
533 564 734 605 mordeant
754 562 1047 603 admonitorem.
1105 563 1141 602 A
1163 562 1275 602 nobis
1293 563 1397 604 enim
1417 565 1510 606 nulli
1528 569 1715 620 praeclusa
1724 570 1780 610 est

56 623 118 664 via
138 623 293 662 meliora
314 619 541 675 quaerendi,
570 621 650 660 imo
668 618 794 672 potius
814 628 944 670 aperta
963 616 1028 656 est.

112 677 243 726 Nihil,
272 676 469 728 inquiunt,
497 673 722 715 tentandum
750 672 890 726 absque
917 670 1064 725 Synodi
1090 673 1300 713 autoritate.
1358 673 1469 726 Quid
1499 677 1619 732 magis
1639 677 1778 719 ridicu·

55 731 133 772 lum
152 731 227 771 dici
248 729 386 784 possit?
415 730 476 770 Ut
495 729 590 769 mihi
609 729 719 769 liceat
738 726 946 767 admonere
959 752 969 771 ,
1001 725 1096 779 quid
1116 726 1174 766 vel
1193 743 1215 767 a
1234 728 1360 768 Scriba
1372 729 1544 771 videatur
1554 746 1776 787 corruptum

55 787 115 826 vel
141 787 187 825 ab
215 785 424 839 Interprete
454 784 586 824 melius
615 782 724 824 reddi
743 782 932 836 potuerit,
962 780 1177 834 praesertim
1198 796 1244 822 ex
1264 794 1434 823 veterum
1458 781 1661 837 sententia,
1692 801 1774 831 tota

54 839 231 895 Synodus
248 841 318 881 erit
338 839 616 880 convocanda?
646 837 836 890 Quotidie
857 836 949 876 novi
970 835 1178 876 scribuntur
1198 838 1478 879 Commentarii
1498 841 1536 880 in
1557 841 1674 884 sacras
1695 845 1775 886 lite-

52 909 129 944 ras,
159 906 425 948 proponuntur
450 893 601 935 oracula
627 893 677 934 de
696 892 804 933 rebus
823 890 1068 946 graviffimiS,
1098 902 1157 931 tot
1178 893 1397 935 conduntur
1416 895 1581 948 articuli,
1610 912 1681 940 nec
1699 900 1773 941 ulla

49 949 226 1006 Synodus
244 949 452 1003 requiritur.

103 1005 142 1045 Si
163 1005 312 1045 novitas
331 1004 517 1054 offendit,
546 1017 617 1044 nos
636 1014 761 1045 vetera
781 1002 1027 1042 instauramus
1040 1029 1049 1047 ,
1081 1005 1120 1041 &
1141 1004 1349 1044 novitatem
1370 1004 1611 1049 excludimus
1661 1009 1771 1051 Nam

49 1060 234 1113 posterior
262 1060 317 1100 est
344 1058 514 1100 editione
534 1059 778 1113 depravatio:
809 1057 836 1098 si
856 1058 922 1111 qui
942 1056 1047 1106 sunt,
1076 1059 1142 1111 qui
1158 1072 1237 1097 non
1261 1058 1414 1111 possunt
1432 1073 1576 1103 mutare
1595 1063 1770 1117 salivam,

49 1128 164 1168 quam
195 1129 216 1154 a
245 1115 370 1168 pueris
397 1115 646 1163 imbiberunt,
674 1121 803 1154 manet
830 1112 908 1152 istis
937 1111 999 1152 sua
1020 1124 1126 1152 vetus
1149 1113 1291 1161 editio,
1322 1113 1347 1153 fi
1371 1115 1617 1165 volunt,tum
1638 1119 1770 1162 diluci-

50 1169 139 1209 dior
157 1182 235 1210 tum
250 1168 504 1210 emendatior:
534 1169 562 1209 fi
585 1168 720 1209 nolunt
737 1199 748 1218 ,
777 1166 912 1208 eadem
937 1170 977 1206 δε
995 1166 1048 1207 sui
1070 1167 1217 1207 similis:
1247 1168 1285 1207 Si
1307 1168 1463 1222 glandes
1481 1171 1572 1212 istos
1582 1173 1770 1218 obstinate

48 1223 259 1270 delcetant,
289 1223 416 1264 saltem
437 1238 486 1264 ne
506 1223 703 1264 invideant
722 1223 790 1272 iis,
821 1222 887 1276 qui
907 1222 1035 1262 tritico
1055 1222 1153 1262 vesci
1174 1223 1328 1263 malunt.

105 1279 247 1319 Utrum
267 1278 406 1332 quaeso
428 1278 482 1319 fas
498 1279 551 1319 est
580 1278 666 1332 post
686 1290 830 1318 veteres
851 1277 994 1330 aliquid
1015 1277 1228 1330 inquirere,
1241 1291 1288 1317 an
1309 1281 1415 1319 non?
1447 1280 1486 1320 Si
1508 1280 1563 1322 fas
1582 1297 1661 1324 non
1690 1287 1768 1338 est,

47 1347 113 1375 cur
132 1333 206 1374 ausi
227 1333 309 1374 sunt
331 1334 547 1374 Alexander
565 1348 608 1373 ac
629 1333 829 1382 Thomas,
857 1335 896 1371 &
916 1332 1002 1385 post
1023 1331 1095 1371 hos
1115 1332 1177 1372 alii
1195 1333 1430 1385 complures,
1461 1347 1582 1378 totam
1593 1339 1768 1382 Theolo-

47 1389 131 1443 giae
147 1387 279 1429 faciem
298 1389 520 1429 immutare?
549 1389 587 1429 Si
608 1388 684 1439 fas,
713 1402 780 1428 cur
801 1387 936 1427 nostris
963 1387 1185 1440 obstrepunt
1210 1387 1361 1437 studiis,
1393 1390 1609 1442 praesertim
1631 1401 1770 1439 cum&

47 1443 183 1484 nullius
205 1442 353 1497 judicio
382 1443 655 1498 praescribant,
685 1447 724 1483 &
754 1454 922 1483 veterum
950 1442 1149 1482 autoritate
1175 1443 1365 1484 nitantur?
1395 1445 1549 1487 Etenim
1579 1448 1608 1489 fi
1635 1448 1691 1492 fas
1711 1452 1765 1494 est

48 1497 226 1539 inducere
246 1512 367 1549 nova,
396 1499 517 1540 multo
538 1500 658 1552 magis
678 1497 732 1538 fas
752 1498 805 1538 est
835 1511 1012 1537 revocare
1031 1509 1168 1538 vetera.

99 1553 270 1607 Qidam
290 1554 352 1594 hic
373 1555 483 1595 nobis
501 1554 655 1595 tradunt
676 1553 851 1593 Lesbiam
872 1551 1060 1606 Regulam
1074 1583 1085 1601 ,
1115 1563 1156 1592 ut
1177 1551 1216 1592 id
1239 1551 1417 1595 habeatur
1436 1569 1508 1609 pro
1519 1558 1764 1616 re&o,qu0d

45 1607 159 1662 vulgo
178 1621 371 1663 receptum
388 1610 452 1651 est.
505 1610 651 1650 Verum
672 1621 868 1662 nunquam
887 1618 965 1647 tam
990 1607 1085 1647 bene
1107 1605 1177 1647 fuit
1196 1608 1321 1648 aetum
1342 1624 1428 1650 cum
1449 1612 1556 1652 rebus
1577 1614 1766 1668 humanis,

44 1674 109 1712 ut,
129 1663 234 1716 quod
253 1664 440 1718 optimum
459 1664 572 1714 ess‘et,
603 1678 625 1703 a
653 1664 771 1718 vulgo
793 1673 991 1716 peteretur.
1047 1662 1262 1702 Certissima
1282 1665 1408 1716 regula
1425 1666 1501 1715 est,
1530 1668 1764 1722 linguarum,

42 1718 350 1768 translationum,
377 1719 654 1772 expositorum,
682 1716 998 1770 exemplariorum
1017 1717 1115 1756 inter
1133 1716 1212 1769 ipsa
1223 1717 1413 1770 Collatio,
1443 1721 1618 1764 adhibito
1635 1725 1763 1769 sobrio

41 1771 187 1825 judicio
199 1803 210 1822 ,
229 1772 373 1813 exclusa
392 1774 650 1813 contentione.
1774 1812 1781 1818 .

92 1826 181 1880 Jam
201 1827 305 1881 quod
328 1842 348 1867 a
369 1827 591 1881 quibusdam
609 1825 773 1867 studium
793 1824 869 1866 hoc
889 1826 1056 1866 nostrum
1075 1825 1353 1877 contemnitur,
1382 1840 1423 1870 ut
1445 1828 1587 1874 humile
1605 1849 1649 1875 ac
1668 1849 1764 1890 pue-

43 1881 132 1931 rile,
159 1883 226 1936 qui
250 1883 347 1922 circa
366 1883 518 1937 syllabas
538 1897 582 1922 ac
601 1882 754 1924 voculas
773 1880 963 1930 laborem,
992 1894 1071 1920 non
1093 1881 1145 1920 ita
1167 1881 1276 1921 valde
1291 1896 1353 1922 me
1372 1898 1513 1926 movet.
1569 1889 1657 1943 Ego
1677 1904 1757 1934 ma-

43 1951 160 1992 guum
188 1936 368 1988 arbitror,
397 1937 582 1992 quicquid
611 1937 660 1977 ad
687 1950 766 1976 rem
794 1935 1076 1989 Theologicam
1097 1936 1270 1988 pertinet.
1333 1937 1383 1977 Et
1402 1954 1489 1979 cum
1510 1955 1590 1982 non
1609 1945 1762 1999 ignora.

41 2005 143 2042 rem,
172 2004 355 2046 quantum
375 1993 606 2033 reverentiae
625 1991 734 2031 sacris
756 1989 858 2030 libris
876 1989 1079 2040 debeatur,
1106 1990 1202 2030 mihi
1222 1990 1394 2033 conscius
1415 1994 1574 2049 sumpsi,
1602 2000 1710 2053 quod
1720 2003 1762 2043 in

39 2059 88 2087 eo
110 2060 263 2088 munere
281 2046 471 2088 videretur
490 2047 674 2087 infimum.

91 2101 148 2142 Sit
174 2101 250 2142 hoc
278 2103 587 2157 grammaticum,
615 2101 659 2142 fit
687 2100 849 2155 puerile,
880 2099 924 2141 fit
953 2100 1119 2151 triviale,
1147 2100 1268 2142 modo
1300 2101 1488 2144 fateantur
1505 2105 1580 2147 esse
1599 2111 1763 2153 neceffi.

40 2155 146 2197 rium.
206 2157 265 2197 Ut
295 2157 388 2197 nihil
410 2157 510 2197 aliud
531 2157 692 2197 doceam
711 2170 826 2210 quam
847 2156 986 2196 restam
1009 2156 1254 2204 Leffionem,
1283 2158 1462 2199 nimirum
1482 2172 1590 2215 turpe
1608 2165 1661 2205 est
1682 2167 1759 2209 hoc

39 2210 160 2264 ipsum
189 2210 329 2253 nescire
356 2226 515 2267 magnos
534 2212 774 2266 Theologos.
830 2211 880 2251 Et
901 2223 1027 2251 tamen
1046 2211 1122 2251 hoc
1140 2210 1372 2253 manifestius
1393 2214 1447 2254 est
1460 2246 1470 2264 ‚
1500 2231 1615 2270 quam
1635 2232 1676 2261 ut
1693 2235 1760 2264 ne..

39 2267 119 2318 gari
148 2266 278 2320 poffit:
308 2268 551 2320 posteaquam
580 2267 642 2307 hic
673 2266 794 2321 lapsus
813 2265 1112 2320 deprehenditur
1132 2267 1387 2321 Augustinus,
1415 2269 1537 2324 lapsus
1558 2272 1757 2329 Thomas,

39 2321 160 2375 lapsus
180 2322 349 2376 Lyrenfis
370 2326 409 2362 &
430 2322 634 2364 Carrenfis.

93 2376 224 2429 Scrupi
254 2376 337 2418 sunt
368 2379 573 2431 quamlibet
603 2376 760 2427 minuti,
789 2375 853 2417 sed
883 2375 931 2416 ad
963 2375 1035 2417 hos
1064 2377 1283 2432 impingunt
1313 2377 1529 2433 frequenter
1550 2379 1578 2421 oi
1596 2382 1652 2424 τὸν
1672 2384 1759 2429 ἥλων

39 2426 315 2484 ὑπερφςονοῧντες.
371 2433 408 2472 Si
425 2434 530 2487 juxta
548 2432 865 2487 Chrysostomum
887 2435 926 2470 &
947 2433 1199 2486 Augustinum
1217 2433 1392 2474 articulus
1411 2433 1447 2485 ὅ,
1467 2436 1543 2477 hoc
1560 2439 1614 2479 est
1635 2443 1758 2484 minu-

38 2485 214 2526 tissimum
243 2487 471 2528 elementum
511 2487 685 2528 additum
717 2498 779 2526 aut
800 2485 997 2536 omissum,
1030 2487 1175 2527 sensum
1194 2487 1285 2528 facit
1303 2489 1565 2532 orthodoxum
1586 2506 1649 2535 aut
1666 2496 1756 2539 hae-

39 2540 215 2591 reticum,
246 2541 270 2581 si
303 2542 405 2583 idem
434 2543 550 2584 efficit
569 2542 810 2598 hypostigme
830 2555 910 2581 non
931 2541 996 2582 suo
1015 2541 1136 2595 posita
1156 2542 1244 2582 loco
1257 2574 1268 2593 ,
1297 2544 1392 2598 quid
1413 2546 1490 2596 est,
1517 2561 1582 2588 cur
1601 2548 1695 2592 haec
1713 2567 1757 2596 ut

39 2595 182 2636 minuta
207 2596 463 2651 negligamus,
492 2609 590 2652 qnae
617 2608 764 2638 tantum
795 2596 937 2637 habent
965 2598 1177 2647 momenti?
1204 2598 1354 2639 Nonne
1381 2599 1551 2642 ridentur
1577 2604 1754 2660 μετέωροι,

38 2650 103 2703 qui
124 2650 272 2692 sublatis
292 2654 329 2692 in
350 2652 497 2693 coelum
517 2652 655 2697 oculis,
685 2651 735 2691 fic
757 2651 1062 2705 contemplantur
1081 2652 1196 2701 astra,
1226 2664 1268 2693 ut
1287 2654 1397 2695 tibias
1415 2655 1632 2712 impingant
1650 2661 1756 2703 insa-

37 2708 152 2746 xum?
181 2706 334 2760 Apelles
360 2721 439 2748 non
470 2706 739 2748 contemnebat
765 2706 952 2747 rationem
984 2706 1132 2748 terendi
1153 2707 1384 2749 miscendive
1399 2710 1569 2763 colores,
1597 2729 1668 2756 nec
1685 2717 1756 2759 du.

39 2759 140 2800 &um
163 2760 385 2814 simplicium
406 2763 610 2812 linearum,
639 2776 737 2817 quae
756 2761 794 2800 in
815 2773 912 2811 arte,
941 2775 1015 2816 qua
1035 2762 1273 2815 praecelluit,
1303 2763 1434 2804 infima
1454 2765 1548 2806 sunt.
1587 2769 1676 2810 Nec
1694 2788 1759 2827 pe.

37 2813 129 2855 ritus
151 2816 389 2858 Architectus
404 2851 415 2868 ‚
426 2818 524 2858 circa
542 2819 683 2859 testum
704 2820 743 2856 &
756 2816 1034 2870 Colophonem
1051 2830 1277 2870 occupatus,
1295 2819 1454 2873 negligit
1473 2821 1512 2861 in
1532 2821 1759 2868 fundamen-

39 2878 119 2908 tum
147 2883 385 2925 comportare
416 2872 560 2915 rudera.
612 2873 724 2913 Haec
750 2871 817 2925 qui
847 2872 992 2918 nescit,
1021 2871 1263 2914 Architectus
1288 2887 1369 2913 non
1389 2875 1463 2922 est3
1492 2878 1559 2930 qui
1579 2881 1738 2938 negligit

39 2936 136 2975 opus
157 2925 402 2979 collapsurum
422 2928 542 2982 erigit.
1743 2918 1757 2936 ²

92 2977 321 3033 Quanquam
359 2982 453 3022 haec
484 2983 608 3022 minus
637 2981 866 3036 negligenda
894 2981 1154 3030 videbuntur;
1192 2983 1217 3023 fi
1244 2984 1330 3037 quis
1365 2985 1572 3038 periculum
1603 2988 1757 3040 fecerit,

38 3033 189 3085 quantis
215 3034 306 3074 haec
333 3037 477 3078 minuta
506 3037 682 3077 constent
711 3037 927 3078 sudoribus:
959 3039 1039 3077 Aut
1060 3036 1087 3077 fi
1106 3038 1191 3091 quis
1210 3038 1449 3092 aggrediatur
1465 3043 1623 3085 tranare
1639 3046 1764 3101 Scrip-

38 3097 158 3126 turam
180 3087 347 3129 divinam
360 3121 371 3140 ,
401 3095 439 3131 &
459 3092 498 3131 in
518 3106 584 3137 ea,
597 3091 689 3132 sicut
706 3103 862 3147 oportet
875 3126 885 3142 ,
898 3093 1024 3132 rimari
1044 3091 1188 3132 curiose
1207 3092 1360 3146 singula.
1413 3095 1497 3136 Usu
1519 3097 1673 3139 sentitur
1693 3102 1766 3141 uti-

44 3141 148 3192 litas,
167 3155 246 3183 non
274 3145 511 3188 tumultuaria
542 3147 717 3189 leffione.
769 3147 966 3189 Postremo
971 3145 1134 3240 1ξιίετίίιιιπ
1152 3159 1397 3190 contemnere
1417 3179 1430 3200 ,
1457 3152 1523 3203 qui
1548 3165 1628 3193 non
1648 3167 1762 3196 unam

1698 3220 1764 3251 aut
