1976 3519
406 190 1400 240 PROLEGOMENA.
1732 199 1811 245 ,ος

79 286 160 327 sum
182 296 308 325 tamen
343 286 435 338 quin
456 284 518 324 hic
540 285 782 336 interponam
800 280 986 335 judicium
1011 279 1095 320 Viri
1117 280 1388 332 celeberrimi,
1424 282 1491 336 qui
1512 292 1603 322 tunc
1623 280 1808 336 Logicarn

81 341 244 381 docebat
257 372 268 390 ,
298 343 337 379 &
359 341 467 394 saepe
488 339 582 379 mihi
600 338 805 382 fatebatur,
837 363 861 386 „
875 335 910 375 se
932 336 969 375 in
989 336 1202 376 affinnibus
1220 336 1513 391 Theologorum
1526 369 1536 387 ,
1549 338 1588 376 in
1609 350 1669 377 me
1681 337 1811 383 editis,

82 427 108 446 „
139 410 218 436 non
240 395 359 435 solum
385 396 558 435 omnium
580 394 620 433 in
643 397 751 431 Arte
781 389 979 444 cogitandi
1003 390 1271 432 recensitorum
1309 391 1593 444 Sophismatum
1624 391 1741 431 multa
1769 405 1809 432 e-

79 482 105 502 „
135 451 285 503 xempla
306 449 500 504 reperifle,
532 462 662 488 verum
681 459 794 486 etiam
818 446 888 485 alia
908 460 988 486 non
1011 446 1320 499 pauciora‚quae
1341 446 1523 487 hastenus
1544 462 1564 486 a
1578 447 1732 501 Logicis
1752 461 1810 487 re*

80 536 106 556 ‚.
136 506 274 546 censita
296 509 334 545 &
356 505 551 544 observata
570 516 650 542 non
682 501 874 542 fuissent'’.
922 501 971 542 Et
992 501 1085 541 haec
1107 500 1347 554 Sophismata
1369 501 1539 553 profe&a
1557 501 1642 542 sunt
1668 502 1715 542 ab
1737 516 1808 551 eo,

80 563 146 615 qui
167 556 281 613 paulo
299 571 387 600 ante
408 559 592 611 Logicam
623 557 644 596 i-.
674 570 705 597 e.
733 557 830 596 bene
853 554 1107 596 ratiocinandi
1126 569 1244 596 artem
1266 569 1309 595 ex
1329 555 1663 608 Chillingwortho
1683 557 1810 597 addis-

79 616 241 656 cendam
268 609 340 655 esse
360 613 538 660 suaserat,
567 611 645 665 vid.
667 611 775 665 supra
796 625 833 664 p.
861 624 875 649 1
888 612 951 650 88.
984 611 1121 651 Unum
1139 624 1266 651 tamen
1286 610 1533 651 accusationis
1549 623 1664 665 caput
1682 612 1745 651 hic
1764 612 1809 652 fi-

80 668 201 711 ]entio
223 669 422 723 praeterire
443 682 522 708 non
542 667 688 716 debeo,
719 681 797 720 quo
818 667 876 706 vir
897 665 958 706 CI.
981 667 1018 706 se
1039 665 1406 720 magnificentissime
1422 665 1590 719 jastavi‘t.
1623 667 1681 706 Ex
1696 667 1809 708 variis

81 726 232 766 indiciis
251 737 363 777 atque
382 723 523 763 notatis
543 721 795 762 studiosorum
808 720 1084 775 deprehendit,
1097 735 1157 761 me
1175 721 1259 761 loca
1280 721 1467 775 quaedam
1487 721 1623 775 quibus
1632 721 1808 762 Theolo-

79 781 119 834 gi
140 794 210 834 pro
222 780 433 819 Divinitate
452 778 661 818 Servatoris
681 775 879 831 probanda
900 787 1055 817 utuntur
1067 790 1174 826 ,cum
1193 791 1281 816 cura
1296 776 1540 826 examinasse,
1555 778 1595 816 &
1614 776 1808 818 interdum

80 836 189 874 aliam
202 833 423 874 Leffionem
443 844 507 873 aut
528 833 882 886 interpretationem
903 831 963 872 vel
983 831 1144 871 attulisse
1163 832 1219 870 vel
1238 831 1669 886 praetulisse‚quaedam
1691 834 1807 872 etiam

78 889 128 940 ad
147 889 208 928 illa
222 887 451 937 observasse,
464 898 561 941 quae
581 888 696 942 vulgo
717 901 761 928 ea
779 886 979 927 occasione
1000 886 1077 926 dici
1096 900 1174 926 non
1198 886 1327 927 solent.
1355 886 1403 926 Id
1423 901 1553 927 verum
1573 887 1646 927 ess‘e
1666 886 1807 927 fateor:

78 943 152 984 feci
163 956 286 984 autem
308 943 467 983 confilio
483 942 597 997 ipsius
619 943 743 984 V.Cl.
764 941 860 981 mihi
881 940 996 991 dato,
1010 941 1060 982 de
1079 955 1158 995 quo
1183 955 1219 994 p.
1248 955 1337 990 191.
1351 942 1481 983 Habui
1505 954 1674 996 praetera
1694 942 1807 983 aliam

76 1000 262 1040 rationem
285 997 540 1051 peculiarem,
554 1011 670 1052 quam
690 1011 792 1037 nunc
805 1026 815 1046 ,
828 1009 991 1049 cogente
1009 997 1298 1050 importunitate
1318 997 1505 1046 hominis,
1518 1009 1648 1051 aperte
1667 997 1806 1038 dicam.

75 1049 375 1094 ‘observaveram
387 1078 398 1099 ‚
413 1053 551 1093 multos
564 1056 602 1092 ὃ(
614 1052 791 1106 personas
812 1051 872 1091 SS.
886 1052 1089 1092 Trinitatis
1111 1055 1149 1091 &
1174 1063 1323 1092 naturas
1336 1052 1546 1093 Servatoris
1565 1052 1804 1094 confundere

76 1121 190 1163 atque
211 1118 431 1162 permutare.
463 1108 684 1148 Avunculus
707 1106 766 1147 Cl.
789 1106 822 1146 F
824 1121 912 1161 rey,
940 1107 980 1147 in
1001 1107 1245 1147 Sermonibus
1266 1107 1524 1148 Catecheticis
1544 1135 1554 1153 ‚
1584 1109 1806 1162 quaestione

76 1163 271 1219 proposita
293 1180 301 1203 :
331 1177 397 1204 cur
416 1162 514 1203 filius
534 1163 609 1203 Dei
628 1178 649 1202 a
670 1174 798 1216 patre,
829 1176 909 1201 non
931 1177 1022 1203 vero
1044 1173 1150 1216 pater
1176 1177 1196 1201 a
1218 1162 1297 1201 filio
1319 1163 1357 1202 in
1379 1163 1566 1203 mundum
1587 1163 1713 1204 missus
1733 1164 1806 1205 fit?

78 1221 172 1260 haec
196 1217 307 1259 habet
328 1232 364 1272 p.
383 1230 434 1270 43
449 1233 480 1269 .²·
520 1218 688 1268 „Multo
713 1218 836 1257 minus
856 1217 968 1257 Pater
988 1217 1150 1257 debebat
1172 1217 1292 1257 bomo
1314 1216 1416 1263 fieri;
1446 1218 1499 1258 est
1518 1219 1621 1258 enim
1644 1219 1806 1273 persona

76 1302 102 1325 „
132 1275 271 1327 prima,
291 1274 396 1326 cujus
415 1273 468 1313 est
489 1275 661 1319 mittere,
686 1286 765 1313 non
789 1273 886 1312 mitti
911 1286 918 1312 ἰ
949 1273 1092 1326 alioqui
1114 1272 1236 1312 fuiffet
1259 1276 1297 1310 ὅ(
1319 1276 1482 1312 Creator
1503 1274 1665 1314 Domini
1688 1276 1807 1316 nostri

74 1360 101 1381 „
125 1328 213 1384 Jesu
242 1328 407 1378 Christi,
439 1328 576 1369 scilicet
597 1329 743 1369 ratione
764 1338 928 1367 naturae
957 1328 1119 1369 dtvinae
1139 1331 1241 1380 ejus,
1272 1331 1311 1366 ὃς
1332 1340 1459 1368 tamen
1485 1329 1611 1369 missus
1639 1344 1660 1370 a
1683 1330 1806 1376 Filio:

75 1416 102 1436 ,‚
134 1384 239 1438 quod
259 1398 346 1424 cum
369 1383 555 1438 personali
586 1382 746 1436 ὑπεςοχῆ
775 1384 896 1424 Patris
919 1397 998 1423 non
1020 1383 1219 1423 consistit”.
1251 1383 1376 1424 Addit
1395 1397 1516 1436 nepos
1538 1384 1629 1424 Aa.
1651 1398 1688 1439 p.
1709 1397 1807 1436 402.

76 1471 102 1491 ‚‚
131 1439 325 1480 Omnibus
356 1451 491 1479 notum
519 1440 572 1479 est
593 1470 604 1490 ,
635 1441 683 1480 D.
715 1439 906 1480 Pastorem
938 1441 984 1480 ab
1013 1439 1261 1493 opinionibus
1292 1442 1330 1477 Sc
1362 1437 1534 1480 formulis
1573 1441 1807 1481 Asianorum

76 1525 104 1546 ,‚
132 1494 276 1548 semper
296 1494 411 1548 longe
434 1493 538 1535 fuisse
569 1498 808 1541 remotum'';
840 1496 930 1535 &in
951 1496 1093 1536 Lexico
1113 1494 1311 1535 Hillorico
1331 1493 1451 1547 ipsum
1473 1495 1639 1548 appellat
1650 1495 1808 1535 Theoloa

69 1564 164 1603 gum
193 1551 388 1589 eximium.
429 1550 548 1590 Hunc
577 1550 800 1591 Sermonem
830 1551 912 1590 sero
943 1551 1038 1591 mihi
1077 1549 1262 1591 indicavit
1291 1561 1450 1605 agnatus
1475 1564 1580 1592 meus
1607 1550 1805 1592 SAMUM.

78 1605 400 1646 warni-:mus
425 1606 528 1645 verbi
557 1605 679 1646 divini
701 1605 793 1646 dum
813 1607 980 1656 viveret,
1010 1606 1198 1648 Minister.
1270 1653 1279 1655 ‚

133 1660 308 1700 Alterum
329 1659 390 1699 Cl.
411 1659 508 1715 Frey
531 1661 759 1701 avunculum
777 1661 907 1701 audivi
928 1675 1000 1715 pro
1020 1660 1191 1716 suggestu
1214 1663 1325 1703 verba
1355 1662 1556 1705 facientem
1580 1663 1629 1704 de
1649 1658 1737 1705 loco
1773 1668 1809 1706 ἰς

80 1716 175 1755 Cor.
194 1714 304 1755 VIII.
333 1720 368 1754 6.
391 1713 499 1754 nobis
517 1729 614 1754 unus
637 1716 689 1765 eli
711 1715 831 1754 Deus
846 1725 982 1768 pater,
1006 1717 1044 1755 in
1067 1717 1321 1769 explicatione
1340 1730 1421 1758 tum
1443 1720 1556 1772 primi
1587 1721 1747 1760 Articuli
1767 1720 1806 1760 in

79 1769 264 1824 Symbolo
286 1769 534 1822 Apostolico,
565 1781 645 1809 tum
668 1772 858 1823 praecepti
878 1771 991 1823 primi
1015 1771 1055 1809 in
1074 1771 1273 1825 Decalogo
1295 1771 1384 1820 (ΛΟ.
1410 1785 1528 1822 1722.
1551 1773 1588 1813 d.
1605 1787 1673 1826 30.
1706 1776 1805 1829 Aug.

82 1828 121 1865 &
147 1830 182 1865 6.
204 1825 296 1864 Dec.
313 1857 322 1873 ,
340 1824 365 1863 si
389 1824 484 1864 bene
504 1825 682 1876 memini)
705 1839 712 1863 :
741 1855 766 1874 „
780 1825 939 1878 Proprie
959 1825 1157 1879 loquendo
1184 1838 1258 1866 tres
1279 1826 1362 1867 sunt
1384 1827 1489 1868 Deus
1518 1842 1634 1883 pater.
1682 1829 1810 1870 Prima

81 1907 107 1932 ‚,
138 1879 296 1933 persona
317 1879 370 1918 est
389 1879 494 1919 Deus
516 1891 620 1932 pater
650 1880 897 1932 omnipotens
918 1894 926 1919 :
956 1881 1032 1920 hoc
1052 1881 1280 1933 probatione
1311 1894 1390 1921 non
1413 1895 1521 1936 eget,
1552 1887 1590 1923 &
1612 1884 1748 1925 diserte
1768 1886 1809 1926 in

81 1966 108 1986 ,‚
138 1935 267 1975 Textu
285 1934 432 1973 dicitur.
463 1933 634 1974 Secunda
664 1935 846 1987 persona,
878 1936 1071 1975 Dominus
1101 1935 1228 1976 noster
1249 1935 1552 1990 jesus-Christus
1572 1969 1583 1988 ,
1612 1941 1666 1979 est
1694 1941 1809 1981 etiam

82 2020 111 2042 „
142 1990 244 2030 Deus
266 2000 373 2042 pater
388 1989 635 2042 omnipotens
658 2003 665 2028 :
694 2003 784 2028 nam
804 1992 843 2029 δε
865 1989 970 2029 Deus
990 1990 1044 2029 est
1065 1989 1135 2040 Jo.
1156 1990 1184 2030 I.
1211 2005 1242 2030 1.
1270 1995 1309 2030 δε
1329 1992 1461 2032 omnia
1482 2006 1550 2046 per
1569 1994 1692 2047 ipsum
1712 1994 1812 2036 fasta

81 2076 108 2097 „
136 2044 221 2091 sunt
248 2043 358 2097 Jo.I.
379 2056 412 2096 3.
442 2044 575 2084 Tertia
596 2043 772 2098 persona,
800 2044 960 2098 Spiritus
981 2045 1162 2094 Sanetus,
1182 2045 1359 2086 estetiam
1382 2047 1488 2088 Deus
1507 2060 1613 2101 pater
1632 2051 1813 2104 omnipo-

83 2130 109 2151 „
138 2113 221 2141 tens
242 2113 250 2138 z
272 2113 359 2139 nam
382 2102 421 2138 &
444 2099 637 2139 incubavit
655 2100 762 2153 aquis
782 2100 820 2138 in
849 2100 970 2153 prima
989 2100 1218 2151 Creatione,
1252 2102 1346 2143 Gen.
1377 2100 1408 2142 I.
1430 2116 1462 2143 2.
1493 2107 1532 2143 ὃς
1553 2107 1812 2159 regeneratio,

83 2185 110 2206 „
137 2169 233 2209 quae
251 2154 306 2194 est
327 2153 487 2195 secunda
500 2155 680 2200 Creatio,
693 2154 759 2208 ipsi
784 2154 914 2208 passim
934 2154 1197 2196 adscribitur’'.
1228 2157 1409 2211 Cumque
1429 2158 1538 2200 multi
1559 2160 1618 2200 his
1636 2160 1812 2202 offende-

85 2221 233 2259 rentur,
266 2210 397 2263 rogavi
416 2209 477 2250 Cl.
499 2208 532 2249 F
536 2221 778 2264 rey,curaret
799 2224 848 2250 ne
869 2210 955 2250 talia
975 2210 1013 2250 in
1037 2223 1147 2251 coetu
1173 2212 1335 2265 amplius
1357 2213 1587 2255 audirentur.
1631 2215 1811 2269 Respon-

84 2265 164 2313 dit,
187 2265 261 2304 hoc
280 2266 318 2304 in
338 2262 400 2304 sua
422 2265 606 2318 potestate
626 2279 705 2306 non
727 2267 797 2305 ess'e
819 2279 827 2304 z
858 2277 1046 2305 caeterum
1066 2267 1105 2305 in
1126 2266 1324 2307 Cathedra
1343 2268 1586 2324 Theologica
1605 2272 1815 2313 accuratius

85 2319 136 2361 de
160 2320 218 2360 his
239 2319 473 2373 loquendum
496 2320 570 2360 esse
592 2341 603 2368 3
633 2319 696 2360 sed
717 2320 740 2360 si
764 2321 848 2374 quis
871 2321 1207 2362 concionatoribus
1233 2322 1395 2364 eandem
1417 2324 1540 2376 legem
1561 2325 1717 2367 scribere
1735 2327 1813 2368 vel-

86 2375 159 2425 let,
191 2376 310 2415 multo
331 2375 531 2415 maximam
553 2389 685 2415 eorum
707 2386 854 2429 partem
877 2375 925 2415 ad
948 2388 1172 2430 perpetuum
1195 2377 1381 2419 silentium
1399 2376 1595 2421 redactum
1616 2381 1672 2420 iri.

144 2430 252 2470 Alius
272 2429 403 2469 Pastor
432 2444 518 2470 cum
539 2430 737 2471 articulum
769 2430 940 2485 Symboli
969 2431 1184 2485 Apostolici
1204 2434 1383 2474 ostavum
1403 2435 1579 2477 trastaret
1598 2467 1610 2487 ,
1640 2436 1811 2479 Textum

89 2484 271 2539 praelegit
284 2483 347 2537 Jo.
367 2484 437 2525 IV.
462 2498 525 2536 24.
556 2496 598 2525 ut
619 2486 796 2539 probaret
818 2500 826 2524 :
855 2486 1036 2539 Spiritum
1062 2487 1241 2528 San&um
1276 2487 1350 2529 esse
1369 2489 1509 2530 Deum.

141 2540 243 2580 Cum
258 2542 321 2580 ΑΟ.
346 2553 419 2592 172
431 2553 462 2579 2.
476 2541 570 2581 Dec.
590 2553 622 2587 5.
644 2540 876 2580 facinorosus
896 2541 944 2580 ad
964 2541 1091 2581 locum
1103 2541 1390 2596 suppliciiextra
1403 2544 1554 2586 Urbem
1574 2544 1723 2588 duobus
1733 2548 1813 2590 Mi-

89 2594 211 2635 nistris
221 2595 271 2635 de
282 2609 388 2635 more
405 2596 672 2636 comitantibus
683 2596 773 2635 esset
785 2595 1004 2646 ducendus,
1026 2597 1117 2636 alter
1130 2611 1262 2637 eorum
1284 2608 1364 2639 tum
1386 2600 1518 2640 Pastor
1538 2600 1812 2657 Huninganus,

90 2650 154 2703 qui
166 2650 276 2690 verba
291 2651 481 2703 precantia
502 2650 669 2703 praeibat
680 2681 691 2700 ‚
703 2650 824 2691 modo
836 2651 999 2701 Patrem,
1011 2651 1132 2691 modo
1146 2652 1285 2694 Filium
1300 2681 1309 2698 ‚
1322 2653 1443 2694 modo
1455 2655 1635 2708 Spiritum
1648 2658 1684 2699 S.
1700 2659 1814 2700 invo-

89 2705 218 2754 cabat,
230 2705 293 2745 sed
315 2707 365 2745 ita
385 2716 427 2745 ut
446 2706 485 2744 in
503 2705 578 2745 fine
596 2718 783 2760 perpetuo
804 2705 1012 2752 aberraret,
1026 2709 1064 2746 &
1083 2719 1103 2746 a
1117 2708 1247 2747 Patre
1266 2709 1452 2763 incipiens
1473 2711 1659 2753 desineret
1678 2714 1716 2753 in
1738 2714 1816 2756 for-

90 2759 207 2798 mula:
228 2759 371 2800 exaudi
385 2770 456 2813 per
470 2760 670 2813 paffionem
683 2792 693 2811 ,
701 2772 772 2816 per
793 2760 962 2800 vulnera
974 2759 1020 2805 dy
1033 2770 1192 2800 mortem
1215 2772 1346 2812 tuam,
1367 2779 1387 2803 a
1396 2764 1488 2815 filio
1508 2781 1600 2807 vero
1618 2769 1657 2807 &
1672 2770 1816 2821 spiritu

82 2814 220 2865 sanHo
246 2815 398 2855 exorsus
421 2815 620 2856 clausulam
649 2816 809 2856 adderet
830 2831 838 2855 ε
863 2816 1009 2855 exaudi
1023 2827 1093 2869 per
1108 2816 1242 2866 filium
1272 2827 1381 2858 tuum
1402 2822 1645 2874 unigenitum
1663 2817 1816 2876 'Jesicm

94 2867 452 2918 Christumfflostea
472 2885 493 2910 a
514 2885 575 2911 me
594 2871 813 2911 admonitus
826 2902 836 2920 ,
856 2885 1021 2911 errorem
1043 2873 1222 2925 agnovit,
1243 2874 1415 2928 mihique
1435 2877 1513 2930 egit
1532 2878 1680 2931 gratias.
1711 2880 1818 2921 Eun·

94 2920 182 2960 dem
203 2934 328 2964 tamen
349 2938 514 2965 errorem
536 2926 710 2966 erravisse
728 2927 822 2966 alios
843 2940 922 2966 non
944 2926 982 2965 in
1005 2927 1176 2979 precibus
1200 2933 1525 2982 extemporaneis,
1555 2932 1671 2973 sedin
1694 2935 1816 2976 medi-

95 2976 238 3034 tatis&
261 2978 384 3019 studio
400 2979 564 3033 scriptis,
577 2982 666 3021 &in
688 2981 853 3033 templo,
867 2980 1046 3021 audiente
1063 2983 1227 3023 maxima
1247 2982 1491 3027 multitudine
1504 3018 1514 3036 ,
1538 2988 1700 3029 recitatis
1712 3021 1721 3038 ‚
1751 2991 1815 3030 die

97 3028 321 3072 Nativitatis
339 3033 505 3084 domini,
536 3047 615 3076 tota
640 3036 904 3080 hebdomade,
934 3050 1031 3090 quae
1054 3037 1246 3078 Paschatis
1267 3038 1400 3080 festum
1423 3043 1638 3094 praecedit,
1667 3041 1814 3084 &festo

95 3084 285 3125 Paschatis
304 3099 415 3140 atque
423 3089 672 3140 Pentecostis,
686 3105 764 3144 quo
784 3102 957 3144 tempore
978 3102 1107 3144 preces
1121 3106 1201 3132 non
1219 3105 1260 3133 ut
1278 3095 1367 3134 alias
1387 3109 1432 3135 ex
1445 3097 1616 3150 Liturgia
1637 3098 1816 3151 praelegi,

93 3138 158 3179 sed
176 3155 197 3180 a
218 3139 370 3195 fingulis
388 3143 564 3186 ministris
581 3146 735 3199 concipi
755 3145 897 3197 solent,
927 3147 1134 3202 quotannis
1153 3151 1193 3189 ὅ(
1212 3147 1509 3202 frequentiffime
1526 3151 1775 3206 deprehendi.

920 3201 990 3241 (ἐς
1023 3215 1043 3241 2
1722 3205 1817 3248 Hoc
