1976 3519
98 256 150 297 11.

562 256 779 292 ΚΑΤΑ
859 256 1332 294 ΜΛΤΘ“ΑΙΟΝ

1722 272 1805 313 ²45

72 353 97 394 5
124 335 351 391 Γραμματὲἴς
370 337 433 378 τοῦ
453 337 543 379 λαοῦ
555 365 568 386 ,
595 335 791 379 ἐπυνθάνετο
815 338 895 391 παῤ
915 334 1029 378 αὐτ-ὂν
1049 337 1123 376 ποῦ
1143 334 1157 376 ὅ
1180 335 1308 390 Χριτῖὸς
1328 339 1498 388 γεννᾶταὶ.
1581 342 1637 386 Of·
1650 341 1686 385 dl}
1708 341 1799 387 ε’ἷπον

1684 402 1795 453 αὐτῷ·

106 496 135 522 4·
153 486 210 524 παῤ
225 486 321 525 αὗτῶῦ
437 487 473 514 D·
492 496 539 522 47·
559 495 605 521 52⁸
626 487 671 521 56,
690 486 786 515 Veffio
810 491 907 515 saxon.
919 486 954 523 J.
975 485 1075 514 Millius
1096 483 1166 513 Prol.
1192 495 1267 522 ¹42¹-
1285 485 1417 525 suspicans
1426 491 1506 519 verba
1520 492 1571 530 παῤ
1583 495 1662 521 “driu
1680 505 1714 524 ex
1722 507 1748 526 c.
1769 507 1797 533 7.

68 526 208 565 irrepfiss'e:
230 526 307 554 nobis
322 525 500 564 praetermiffa
517 525 640 553 videntur
656 535 672 553 a
693 524 815 558 librariis,
834 525 897 562 quia
913 524 1042 562 putabant
1057 523 1142 552 abesse
1158 525 1243 562 posse.

67 601 224 634 necessario
233 601 423 641 respondetur
430 609 479 632 aut
488 601 577 631 etiam
594 610 643 632 aut
659 611 720 632 non
731 610 738 631 z
748 610 907 643 perconta-

68 647 130 684 tio,
150 646 199 676 cui
225 644 297 674 nihil
323 644 440 674 horum.
483 642 532 674 Ut
556 643 575 674 si
593 646 656 684 quis
672 644 768 677 dicat:
788 644 840 675 ubi
855 643 907 674 ha-

69 688 180 719 bitabat
189 686 327 728 Chrysis,
347 685 462 717 dicatur
478 695 549 716 ecce
557 684 618 717 hic:
636 688 834 728 percontatio,
843 686 906 717 utfi

70 731 136 771 quis
157 729 255 770 dicat,
276 738 329 759 cur
344 727 520 759 adulterium
537 729 734 760 commifisti?
758 731 853 767 Ilaeus
868 729 905 760 de

70 772 182 813 Agniae
198 769 312 802 haered.
323 775 411 800 ταῦτα,
428 769 453 800 ἓν
462 772 549 807 &istst
557 771 733 801 aevnsckrarsaa
747 776 803 812 παῤ
811 773 902 802 ἀυτῶ.

108 818 120 843 ὁ
135 814 234 854 xpus-225]
255 815 338 850 Diog.
359 814 399 843 L.
422 812 577 853 Aristippo
590 814 696 854 11.76.
717 813 905 854 πρόςχοιρόνδσιι

67 856 176 890 ἔιτόιτοι,
192 870 230 889 τις
247 859 259 885 ὁ
275 854 475 894 μεμυρισμένος
496 855 563 890 ἐγῶ,
586 864 660 893 Ono-w
671 879 678 891 ‚
703 860 714 885 ὁ
731 857 905 896 κακοδὶιιμων,

67 900 147 938 ‚eg-pte?
178 897 410 937 κσικοδὶιψιονέςερος
433 901 445 926 0'
469 900 565 937 Περσ-ὅν
581 898 713 933 enemim.
752 898 837 930 Haec
850 908 903 940 ap-

5 948 7 950 ·
68 940 186 982 pellatio
201 939 238 971 ad
254 948 354 980 regem
365 939 482 980 Judaeis
498 950 548 981 per
556 940 717 982 Prophetas
725 940 903 982 promissum

68 983 201 1015 transsata
224 981 266 1013 est
282 983 414 1023 primum
436 985 516 1013 Dan.
536 982 596 1014 IX.
616 991 670 1024 25.
690 984 739 1014 26.
763 984 797 1015 &
813 983 851 1014 ab
867 993 906 1015 eo

65 1024 906 1109 {2¹Fp325.Jfii³⁶2⁵5usi¹ipifss³ssusZfi'rffssffi‘i'eha‘i‘cssss‘

67 1120 121 1142 21.
141 1111 183 1142 T.
202 1109 275 1149 Jon.
296 1110 370 1141 ultra
387 1111 490 1141 turrim
506 1109 607 1151 Eder,
626 1112 676 1151 qui
692 1110 734 1142 est
748 1111 853 1151 locus,
870 1121 907 1143 ex

67 1163 131 1194 quo
148 1153 323 1185 revelabitur
338 1161 388 1184 rex
406 1152 524 1183 Meffias
531 1154 561 1183 in
576 1152 633 1184 fine
640 1153 764 1185 dierum.
782 1152 907 1185 XLIX·

70 1205 100 1227 1.
120 1196 162 1227 T.
186 1195 260 1235 Jon.
286 1195 370 1236 finis,
398 1204 458 1235 quo
482 1205 620 1227 venturus
646 1195 689 1227 est
703 1206 753 1227 rex
777 1196 908 1238 Meffias,

68 1237 260 1269 absconditus
276 1237 332 1269 fuit
346 1238 383 1268 ab
399 1247 448 1268 eo.
471 1247 509 1268 10
542 1239 584 1269 T.
593 1238 739 1280 Onkelos,
749 1237 846 1270 donec
856 1250 908 1271 ve-

66 1282 129 1312 niat
154 1280 290 1320 Meffias,
312 1281 386 1320 Jon.
413 1281 453 1314 (φ
477 1280 589 1322 Hieros:
616 1281 706 1322 usque
731 1281 768 1312 ad
790 1290 908 1325 tempus

67 1333 131 1364 quo
146 1324 241 1354 veniet
259 1331 307 1353 rex
324 1322 453 1355 Meffias.
479 1332 526 1354 11.
543 1320 615 1363 J0n.
636 1324 798 1356 &Hieros
818 1334 909 1366 quam

66 1365 189 1407 pulcher
212 1364 254 1396 est
278 1365 344 1396 Rex
369 1364 504 1406 Meffias,
526 1367 577 1406 qui
599 1368 732 1408 exsurget
754 1366 791 1397 de
812 1368 909 1400 domo

65 1408 153 1448 Juda.
178 1417 224 1438 12.
245 1417 336 1448 quarn
358 1407 476 1449 pulchri
497 1407 660 1440 suntoculi
679 1411 753 1450 regis
771 1409 907 1442 Meffiae!

69 1450 165 1481 Exod.
202 1449 276 1481 XII.
313 1459 364 1489 42.
394 1453 427 1480 T.
455 1452 567 1481 Hieros.
596 1451 699 1483 Moses
722 1452 868 1492 egreditur
892 1463 909 1484 e

68 1493 182 1524 deserto
197 1493 231 1523 ὃς
249 1492 368 1524 Meffias
380 1492 542 1534 egredietur
556 1502 593 1523 ex
605 1493 715 1526 Roma.
736 1493 842 1526 XVII.
862 1496 910 1528 16.

66 1538 102 1567 T.
120 1535 249 1577 Jonath.
270 1536 397 1566 verbum
414 1536 546 1567 Domini
565 1536 666 1576 perdet
684 1537 864 1569 Amalecitas
877 1539 910 1571 in

68 1586 126 1609 tres
150 1578 368 1619 generatione33
389 1587 405 1608 a
426 1579 615 1620 generatione
641 1580 727 1620 hujus
742 1580 852 1621 seculi,
874 1582 909 1613 &

67 1620 107 1651 ab
123 1629 212 1652 aetate
230 1619 375 1658 Meffiae,
397 1620 430 1651 &
447 1621 485 1652 ab
507 1628 598 1652 aetate
614 1621 813 1654 seculifuturi.
834 1622 910 1656 XL.

70 1673 102 1704 9.
122 1666 154 1692 T.
174 1662 246 1702 Jon.
266 1663 301 1694 &
318 1662 512 1694 sanctificabis
527 1663 600 1694 illud
620 1673 744 1705 propter
762 1675 909 1697 coronam

68 1706 155 1746 regni
171 1704 280 1735 domus
292 1703 388 1745 juda,
409 1705 442 1735 &
462 1715 560 1745 regern
569 1705 726 1745 Meffiam,
746 1707 797 1748 qui
805 1708 911 1739 libera-

71 1755 153 1778 turus
176 1747 218 1778 est
244 1745 377 1777 Israelem
400 1747 431 1776 in
446 1746 504 1778 fine
518 1747 644 1779 dierum.
671 1750 761 1779 Num.
782 1748 841 1780 XI.
862 1750 912 1781 26.

70 1791 104 1820 T.
125 1788 235 1831 Hierofi
257 1789 290 1820 δε
306 1798 355 1829 per
374 1798 476 1820 manus
486 1791 558 1830 regis
569 1790 691 1821 Meffiae
706 1791 759 1832 ipfi
767 1790 919 1823 corruunt

70 1831 159 1873 (Gog
187 1833 220 1863 δε
241 1830 381 1872 Magog.)
404 1830 526 1863 XXIII.
551 1842 601 1862 21.
619 1835 650 1863 T.
667 1832 742 1872 Jon.
768 1835 804 1865 &
828 1834 910 1866 clan-

70 1883 125 1915 gor
141 1875 214 1915 regis
230 1873 352 1905 Mesfiae
374 1874 484 1915 clangit
498 1875 573 1906 inter
588 1884 649 1906 eos.
666 1875 792 1907 XXIV.
814 1886 843 1917 7.
865 1877 908 1909 T.

70 1917 156 1948 Hier.
178 1918 212 1949 &
237 1915 472 1957 magnificabitur
496 1926 619 1957 regnum
649 1917 742 1960 Regis
775 1918 908 1952 Meffiae.

73 1969 124 1999 17.
151 1958 278 1991 Onkelor.
300 1960 333 1989 &
361 1967 484 2000 ungetur
506 1969 555 1989 rex
573 1958 700 2007 Meffias5
722 1962 754 1990 T.
776 1961 850 2002 Jon.
871 1962 906 1994 &

68 2001 420 2085 Silffi‘reffiffirssss
433 2004 484 2086 ᾗ.
493 2002 572 2074 Ξέᾬ
588 2002 908 2078 ῗὲῑὲἓξῑὲὲἓὲἳιὲῗ

69 2096 136 2117 rum
151 2087 222 2127 erit,
243 2086 324 2127 quod
348 2085 453 2117 cadent
477 2096 527 2128 per
544 2097 648 2118 manus
664 2088 754 2129 Regis
771 2088 907 2121 Mess'iae.

69 2131 157 2160 Deut.
177 2128 283 2160 XXV.
308 2138 358 2169 19.
380 2132 412 2160 T.
431 2129 507 2169 Jon.
527 2132 617 2161 etiam
632 2129 735 2162 diebus
744 2132 819 2172 regis
830 2131 912 2163 Mes-

68 2171 122 2203 siae
143 2182 204 2203 non
221 2172 414 2202 oblivisceris.
437 2171 552 2203 XXX.
572 2182 625 2213 40.
646 2176 676 2204 T.
696 2174 769 2215 Jon.
791 2175 825 2205 &
843 2175 912 2207 inde

67 2213 192 2246 adducet
208 2224 262 2244 vos
278 2224 327 2255 per
344 2224 469 2245 manum
484 2216 557 2255 regis
568 2215 701 2247 Meffiae.
721 2216 814 2250 Ruth.
832 2216 857 2248 Ι.
883 2228 910 2250 1.

68 2256 173 2287 decem
204 2257 295 2289 fames
326 2267 426 2298 graves
451 2257 582 2289 decretae
606 2258 671 2289 sunt
702 2259 826 2290 coelitus
855 2261 914 2292 effe

66 2299 99 2330 in
124 2299 255 2339 mundo,
284 2309 301 2330 a
323 2300 370 2330 die
391 2309 454 2340 quo
478 2309 603 2333 ‘creatus
631 2301 672 2332 est
700 2301 848 2344 mundus,
868 2303 914 2335 us-

67 2350 124 2382 que
152 2342 227 2373 dum
265 2343 363 2373 veniat
394 2343 462 2373 Rex
503 2342 632 2375 Meffias.
662 2342 719 2375 III.
761 2354 807 2384 15.
849 2345 915 2377 Da-

67 2384 137 2424 vid,
158 2384 191 2416 &
217 2384 321 2415 Daniel
339 2393 411 2416 curn
426 2384 512 2417 sociis
529 2385 602 2427 suis,
623 2387 658 2418 &
684 2386 752 2418 Rex
774 2387 913 2428 Meinas,

71 2436 94 2458 1.
104 2430 178 2456 Sam.
209 2426 248 2458 II.
275 2427 309 2457 &
333 2427 471 2459 exaltabit
502 2438 628 2470 regnum
651 2429 776 2460 Meffiae
799 2430 852 2462 sui.
882 2441 912 2462 2.

69 2471 147 2498 Sam.
172 2468 293 2500 XXIII.
319 2478 348 2510 3.
368 2470 474 2510 Dixit,
496 2471 523 2502 se
541 2471 614 2503 velle
633 2472 709 2502 mihi
733 2472 913 2504 constituere

67 2510 196 2553 Regem,
235 2511 287 2553 qui
303 2511 346 2543 est
362 2511 502 2551 Meffias,
524 2515 575 2554 qui
590 2523 730 2555 exurget,
758 2515 792 2546 ὃ(
813 2515 914 2547 domi-

67 2554 185 2585 nabitur
216 2556 247 2585 in
281 2553 388 2586 timore
418 2554 550 2586 Domini
576 2566 602 2587 1.
621 2559 687 2594 Reg.
715 2555 770 2588 IV.
803 2567 851 2599 33.
880 2558 914 2590 &

68 2596 255 2637 prophetavit
269 2596 308 2627 de
324 2598 440 2638 regibus
456 2597 564 2629 domus
582 2599 728 2640 Davidis,
748 2601 799 2640 qui
813 2598 917 2632 domi?

68 2640 132 2670 nari
147 2639 308 2678 debebant3
329 2641 361 2670 in
379 2639 494 2671 mundo
513 2640 574 2672 hoc
591 2642 624 2673 &
641 2643 673 2672 in
690 2642 914 2675 mundofuturo

68 2680 198 2713 Meffiae.
227 2682 327 2724 Pfizlm.
357 2681 396 2713 II.
425 2692 455 2713 2.
485 2683 519 2714 &
544 2683 580 2726 ad
605 2684 778 2716 certandum
802 2694 913 2728 contra.

64 2721 206 2754 Meffiam
221 2727 291 2765 ejus.
312 2723 432 2756 XVIII.
456 2734 506 2765 32.
527 2735 648 2767 propter
666 2727 808 2760 miracula
826 2729 859 2759 ὃς
875 2729 911 2760 li..

68 2764 266 2807 hermonem,
285 2776 376 2808 quam
401 2767 558 2808 praestabis
583 2769 708 2802 Meffiae
724 2779 788 2802 tuo.
813 2770 923 2805 XXI.

69 2816 100 2837 2.
119 2807 253 2840 Domine
270 2811 300 2840 in
318 2812 449 2851 potentia
466 2819 514 2841 tua
531 2811 704 2844 liberabitur
722 2823 770 2844 rex
781 2814 912 2846 Meffias.

71 2847 100 2879 8.
123 2859 241 2891 propter
259 2861 292 2884 ea
306 2852 387 2892 quod
403 2862 453 2883 rex
468 2853 589 2885 Messias
606 2855 733 2886 confidit
751 2857 782 2886 in
797 2856 913 2888 Domi-

70 2900 122 2922 no.
138 2891 242 2924 XLV.
262 2904 290 2934 3.
305 2893 502 2926 Pulchritucio
513 2904 581 2934 tua,
602 2907 652 2928 rex
663 2897 790 2929 Meffias.
809 2899 913 2932 LXL.

71 2941 101 2971 7.
121 2934 157 2963 ad
175 2934 233 2966 dies
254 2938 327 2976 regis
344 2937 472 2971 Meffiae.
495 2949 523 2979 9.
547 2939 582 2970 &
598 2940 629 2970 in
647 2939 694 2971 die
711 2951 772 2981 quo
788 2950 913 2982 ungetur

70 2983 123 3005 rex
140 2975 257 3008 Meffias
274 2987 306 3021 ut
322 2988 351 3009 re
372 2988 430 3011 net.
477 2979 615 3013 LXXII.
639 2981 677 3013 1.
692 2983 854 3014 Sententias
865 2986 914 3025 ju-

69 3018 108 3047 ris
124 3018 168 3048 tui
193 3020 253 3059 regi
277 2988 398 3051 Messgae
421 3022 479 3054 des.
503 3022 635 3056 LXXX
671 3025 719 3055 18.
741 3026 773 3056 &
792 3035 914 3067 propter

68 3068 168 3100 regem
178 3059 337 3100 Meffiarn,
357 3073 444 3104 quem
459 3065 605 3097 roborasti
622 3066 688 3099 tibi.
704 3067 809 3110 Ecdef
831 3067 853 3099 Ι.
872 3080 915 3100 11.

69 3111 142 3133 cum
159 3103 411 3144 generationibus,
432 3116 505 3146 quae
520 3117 607 3139 erunt
623 3111 655 3139 in
673 3110 776 3142 diebus
787 3111 911 3143 Meffiae

66 3144 315 3221 {iissxlilmii
336 3147 464 3229 ῗωῗὲἷξ
466 3150 910 3238 1³31d35³seassss¹²iss5⁶32322⁵

69 3224 72 3226 .
310 3211 321 3229 2
465 3215 476 3231 ²
894 3214 909 3221 “

948 600 1115 642 pientiam?
1136 603 1249 632 Cantic.
1282 611 1309 632 1.
1341 602 1369 633 8.
1398 604 1487 645 usque
1507 606 1543 638 ad
1567 614 1699 650 ternpus,
1715 633 1717 635 .
1731 621 1793 652 quo

949 643 1068 674 mittam
1086 652 1187 684 regem
1209 643 1368 683 Meffiam,
1389 647 1423 677 ὃς
1438 658 1485 689 17.
1507 648 1710 683 dixitSalomo
1718 663 1793 694 pro-

948 685 1054 726 pheta,
1076 694 1165 724 quam
1183 686 1307 726 pulchra
1322 686 1365 718 est
1383 688 1491 721 domus
1515 691 1678 725 Sanetuarii
1693 695 1795 727 domi-

946 737 1094 801 3533?
1109 728 1333 812 &2335ss
1345 739 1396 804 {ii
1409 741 1697 815 ffissffiffii‘,
1706 738 1794 821 ¹322

945 812 1128 844 aedificanda
1144 817 1182 844 est
1199 814 1230 844 in
1246 814 1349 846 diebus
1358 817 1431 857 regis
1443 816 1583 859 Meffiae,
1603 821 1689 859 cujus
1698 824 1793 856 trabes

947 862 1033 886 erunt
1049 866 1085 886 ex
1103 855 1213 897 cedris,
1234 866 1309 897 quae
1324 857 1429 889 suntin
1437 858 1585 893 Paradiso.
1606 861 1660 895 IV.
1682 873 1710 904 5.
1729 866 1792 897 duo

945 897 1116 929 liberatores
1132 899 1193 938 tui,
1212 901 1263 940 qui
1282 908 1311 931 te
1326 900 1477 934 liberaturi
1491 903 1575 941 sunt,
1597 904 1717 938 Messias
1736 908 1792 939 fili-

945 950 979 972 us
995 940 1140 973 David&
1172 941 1293 974 Meffias
1319 942 1395 975 filius
1413 943 1567 986 Ephraim.
1592 946 1634 978 fic
1662 949 1697 980 &
1724 950 1792 984 VII.

949 992 980 1024 3.
1003 993 1051 1024 η..
1070 983 1184 1015 dicetur
1209 985 1288 1026 Regi
1314 985 1446 1019 Meffiae.
1479 987 1566 1020 VIII.
1591 999 1617 1021 1.
1638 991 1698 1023 isto
1714 1000 1795 1024 tem-

947 1035 1022 1066 pore
1045 1026 1225 1059 revelabitur
1248 1038 1299 1059 rex
1331 1028 1461 1061 Meffias.
1481 1040 1512 1062 2..
1543 1031 1653 1064 ducam
1677 1043 1724 1076 te,
1745 1047 1795 1068 rex

950 1068 1098 1109 Meinas„
1117 1078 1148 1109 4.
1170 1069 1251 1101 dicet
1275 1081 1326 1102 rex
1350 1072 1479 1104 Meffias.
1500 1073 1607 1115 Esbjae
1629 1075 1686 1108 IV.
1706 1087 1737 1108 2.
1759 1080 1796 1112 In

949 1118 1083 1151 tempore
1099 1111 1154 1143 isto
1169 1114 1224 1143 erit
1240 1113 1361 1145 Meffias
1377 1114 1510 1148 Domini
1526 1117 1635 1158 gaudio
1652 1120 1795 1153 &hono-

949 1154 984 1184 ri.
1004 1153 1064 1188 IX.
1084 1154 1115 1185 6.
1138 1154 1258 1186 Meffias
1272 1157 1365 1196 pacis.
1386 1157 1430 1189 X.
1452 1168 1502 1200 27.
1523 1160 1795 1203 &confringentur

993 1196 1054 1237 puli
1078 1207 1129 1238 per
1153 1197 1303 1229 Mesfiam.
1324 1198 1383 1230 XI.
1405 1201 1440 1232 &
1458 1202 1590 1242 prodibit
1610 1213 1660 1235 rex
1675 1215 1711 1236 ex
1727 1207 1795 1239 filiis

949 1205 1023 1279 ffi,
1041 1239 1077 1270 δε
1101 1239 1224 1271 Meffias
1245 1250 1281 1271 ex
1297 1240 1362 1272 filiis
1379 1240 1510 1274 filiorum
1526 1246 1589 1285 ejus
1607 1255 1742 1287 ungetur.
1765 1251 1796 1281 6.

950 1281 983 1312 in
1014 1281 1122 1313 diebus
1159 1282 1282 1315 Meffiae
1319 1283 1517 1317 Israelita-rum
1550 1287 1798 1330 multiplicabitur

951 1333 1009 1365 pax
1025 1325 1056 1356 in
1073 1333 1156 1356 terra.
1198 1325 1290 1359 XIV.
1311 1336 1364 1368 29.
1387 1337 1424 1358 ex
1443 1328 1508 1361 filiis
1516 1327 1646 1362 filiorum
1656 1331 1797 1376 Isaiegre-

952 1366 1049 1398 dietur
1075 1367 1208 1401 Meffias.
1228 1367 1317 1401 XVI.
1344 1379 1370 1400 1.
1391 1380 1478 1403 erunt
1504 1371 1660 1405 afferentes
1688 1378 1798 1409 tributa

954 1408 1077 1441 Meffiae
1093 1409 1211 1442 Israelis.
1232 1420 1262 1452 5.
1282 1419 1355 1444 tunc
1365 1413 1488 1445 Meffiae
1497 1413 1604 1447 Israelis
1612 1419 1800 1458 apparabitur

952 1451 983 1481 in
1001 1452 1086 1483 bono
1105 1453 1215 1485 folium
1228 1455 1298 1494 ejus.
1339 1454 1498 1488 XXVIII.
1523 1465 1556 1498 5.
1576 1460 1608 1489 in
1624 1459 1800 1495 dieistoerit

954 1493 1077 1527 Meffias
1105 1495 1238 1527 Domini
1259 1498 1446 1530 exercituum
1471 1500 1503 1530 in
1522 1509 1671 1533 coronam
1689 1505 1798 1544 gaudii.

953 1534 1059 1569 XLII.
1088 1547 1118 1569 2.
1138 1548 1210 1570 ecce
1233 1538 1330 1572 servus
1356 1549 1438 1573 meus
1463 1541 1593 1575 Meffias.
1622 1543 1727 1578 XLII.
1751 1558 1799 1580 10.

952 1579 987 1609 δε
1006 1580 1104 1613 servus
1122 1590 1205 1613 meus
1222 1581 1361 1622 Meffias,
1382 1584 1412 1614 in
1430 1587 1642 1626 quoacquIevi.
1666 1589 1735 1621 LII.
1751 1601 1800 1632 13.

952 1630 1024 1653 ecce
1048 1624 1268 1665 prosperabitur
1283 1625 1381 1657 servus
1399 1636 1482 1659 meus
1501 1627 1624 1660 Meffias
1641 1631 1725 1664 LIII.
1752 1643 1803 1665 10.

952 1664 1097 1696 videbunt
1120 1676 1246 1707 regnum
1271 1668 1394 1699 Meffiae
1416 1669 1470 1700 sui.
1490 1671 1603 1711 Jerem.
1623 1672 1751 1706 XXIII.
1774 1686 1804 1716 5.

955 1705 1157 1741 Et.suscitab0
1172 1709 1285 1739 Davidi
1303 1709 1443 1741 Meffiam
1456 1713 1573 1751 justum
1584 1739 1595 1756 ,
1617 1717 1651 1746 &
1669 1719 1804 1757 regnabit

956 1757 1024 1789 rex,
1046 1750 1080 1779 ὃς
1105 1751 1336 1790 prosperabitur.
1357 1751 1472 1784 XXX.
1496 1757 1526 1787 6.
1547 1756 1581 1787 &
1609 1757 1733 1791 servient
1748 1770 1804 1791 co-

956 1799 1020 1821 ram
1045 1790 1185 1822 Domino
1206 1793 1275 1823 Deo
1294 1793 1346 1823 suo
1357 1815 1366 1831 ‚
1389 1794 1423 1825 &
1439 1796 1581 1829 obedient
1597 1799 1720 1832 Meffiae
1737 1802 1802 1834 filio

954 1831 1058 1864 David
1074 1835 1135 1875 regi
1152 1834 1224 1873 suo,
1245 1845 1335 1876 quem
1350 1836 1497 1869 suscitabo
1514 1841 1564 1871 eis.
1585 1851 1638 1874 21.
1657 1844 1692 1874 &
1709 1854 1802 1886 ιιηςε-Α

952 1883 1000 1905 tur
1015 1885 1066 1906 rex
1081 1876 1201 1908 illorum
1219 1887 1257 1908 ex
1274 1879 1360 1920 ipsis,
1382 1880 1416 1911 δε
1434 1880 1553 1913 Meffias
1571 1893 1676 1916 eorum
1691 1896 1727 1917 ex
1735 1888 1804 1929 ipfis

951 1917 1140 1950 revelabitur.
1163 1919 1275 1950 XXX.
1308 1930 1355 1961 13.
1377 1921 1474 1953 adhuc
1484 1923 1575 1956 discet
1599 1928 1725 1969 populus
1751 1940 1805 1971 per

952 1959 1090 1991 Meffiam
1125 1970 1171 2001 15.
1199 1962 1346 1993 suscitabo
1380 1963 1483 1996 David
1509 1966 1647 1999 Meffiam
1665 1970 1806 2010 justitiae.

950 2002 1054 2033 Thren.
1070 2002 1112 2034 II.
1129 2013 1159 2035 2.
1176 2005 1375 2044 proclamabis
1385 2007 1551 2039 libertatem
1562 2012 1677 2052 populo
1687 2021 1738 2045 tuo
1747 2014 1805 2047 do-

950 2046 1014 2076 mui
1025 2044 1106 2077 Israel
1122 2056 1174 2087 per
1189 2046 1330 2078 Meffiam
1348 2047 1403 2080 IV.
1419 2059 1470 2081 22.
1485 2052 1520 2083 ὃς
1534 2052 1735 2087 liberabimini
1770 2068 1802 2090 er

953 2093 1059 2118 manus
1088 2089 1220 2120 Meffiae.
1242 2091 1313 2131 H⁰ſs
1334 2090 1390 2123 III.
1413 2102 1442 2132 5.
1464 2092 1503 2124 Et
1518 2095 1658 2128 obedient
1677 2098 1732 2129 Me
1757 2110 1803 2132 iae

954 2130 1017 2162 filio
1035 2130 1163 2162 Davidis
1185 2132 1247 2173 regi
1276 2132 1426 2175 ipsorum,
1450 2134 1540 2168 XIV.
1563 2138 1590 2169 8.
1612 2138 1751 2173 sedebunt
1771 2143 1804 2175 in

954 2174 1060 2205 umbra
1079 2173 1204 2205 Meffiae
1217 2174 1269 2206 sui.
1290 2176 1381 2207 Mich.
1404 2176 1461 2209 IV.
1480 2178 1507 2209 8.
1517 2179 1570 2212 Tu
1578 2190 1690 2225 autem,
1701 2185 1806 2216 Meffi-

955 2226 971 2246 a
986 2215 1090 2258 Israel,
1111 2218 1162 2257 qui
1179 2217 1366 2250 absconditus
1383 2229 1413 2250 es
1429 2229 1549 2263 propter
1569 2233 1692 2265 peccata
1708 2227 1806 2267 Israel,

956 2260 1011 2291 tibi
1034 2259 1238 2293 obventurum
1255 2260 1298 2292 est
1315 2271 1450 2303 regnum.
1470 2264 1505 2295 V.
1545 2275 1574 2297 2.
1597 2271 1633 2298 ex
1649 2276 1676 2300 te
1699 2279 1805 2302 coram

956 2310 1006 2336 me
1020 2301 1154 2342 prodibit
1171 2302 1310 2344 Meffias‚
1330 2314 1363 2335 ut
1378 2305 1411 2336 sit
1425 2315 1563 2339 exercens
1573 2309 1761 2343 dominatum
1771 2314 1803 2346 in

956 2343 1049 2376 Israel.
1069 2344 1194 2377 Habac..
1215 2345 1268 2378 111.
1295 2354 1342 2387 13.
1362 2348 1505 2381 revelatus
1520 2361 1549 2382 es
1565 2352 1601 2383 ad
1618 2353 1806 2388 liberandum

956 2387 1104 2428 populum
1125 2396 1209 2419 tuum
1225 2388 1261 2419 ad
1278 2389 1465 2422 liberandum
1485 2393 1733 2428 Meffiamtuum.
1758 2399 1804 2432 18.

956 2438 1079 2471 propter
1103 2431 1183 2471 signa
1208 2432 1383 2464 miraculosa
1408 2435 1441 2466 &
1459 2434 1691 2480 redemtionem,
1713 2450 1804 2481 quam

957 2472 1044 2503 facies
1061 2472 1184 2504 Meffiae
1201 2481 1264 2505 tuo,
1287 2474 1377 2506 Zach.
1399 2475 1455 2508 III.
1478 2477 1505 2508 8.
1524 2488 1596 2510 ecce
1611 2491 1667 2522 ego
1686 2483 1805 2516 adduco

956 2513 1072 2554 servum
1090 2525 1192 2546 meum
1203 2515 1358 2557 Meffiam‚
1378 2519 1429 2559 qui
1449 2521 1634 2554 revelabitur.
1654 2524 1707 2557 IV.
1732 2528 1804 2565 7.&

957 2558 1097 2597 revelabit
1115 2558 1272 2598 Meffimn,
1293 2561 1377 2600 cujus
1394 2571 1505 2593 nomen
1513 2564 1550 2595 ab
1559 2573 1677 2598 aeterno
1686 2567 1805 2601 dietum

957 2600 1001 2631 est
1008 2623 1019 2640 ‚
1041 2601 1075 2632 &
1087 2599 1291 2633 dominabitur
1307 2603 1338 2633 in
1353 2606 1458 2636 omnia
1473 2615 1562 2647 regna
1581 2607 1634 2641 VI.
1661 2619 1709 2642 12.
1730 2610 1808 2645 ecce'

958 2643 1078 2684 virum,
1104 2643 1221 2674 Meffias
1243 2644 1285 2675 est
1310 2656 1421 2677 nomen
1445 2649 1528 2688 ejus,
1552 2651 1603 2690 qui
1626 2653 1806 2687 revelabitur

959 2685 992 2716 &
1009 2685 1268 2728 magnificabitur,
1289 2688 1323 2719 &
1340 2687 1505 2721 aedificabit
1519 2693 1669 2734 templum
1688 2695 1801 2728 Domi.

954 2728 996 2759 ni.
1018 2727 1061 2759 X.
1082 2738 1113 2768 4.
1134 2729 1172 2760 ab
1190 2729 1254 2769 ipso
1270 2739 1320 2760 rex
1337 2732 1411 2771 ejus,
1434 2733 1471 2763 ab
1496 2733 1559 2775 ipso
1578 2736 1698 2768 Meffias
1716 2741 1804 2778 ejus„

955 2771 1103 2814 Midrqscb
1120 2771 1262 2802 Thehillin
1279 2771 1531 2807 XCIII.2.Haec
1540 2777 1581 2808 est
1598 2789 1656 2810 una
1674 2791 1709 2811 ex
1728 2781 1799 2813 VII.

956 2813 1041 2844 rebus
1057 2824 1130 2854 quae
1146 2814 1335 2846 ascenderunt
1351 2818 1381 2847 in
1405 2819 1620 2860 cogitationem
1646 2831 1713 2854 ante
1739 2833 1804 2855 cre-

955 2856 1089 2886 ationem
1115 2857 1239 2896 mundi,
1264 2868 1375 2890 nomen
1391 2861 1465 2901 regis
1492 2861 1615 2893 Meffiae
1638 2864 1668 2895 S.
1691 2865 1734 2897 D.
1756 2866 1804 2899 Ps.

957 2897 1097 2930 LXXII.
1121 2909 1168 2939 ¹7·
1191 2899 1231 2931 Et
1246 2911 1299 2931 cur
1319 2912 1432 2933 nomen
1454 2904 1515 2943 ejus
1537 2914 1662 2937 vocatur
1672 2909 1805 2945 jinnun?

957 2942 1026 2980 quia
1050 2942 1228 2974 excitaturus
1250 2943 1293 2974 est
1317 2944 1497 2976 dormientes
1523 2948 1553 2977 in
1570 2949 1703 2989 pulvere.
1717 2953 1807 2982 Bere<

949 2983 1049 3024 schith
1088 2984 1131 3015 R.
1159 2984 1246 3016 VIII.
1280 2995 1307 3016 1.
1338 2986 1380 3018 R.
1408 2987 1531 3020 Simeon
1556 2991 1578 3020 f.
1596 2991 1742 3030 vLakiICh:
1767 2994 1803 3025 &

958 3026 1138 3058 movebatur
1152 3027 1278 3068 Spiritus
1294 3028 1356 3060 Dei
1375 3030 1458 3070 super
1469 3041 1573 3071 aquas:
1596 3031 1647 3065 hic
1663 3035 1706 3065 est
1723 3036 1806 3076 spiri-

958 3069 1003 3099 tus
1027 3070 1103 3109 regis
1127 3067 1252 3108 Meffiae
1277 3071 1307 3101 S.
1331 3072 1373 3103 D.
1394 3073 1428 3104 &
1451 3074 1609 3115 requiescet
1636 3076 1717 3117 super
1733 3087 1804 3108 eum

956 3111 1071 3152 spiritus
1095 3111 1234 3143 Domini.
1259 3113 1376 3144 LXIII.
1403 3125 1451 3145 10.
1472 3115 1618 3148 adducam
1642 3118 1729 3148 vobis
1745 3120 1807 3160 pri.

953 3162 1058 3195 mum,
1081 3155 1145 3186 Hic
1161 3155 1203 3185 est
1220 3165 1267 3186 rex
1287 3156 1407 3188 Meffias
1422 3158 1454 3188 S.
1478 3157 1521 3187 D.
1543 3158 1617 3193 dixit
1640 3159 1681 3189 R.
1704 3158 1805 3192 Chani

950 3197 1076 3228 nomine
1104 3197 1146 3227 R.
1165 3196 1390 3241 Isaacpropter
1417 3199 1576 3232 meritum:
1614 3201 1649 3233 δε
1690 3201 1806 3236 facietis

1038 3237 1101 3271 Hb
1122 3247 1137 3280 3
1716 3245 1806 3278 vobis
