1976 3519
136 297 137 301 η
464 246 1452 290 PROLEGOMENA.
1719 240 1797 303 157‘

79 342 104 388 „
134 335 341 390 Apostolus
367 335 537 389 respicit,
567 334 672 375 UTI
705 330 747 373 τὲ
772 330 935 382 γεύσηται
967 331 1042 372 ΕΧ
1063 324 1150 376 Dim
1170 333 1506 377 DEDUCT‘UM
1528 336 1695 388 indicat,
1723 339 1796 380 hac

79 422 105 443 ‚‚
132 393 301 432 leffione
313 392 445 432 Ariani
475 400 650 444 potenter
677 388 761 428 sunt
781 388 934 428 revisti:
962 387 1012 427 de
1030 401 1104 441 qua
1126 388 1273 439 plenius
1294 390 1333 428 in
1357 390 1581 433 Gnomone.
1639 397 1674 436 6.
1703 394 1797 435 Pro-

76 476 102 498 „
131 442 292 488 mittitur
311 446 443 485 Canon
462 447 597 484 unicus
616 456 725 483 verae
743 443 916 483 lestionis
933 443 980 481 ab
991 443 1179 482 omnialia
1189 442 1481 496 dignoscendae.
1505 450 1634 501 Atque
1645 449 1707 489 hic
1720 453 1797 490 Ca-

77 528 105 549 „
134 516 214 542 non
242 501 322 555 jam
338 500 431 540 fixus
449 503 489 538 &
508 510 669 552 quatuor
689 498 811 549 verbis
827 496 1121 551 comprehensus
1140 497 1215 545 est3
1244 497 1309 537 sed
1330 499 1499 551 proferre
1517 502 1691 544 nondum
1717 519 1796 545 ma·-

76 586 102 607 ,‚
133 569 279 607 turum,
309 556 396 609 quia
423 554 500 594 fine
528 552 626 607 justa
646 552 900 592 declaratione
931 552 1056 591 minus
1076 550 1165 591 fidei
1186 553 1362 593 inveniat.
1385 556 1648 609 complestitur
1668 572 1796 600 autem

76 637 102 662 ‚‚
129 625 283 652 omnem
312 609 534 663 potestatem
564 608 772 647 Canonum
803 606 948 648 XLIII.
979 606 1143 646 Gerardi
1164 621 1185 646 a
1204 608 1428 659 Mastricht,
1458 615 1496 649 δε
1515 626 1649 653 omnes
1666 614 1797 655 1εᾶἰο-

78 694 103 713 ,,
134 679 225 706 num
249 665 309 706 vel
337 663 493 704 confilio
514 662 571 702 vel
593 661 677 702 casu
698 662 929 715 variantium
942 660 1088 711 causas,
1118 676 1289 702 verarum
1311 661 1560 719 falsarumque
1580 668 1739 710 criteria.

131 721 239 761 Idem
259 717 464 772 Bengelius
483 715 736 757 Prodromum
761 716 937 767 alterum,
959 731 980 756 a
1001 717 1116 769 priori
1139 716 1482 764 diversum,edidit
1500 723 1566 761 ΑΟ.
1606 735 1722 774 1731.
1753 726 1795 764 in

76 790 154 830 quo
182 773 352 828 promisit
394 786 425 812 1.
454 771 676 812 Editionem
706 771 842 825 majori
879 772 1074 812 volumine
1105 772 1143 810 in
1177 784 1324 825 quarto.
1384 788 1419 814 2.
1448 775 1618 816 Textum
1646 792 1727 819 non
1746 792 1794 820 ex

75 831 244 871 editione
263 827 446 881 Stephani
469 827 692 880 praecipue,
720 826 784 867 sed
805 834 850 867 ex
871 827 1047 867 omnibus
1065 826 1297 868 editionibus
1315 829 1526 882 promiscue
1538 830 1793 876 formandum.

78 899 113 939 3.
142 883 434 924 Distinffionem
456 895 687 923 commatum
707 884 746 919 &
767 882 988 931 verborum,
1002 881 1055 920 uti
1076 880 1277 922 ediderant
1297 884 1498 937 Apostoli,
1531 885 1719 940 suppressa
1739 902 1794 931 ta-

75 953 162 980 men
195 937 283 992 figla
301 951 332 978 s.
387 949 427 988 4.
453 936 690 977 Divisionem
715 935 910 976 Codicum
929 937 969 975 in
988 935 1135 985 classes,
1165 949 1204 976 ut
1224 937 1401 988 sciamus,
1430 941 1586 993 quinam
1607 943 1664 983 vel
1686 958 1796 985 accu-

74 1008 151 1035 rate
179 992 317 1033 fuerint
345 992 490 1040 collati,
521 991 580 1032 vel
608 991 732 1031 minus
759 1002 941 1031 accurate.
1004 1003 1037 1031 t.
1067 991 1292 1032 Lefflonem
1313 995 1415 1034 Heb.
1445 995 1495 1036 11.
1524 1009 1562 1044 9.
1591 994 1695 1049 χωρὶς
1712 998 1794 1040 θεοῦ

73 1060 195 1090 tuetur
231 1046 409 1102 quidem,
437 1060 516 1086 non
545 1060 637 1093 vero
667 1046 1045 1099 Interpretationem,
1073 1060 1190 1099 quam
1221 1048 1324 1101 prius
1352 1047 1501 1091 fecerat.
1560 1056 1596 1093 6.
1625 1054 1790 1106 Monet,

75 1105 278 1144 Canonem
307 1101 420 1142 suum
439 1100 593 1141 unicum
621 1114 732 1141 verae
757 1100 931 1141 leel-ionis
961 1101 1244 1156 dignoscendae
1260 1134 1273 1153 ,
1301 1117 1416 1158 quem
1435 1119 1485 1145 ne
1507 1119 1611 1148 nunc
1633 1109 1792 1163 quidem

74 1157 240 1213 profert,
268 1157 314 1197 ab
333 1157 414 1197 aliis
434 1156 604 1196 modeste
623 1157 662 1195 in
682 1155 839 1196 dubium
858 1155 962 1196 fuiss'e
983 1168 1172 1196 vocatum.
1208 1205 1210 1209 y

125 1212 302 1254 Tandem
321 1213 385 1252 A⁰.
418 1224 535 1264 1734.
565 1210 709 1264 prodiit
729 1210 808 1264 ipsa
825 1210 966 1260 editio,
980 1211 1179 1264 praemisso
1198 1211 1274 1252 hoc
1284 1211 1414 1253 titulo:
1444 1244 1470 1264 „
1482 1214 1793 1261 Novum.Testa-

72 1295 98 1320 ,‚
126 1279 294 1308 mentum
318 1266 507 1306 Graecum
528 1267 579 1307 ita
599 1266 825 1306 adornatum
839 1292 849 1309 ‚
878 1278 920 1306 ut
938 1267 1085 1307 Textus
1097 1266 1339 1319 probatarum
1349 1267 1563 1310 editionum
1574 1273 1792 1326 medullam,

72 1353 99 1374 „
128 1336 258 1377 margo
275 1322 500 1362 variantium
523 1321 748 1361 Lec‘tionum
767 1321 806 1360 in
828 1320 907 1361 suas
927 1320 1053 1361 class‘es
1062 1321 1624 1380 distributarum,locorumque
1636 1330 1793 1381 paralle-

75 1408 102 1429 „
130 1378 251 1418 lorum
281 1376 490 1417 delestum:
520 1377 737 1430 Apparatus
766 1375 981 1430 subjun&us
1003 1375 1139 1417 criseos
1158 1376 1301 1423 sacrae,
1333 1378 1528 1420 Millianae
1552 1383 1793 1435 praesertim,

73 1463 98 1484 „
126 1431 418 1486 compendium,
457 1431 606 1480 limam,
635 1430 938 1484 supplementum
968 1445 1012 1471 ac
1042 1430 1206 1472 frustum
1232 1433 1407 1475 exhibeat
1426 1465 1439 1484 ,
1477 1435 1704 1480 inserviente
1729 1441 1794 1494 J0.

72 1514 98 1537 „
128 1487 287 1528 Alberto
305 1486 488 1542 Bengelio
502 1485 749 1539 Tubingae'’.
802 1486 883 1525 Hic
900 1485 1055 1526 demum
1078 1486 1210 1525 Canon
1231 1490 1368 1528 unicus
1390 1492 1621 1544 proponitur
1642 1508 1680 1550 p.
1698 1508 1795 1550 433.

74 1542 134 1583 his
161 1542 302 1582 verbis:
330 1541 604 1583 PROCLIVI
625 1532 958 1582 SCRIPTIONI
977 1541 1275 1583 PRAESTAT
1294 1544 1532 1593 ARDUA;
1562 1561 1680 1601 quae,
1705 1565 1792 1590 cum

12 1615 18 1632 ι
74 1598 383 1651 interpretatione
401 1610 511 1650 egere
530 1610 645 1636 nemo
667 1610 746 1635 non
768 1595 918 1642 videat,
945 1596 998 1637 ita
1018 1596 1198 1650 explicat:
1229 1624 1253 1648 „
1282 1597 1380 1639 Sane
1403 1601 1573 1654 proclive
1584 1605 1658 1654 est,
1689 1617 1730 1654 ut
1753 1607 1794 1646 li-

73 1666 100 1703 „
127 1652 267 1692 brarius
288 1651 346 1692 vel
375 1651 481 1700 casu,
520 1651 580 1691 vel
607 1650 765 1690 consilio
776 1658 791 1696 ‚²
814 1651 876 1691 vel
892 1650 978 1692 casu
997 1654 1037 1691 &
1058 1652 1238 1703 conlilio,
1266 1667 1347 1693 non
1369 1656 1551 1696 mutanda
1562 1671 1703 1709 mutet,
1726 1660 1791 1701 sed

75 1734 102 1754 „
129 1706 298 1760 proclive
325 1706 438 1746 etiam
457 1705 533 1755 est,
563 1717 603 1745 ut
622 1705 791 1745 Codices
810 1706 904 1745 novi
923 1719 1013 1757 prae
1032 1707 1218 1760 antiquis,
1248 1711 1288 1746 &
1307 1710 1461 1750 codices
1481 1713 1621 1752 Graeci
1643 1716 1700 1755 vel
1722 1716 1795 1756 La-

75 1788 102 1812 „
130 1762 202 1801 tini
232 1774 321 1814 prae
342 1760 498 1800 Graecis
517 1763 555 1798 &
579 1759 745 1805 Latinis,
777 1763 817 1798 δε
847 1759 992 1800 codicis
1018 1761 1128 1812 pauci
1159 1775 1248 1814 prae
1269 1764 1415 1814 multis,
1446 1768 1486 1804 ὃς
1506 1767 1676 1808 Codices
1696 1770 1796 1811 inter

76 1843 101 1867 ‚,
131 1816 167 1856 se
197 1815 403 1869 propinqui
433 1827 522 1868 prae
542 1813 752 1854 Codicibus
781 1815 971 1855 variorum
1001 1814 1194 1856 climatum
1216 1843 1227 1862 ,
1256 1816 1484 1860 idiomatum
1503 1824 1543 1859 &
1563 1821 1794 1874 seculorum,
1818 1838 1823 1841 “
1844 1846 1849 1855 =

76 1897 102 1921 ‚,
131 1871 337 1910 titubent'’.
367 1873 406 1908 &
426 1883 461 1921 p.
496 1883 511 1913 2
523 1870 585 1918 84.
613 1899 638 1918 ,‚
650 1882 789 1923 quaere
816 1878 940 1909 tecum
952 1884 964 1908 .·
993 1878 1084 1909 utra
1103 1869 1218 1910 lebria
1226 1874 1364 1924 potius
1382 1884 1470 1914 orta
1476 1874 1537 1925 stt
1556 1890 1602 1915 ex
1616 1878 1796 1921 altera&

82 1925 304 1965 Editionem
323 1924 379 1965 N.
405 1923 455 1963 T.
484 1923 628 1967 secutus
647 1923 701 1963 est
722 1924 894 1963 Gnomon
916 1925 980 1964 ΑΟ.
1016 1937 1030 1963 1
1041 1937 1133 1975 742.
1154 1925 1202 1965 ,in
1223 1939 1370 1979 quarto,

135 1979 262 2029 Absit,
290 1990 332 2020 ut
358 1980 574 2032 quenqu‘am
601 1978 728 2019 debita
759 1977 869 2019 laude
899 1977 1072 2019 fraudare
1100 1980 1224 2020 velim.
1282 1982 1332 2022 Et
1363 1982 1473 2034 sane,
1504 1999 1590 2026 cum
1616 1986 1694 2040 ipse
1716 1989 1794 2031 hoc

78 2034 241 2076 studium
271 2034 415 2087 semper
443 2033 644 2083 coluerim,
673 2041 753 2072 non
783 2032 931 2086 possum
960 2047 1041 2073 non
1064 2034 1310 2076 vehementer
1327 2039 1488 2090 probare
1508 2041 1705 2084 confilium
1728 2059 1794 2085 eo-

78 2103 182 2139 rum,
210 2089 276 2143 qui
296 2088 431 2129 iisdem
452 2087 704 2128 delectantur:
735 2087 825 2128 inde
845 2089 1149 2132 tamenyminime
1168 2090 1355 2144 sequitur,
1384 2107 1447 2133 me
1468 2095 1527 2135 vel
1547 2095 1626 2137 fine
1638 2101 1794 2151 praevio

77 2144 247 2185 examine
266 2142 436 2197 Bengclii
454 2143 664 2183 editionem
683 2157 750 2197 per
770 2144 900 2184 omnia
919 2143 1092 2194 laudare,
1120 2145 1179 2184 vel
1191 2145 1275 2198 post
1286 2160 1444 2188 examen
1454 2149 1667 2193 institutum
1678 2155 1794 2196 etiam
1826 2147 1828 2152 ’

80 2199 170 2238 vitia
198 2213 219 2238 a
250 2212 310 2238 me
338 2197 569 2252 deprehensa
596 2202 634 2237 &
663 2212 807 2238 errores
830 2197 1049 2239 manifestos
1076 2198 1284 2241 defendere
1312 2214 1427 2256 atque
1458 2217 1586 2258 tegere
1615 2204 1792 2251 debuine.
1818 2241 1821 2244 -

81 2254 189 2306 Quin
208 2254 310 2302 imo,
339 2265 380 2293 ut
398 2252 618 2306 personam,
647 2267 759 2307 quam
781 2254 874 2293 mihi
896 2254 1079 2307 imposui,
1108 2266 1233 2305 tuear,
1264 2256 1314 2296 ad
1332 2258 1503 2306 officium
1524 2274 1650 2302 meum
1675 2266 1796 2320 magis

80 2309 263 2362 pertinet,
293 2308 382 2348 vitia
401 2307 706 2361 praecedentium
727 2308 951 2348 Editionum
969 2309 1139 2350 indicare
1157 2321 1271 2364 atque
1290 2326 1464 2366 arguere,
1493 2329 1608 2369 quam
1618 2320 1794 2361 omnium

82 2363 282 2417 praeconia
313 2376 510 2417 peragere,
540 2363 709 2416 alioquin
737 2363 820 2414 jure
849 2363 943 2403 mihi
965 2364 1211 2417 objiceretur:
1239 2367 1333 2420 quid
1355 2368 1730 2423 igiturlmoliriswis
1748 2389 1797 2416 ne

83 2418 224 2471 aliquid
252 2416 391 2458 addere
417 2419 453 2458 ei
475 2418 581 2469 quod
600 2417 807 2471 perfefmm
827 2419 1079 2473 omnibusque
1099 2421 1264 2461 numeris
1293 2421 1503 2464 absolutum
1535 2426 1616 2466 est?
1644 2429 1737 2481 quid
1757 2445 1797 2470 a-

82 2473 162 2526 gis,
190 2472 390 2526 postquam
420 2473 515 2512 nihil
543 2472 703 2526 superest
727 2473 941 2526 agendum?
971 2475 1096 2529 Ergo,
1124 2489 1211 2516 cum
1234 2475 1312 2517 alea
1334 2478 1437 2531 jadra
1458 2479 1503 2520 sit
1522 2511 1535 2531 ,
1575 2483 1712 2523 veritas
1742 2484 1796 2525 est

84 2526 266 2576 dicenda,
295 2528 408 2567 etiam
433 2527 458 2566 si
480 2527 692 2567 immerenti
712 2528 845 2567 odium
866 2528 995 2581 pariat.

142 2595 174 2621 1.
206 2582 307 2629 Non,
334 2583 469 2622 maturi
497 2582 652 2635 judicii,
684 2582 747 2622 sed
780 2583 1054 2624 inconstantiae
1081 2588 1120 2623 &
1140 2583 1328 2625 levitatis
1346 2587 1598 2643 suspicionem
1621 2594 1794 2646 praebet,

85 2637 189 2689 quod
208 2637 407 2689 Bengelius
428 2637 466 2676 in
486 2637 603 2677 altero
615 2637 815 2690 prodromo
834 2651 855 2677 a
876 2639 993 2691 priori
1012 2639 1128 2692 longe
1146 2640 1306 2682 discessit
1317 2661 1329 2686 ;
1361 2644 1400 2682 in
1420 2644 1591 2686 editione
1611 2663 1703 2688 vero
1723 2650 1801 2703 ipsa

85 2691 340 2745 Apocalypsin
360 2703 502 2736 totam,
531 2705 609 2731 non
633 2703 673 2732 ut
694 2692 915 2746 promiserat
931 2707 975 2733 ex
995 2693 1248 2744 editionibus,
1277 2696 1340 2736 sed
1361 2712 1407 2738 ex
1431 2699 1543 2740 MSS.
1567 2703 1801 2755 potissimum
1852 2724 1855 2727 ·

86 2745 295 2785 Codicibus
315 2747 559 2786 concinnavit
571 2779 580 2796 ,
609 2760 771 2800 magnas
790 2748 838 2786 ab
857 2750 1014 2798 caufizs,
1037 2761 1077 2788 ut
1095 2750 1133 2789 in
1153 2749 1566 2808 praesationeloquitur
1578 2788 1588 2805 ,
1603 2760 1642 2795 δε
1654 2772 1691 2811 p.
1707 2761 1801 2809 788.

85 2828 111 2849 „
140 2800 218 2840 Hic
238 2800 413 2851 demum,
442 2803 571 2854 inquit
585 2802 720 2852 ,Liber
739 2803 1004 2856 exceptionem
1031 2818 1051 2842 a
1070 2803 1153 2858 lege
1175 2804 1356 2847 haftenus
1376 2809 1486 2849 nobis
1496 2811 1618 2865 rigide
1629 2813 1803 2853 observa-

86 2879 112 2902 „
141 2865 178 2893 ta
195 2854 244 2895 de
263 2855 390 2897 Textu
411 2856 622 2896 editionum
645 2856 762 2910 presse
782 2857 976 2911 sequendo
993 2858 1237 2899 vehementer
1257 2861 1460 2913 postulavit
1472 2867 1505 2905 ’'.
1561 2867 1742 2921 Denique
1760 2870 1801 2908 in

89 2907 278 2948 Gnomone
299 2910 442 2964 saepius
461 2912 680 2962 Leffiones,
713 2926 805 2966 quas
824 2913 864 2952 in
883 2912 1053 2954 editione
1073 2914 1298 2968 probaverat
1317 2928 1432 2971 atque
1451 2919 1723 2974 adoptaverat,
1746 2937 1804 2964 re-

86 2961 197 3014 jecit,
225 2964 283 3004 vel
307 2966 408 3016 prius
428 2966 583 3018 rejectas
601 2966 787 3020 probavit.

148 3030 182 3056 2.
209 3019 325 3069 Quod
352 3020 392 3059 in
425 3021 654 3075 Apocalypsi
685 3021 843 3062 Codices
860 3022 1033 3077 firiptos
1061 3023 1205 3065 secutus
1224 3024 1296 3075 est,
1329 3026 1464 3068 laudo:
1494 3028 1656 3071 debebat
1676 3044 1801 3072 autem

88 3084 155 3110 eos
184 3072 295 3111 etiam
324 3073 512 3115 consulere
540 3077 579 3115 in
611 3088 715 3117 textu
739 3077 914 3118 omnium
947 3076 1005 3119 N.
1041 3078 1092 3120 T.
1130 3079 1311 3121 librorum
1344 3081 1570 3134 formando,
1599 3100 1679 3125 non
1710 3100 1802 3126 vero

90 3139 176 3164 cum
211 3125 366 3167 aliorum
386 3129 527 3170 invidia
548 3130 720 3184 gloriari,
752 3131 789 3172 se
818 3146 865 3171 ne
874 3131 1066 3183 syllabam
1086 3134 1263 3188 quidem,
1291 3138 1444 3181 etiamst
1456 3138 1547 3178 MS.
1578 3140 1682 3178 mille
1687 3139 1801 3194 jube-

89 3189 195 3231 rent,
226 3192 314 3223 ante
342 3182 414 3224 hac
437 3198 518 3224 non
547 3192 757 3240 receptam,
785 3187 827 3227 in
846 3187 1016 3228 Textum
1038 3200 1286 3242 recepturum.
1339 3191 1620 3245 Superstitiosus
1637 3193 1705 3233 iste
1724 3194 1805 3233 Ca·-

897 3239 938 3282 V
967 3254 988 3294 3
1723 3261 1804 3289 non
