1976 3519
123 250 201 301 158
477 241 1467 285 PROLEGOMENA.

124 349 206 376 non
237 333 286 374 de
314 331 443 373 Textu
477 330 627 371 nonnifi
656 344 703 371 ex
737 329 981 371 Editionibus
1002 328 1208 371 formando
1227 329 1416 371 Criticum
1440 329 1609 370 nostrum
1632 330 1671 371 in
1692 344 1862 374 errorem

119 389 328 445 jocularem
347 386 516 436 induxit,
546 387 598 425 ita
619 397 683 435 ut,
712 384 1013 438 (inverecunde,
1043 385 1188 434 dicam,
1216 398 1265 424 an
1284 387 1439 425 incaute
1450 384 1494 437 ?)
1523 385 1706 426 mendum
1722 388 1860 442 Typo-

124 445 296 501 graphi,
336 441 444 496 quod
476 442 514 481 in
547 454 683 494 paucas
711 439 903 491 editiones
932 451 1185 495 propagatum
1219 439 1361 489 fuerat,
1400 440 1536 479 iterum
1556 441 1596 479 in
1616 440 1785 482 Textum
1807 443 1863 483 sa·
1910 445 1913 452 '

129 513 233 540 crum
247 533 256 548 ‚
289 498 419 538 invitis
439 498 615 537 omnibus
636 495 850 536 Codicibus
869 494 1038 549 scriptis,
1068 498 1107 534 ὃς
1129 505 1364 549 repugnante
1381 494 1554 535 editione
1572 494 1835 549 Complutenfi
1849 529 1862 548 ‚

128 555 332 603 Colinaei,
361 550 522 593 secunda
542 551 751 604 Stephani,
782 553 821 589 &
843 550 990 600 Bezae,
1020 550 1214 603 reciperet.
1245 549 1370 589 Locus
1389 549 1443 589 est
1463 550 1585 603 Apoc.
1614 550 1663 590 11.
1699 564 1728 600 5.
1751 565 1865 605 quem

126 611 180 652 ita
203 611 242 650 in
261 609 390 650 Textu
413 606 586 648 exhibet:
617 602 767 657 ’ἔρχομαί
785 621 831 643 σοι
853 602 983 657 nixa:
1013 605 1054 645 in
1077 603 1203 644 Variis
1220 618 1312 645 vero
1330 604 1575 646 Leffionibus
1595 616 1705 646 notat
1725 607 1775 646 ad
1797 621 1866 647 vo-

129 679 215 707 cem
243 662 357 715 τάχει
386 662 459 704 Er.
491 661 620 714 Steph.
653 659 734 700 Ed.
769 673 802 700 1.
837 672 871 712 3.
899 659 1067 714 adeoque
1102 658 1218 699 Codd.
1273 658 1495 700 Editionem
1528 659 1688 713 Erasini
1717 664 1756 700 &
1779 661 1867 703 Ste-

123 721 250 776 phani
277 719 373 759 duas
403 718 455 757 ita
477 716 600 771 legere
622 715 761 763 video3
792 714 856 754 sed
877 715 979 755 illam
996 715 1201 755 lethonem
1219 727 1266 754 ex
1286 714 1731 769 Codicibusfprofluxisse
1755 730 1866 770 nego.

130 775 357 830 Bengelius,
387 773 453 827 qui
473 772 513 812 id
535 771 697 812 affirmat
717 796 728 814 ‚
760 770 962 823 quomodo
980 769 1180 824 probabit?
1210 783 1298 809 curn
1319 769 1450 823 utique
1460 783 1540 809 non
1552 770 1869 825 ignoret‚&Ste-
1897 812 1902 815 ,

132 831 306 887 phanum
330 828 546 882 frequenter
577 824 755 866 omnibus
778 823 850 865 suis
869 824 1082 865 Codicibus
1100 822 1312 864 editionem
1334 823 1477 864 Erasmi
1498 824 1727 879 praetulisse,
1758 828 1798 865 &
1820 827 1871 866 E-

131 885 295 928 rasmum
316 889 395 924 non
416 883 540 935 plures
562 879 753 929 Codices,
782 878 847 920 sed
866 880 1020 920 unicum
1042 878 1284 932 eundemque
1305 878 1478 919 mutilum
1489 880 1776 934 Apocalypseos
1787 881 1870 921 Cc-

132 940 261 982 dicem
288 936 468 979 habuisse.
521 935 701 988 Cumque
729 933 829 975 istud
847 933 961 986 τείχει
984 935 1176 974 Graecum
1197 946 1278 973 non
1300 932 1367 983 fit,
1396 947 1467 974 nec
1483 948 1651 989 unquam
1671 935 1731 975 vel
1753 935 1794 975 in
1813 935 1872 977 N.

133 997 187 1039 T.
218 995 278 1037 vel
309 992 412 1047 apud
440 990 569 1031 LXX.
600 989 771 1043 Interpp.
799 989 859 1029 vel
893 988 996 1042 apud
1024 988 1142 1029 ullum
1163 988 1278 1029 alium
1299 999 1469 1029 autorem
1491 989 1566 1028 hoc
1588 989 1692 1030 sensu
1705 992 1873 1044 ,reperia-

133 1064 218 1101 tur,
248 1061 380 1089 annon
402 1045 523 1087 multo
545 1044 791 1085 verofimilius
810 1044 864 1085 est
883 1043 1119 1085 aberratione
1140 1043 1374 1098 typographi
1387 1041 1498 1094 τείχει
1517 1057 1588 1098 pro
1608 1041 1713 1095 ταχὺ
1722 1059 1874 1099 expres.

134 1108 216 1148 sum
254 1102 388 1144 fuisse?
418 1114 533 1154 quam
565 1099 823 1154 conjesturam
853 1099 980 1139 firmat
1008 1098 1268 1140 testimonium
1294 1097 1353 1138 H.
1380 1098 1572 1152 Stephani
1598 1100 1664 1153 qui
1686 1097 1874 1154 Thesauri

132 1163 179 1204 L.
212 1160 263 1200 G.
294 1158 344 1199 T.
378 1170 410 1209 3.
441 1169 477 1209 p.
515 1168 633 1206 1275.
662 1181 689 1204 „
717 1151 852 1206 τάχει,
881 1155 1034 1208 inquit,
1064 1153 1171 1207 quod
1194 1153 1305 1206 Vulg.
1335 1153 1425 1195 Lex.
1454 1154 1618 1196 afferunt
1640 1167 1687 1195 ex
1711 1155 1872 1208 Apocal.

134 1248 163 1268 „
196 1231 232 1256 2.
260 1213 395 1254 itidem
425 1224 495 1264 pro
516 1208 682 1263 statim,
712 1212 814 1259 cito,
844 1207 1189 1250 MENDOSUM
1209 1208 1335 1257 EST,
1363 1221 1434 1248 nec
1455 1210 1559 1249 enim
1580 1209 1632 1249 ibi
1652 1206 1763 1261 τείχει
1783 1210 1872 1265 legi-
1903 1254 1907 1255 ⁷

133 1303 162 1323 „
191 1283 274 1320 tur,
302 1266 369 1309 sed
398 1262 525 1317 ταχὺ,
555 1265 735 1306 nimirum
768 1270 802 1305 Ῡ.
839 1277 872 1314 5.
900 1260 1054 1315 ’έρχομαῖ
1073 1280 1120 1302 σοι
1139 1260 1288 1315 ταχὺ”.
1342 1263 1401 1303 Ex
1422 1277 1501 1318 quo
1519 1263 1738 1305 testimonio
1758 1267 1876 1306 etiam

134 1325 380 1379 consequitur
400 1351 412 1373 ,
452 1333 598 1376 patrem
626 1319 789 1362 Henrici
818 1318 1036 1360 Robertum
1063 1318 1103 1359 in
1132 1318 1238 1360 nullo
1265 1317 1417 1359 suorum
1445 1318 1644 1360 Codicum
1671 1317 1783 1372 τάχει
1819 1335 1876 1362 re·
1937 1311 1941 1316 Χ

188 1380 282 1422 riffe.

135 1396 231 1489 pe}
261 1432 386 1489 Qiod
410 1440 566 1488 partem
585 1443 734 1473 tantum
756 1430 801 1469 V
793 1431 1034 1481 ariantium,
1063 1441 1157 1484 quas
1175 1428 1336 1471 habebat
1352 1440 1416 1471 aut
1435 1429 1574 1470 habere
1582 1440 1732 1484 poterat
1745 1429 1875 1481 ,lesti-

135 1506 259 1534 onum
291 1491 331 1531 in
363 1489 535 1529 editione
556 1487 619 1528 sua
640 1486 834 1535 exhibuit,
863 1500 943 1526 non
964 1485 1099 1539 probo.
1154 1485 1212 1525 Ex
1232 1484 1386 1525 Codice
1408 1483 1648 1538 Dionystano
1670 1485 1876 1541 Gagnejus

134 1548 344 1590 varietates·
366 1541 588 1599 quindecim
618 1540 874 1595 produxerat,
905 1540 1111 1595 Bengelius
1140 1539 1292 1580 nonnisi
1312 1538 1394 1585 sex,
1423 1539 1549 1580 nihilo
1571 1541 1726 1582 caeteris
1746 1536 1878 1582 melio-

134 1617 218 1651 res,
244 1610 292 1643 ex
323 1599 463 1640 Codice
493 1595 718 1649 Bastliensi,
747 1595 872 1650 inquit
904 1609 941 1650 p.
970 1607 1068 1645 450.
1097 1625 1123 1645 „
1153 1606 1361 1649 paucorum
1382 1594 1676 1647 tantummodo,
1704 1609 1802 1650 quae
1825 1595 1879 1637 se-

134 1690 165 1711 „
192 1659 380 1713 legeram,
409 1654 583 1694 locorum
603 1662 779 1704 excerpta
801 1651 948 1704 petenti
967 1649 1041 1704 (ne
1060 1650 1145 1704 quis
1164 1660 1388 1704 perpetuam
1405 1649 1649 1690 collationem
1670 1650 1734 1691 hic
1751 1652 1879 1705 requi-

135 1745 165 1766 „
194 1710 285 1764 rat)
326 1709 484 1751 eximias
512 1705 698 1761 quasdam
728 1705 920 1746 Matthaei
948 1705 1236 1759 primorumque
1255 1704 1383 1745 Marci
1401 1704 1586 1758 Capitum
1607 1704 1791 1746 lestiones
1810 1709 1880 1746 im.

132 1796 163 1820 „
193 1767 323 1823 pertiit
343 1763 428 1804 Cel.
455 1760 706 1815 Theologus,
736 1759 768 1800 Ι.
796 1759 847 1799 C.
875 1758 1026 1809 lselius,
1055 1759 1164 1812 plura
1190 1768 1342 1812 paratus
1365 1757 1628 1800 humanissime
1659 1761 1878 1815 impertire,

133 1851 165 1872 ,‚
193 1821 264 1863 nisi
296 1830 452 1875 egomet
479 1816 587 1872 justis
616 1815 667 1856 de
695 1813 813 1856 causi&
832 1813 1116 1863 recusaviss'em,
1145 1814 1252 1867 cujus
1271 1826 1332 1855 me
1351 1811 1550 1867 modestiae
1571 1828 1650 1856 non
1662 1816 1834 1871 poenitet
1845 1819 1880 1856 ’'.

136 1883 179 1920 &
207 1879 248 1918 in
276 1873 490 1931 prodromo
512 1871 663 1926 primo,
701 1868 866 1910 editioni
898 1868 1140 1925 quotidianis
1159 1867 1278 1922 ufibus
1299 1868 1476 1919 dicatae,
1505 1869 1658 1923 qualem
1679 1884 1744 1924 ego
1760 1882 1880 1924 paro,

127 1935 288 1991 potiora
318 1929 519 1970 duntaxat
545 1925 669 1981 adjici
689 1936 768 1980 par
797 1923 861 1977 est.
924 1925 1027 1977 Qiis
1057 1924 1098 1964 in
1129 1923 1202 1964 hac
1222 1923 1362 1978 agendi
1383 1924 1531 1965 ratione
1549 1923 1750 1973 modestiae
1774 1926 1882 1966 locus

137 1989 185 2031 fit
205 2019 217 2039 ‚
258 1999 321 2027 me
351 1997 432 2025 non
460 1981 591 2023 videre
621 1979 754 2020 fateor.
810 1978 922 2032 Qiin
951 1978 1067 2020 etiam
1096 1978 1208 2019 valde
1238 1978 1399 2028 dubito,
1429 1990 1554 2020 utrum
1573 1978 1766 2021 Colleffio
1789 1981 1882 2023 VV.

136 2043 219 2086 LL.
248 2039 380 2082 mutila
409 2035 645 2092 quotidianis
673 2034 797 2075 usibus
827 2033 871 2074 fit
900 2033 1026 2087 aptior
1056 2046 1172 2087 quam
1194 2033 1363 2087 integra;
1394 2036 1433 2073 δε
1452 2044 1578 2074 utrum
1597 2035 1752 2085 omnia,
1783 2050 1882 2089 quae

141 2097 306 2151 adjecit,
337 2092 519 2150 neglectis
548 2091 724 2145 potiora,
753 2088 884 2130 omnia
913 2102 1028 2135 vero,
1056 2101 1154 2142 quae
1173 2088 1360 2142 neglexit,
1391 2089 1595 2129 minutiora
1613 2088 1762 2131 fuerint.
1799 2091 1884 2131 Ne·

139 2167 217 2208 que
248 2150 389 2206 poterit
423 2147 522 2188 salva
553 2143 731 2198 modestia
757 2143 969 2198 postulare,
995 2155 1037 2184 ut
1059 2142 1136 2184 hoc
1158 2143 1249 2198 ipsi,
1281 2143 1486 2184 affirmanti
1507 2143 1723 2198 {impliciter
1743 2148 1782 2185 &
1802 2159 1884 2186 non

140 2205 343 2264 probanti,
371 2202 580 2244 credamus.

196 2275 234 2315 4.
263 2257 582 2314 Sapientissimam
612 2255 689 2297 Dei
713 2253 1001 2296 Providentiam
1033 2252 1170 2306 majori
1201 2267 1289 2295 cura
1307 2252 1517 2308 invigilasse
1535 2253 1774 2295 Accentibus
1801 2253 1886 2294 He-

141 2318 339 2359 bracarum
358 2315 399 2355 in
421 2311 473 2354 V.
497 2311 551 2352 T.
564 2342 577 2363 ,
604 2324 718 2366 quam
738 2309 1044 2351 distinetionibus
1063 2308 1223 2349 Graecis
1242 2309 1282 2348 in
1304 2307 1427 2349 Novo
1455 2331 1531 2339 --
1553 2308 1688 2348 credat
1700 2309 1882 2360 Judaeus

143 2371 311 2428 Apella:
345 2367 440 2410 Non
459 2381 547 2422 ego,
566 2379 655 2407 cum
674 2366 778 2407 enim
797 2363 975 2404 doctrina
1003 2363 1140 2411 Libris
1160 2364 1252 2404 novi
1265 2363 1447 2404 Foeder'is
1457 2364 1727 2417 comprehensa
1738 2365 1889 2405 univer-

145 2429 187 2469 so
217 2426 347 2482 generi
380 2424 550 2465 humano
580 2421 746 2462 salutaris
770 2452 782 2472 ,
830 2424 944 2474 atque
963 2417 1167 2473 perfeetior
1183 2418 1394 2473 meliorque
1413 2419 1479 2468 fit,
1507 2432 1623 2472 quam
1645 2420 1802 2475 Religio
1818 2419 1888 2473 ju-

146 2483 280 2532 daica,
308 2480 441 2534 utique
476 2476 676 2518 absurdum
708 2475 763 2516 est
792 2473 939 2523 dicero,
977 2473 1018 2514 id
1048 2473 1156 2528 quod
1176 2474 1320 2527 majore
1338 2488 1426 2515 cura
1445 2473 1607 2528 dignum
1629 2486 1735 2526 erat,
1761 2475 1887 2515 minus

147 2549 341 2586 curatum,
373 2532 481 2589 quod
505 2546 597 2573 vero
618 2531 758 2573 minori
777 2544 866 2571 cura
884 2530 925 2570 di
954 2542 1045 2569 num
1064 2541 1166 2578 erat,
1196 2529 1317 2582 magis
1339 2541 1509 2570 curatum
1533 2528 1650 2569 fuisse.

208 2606 242 2645 5,
274 2589 443 2642 Verfioni
476 2587 651 2627 Latinae
682 2590 722 2626 &
750 2543 1023 2625 Alexanffrino
1053 2582 1189 2622 Codici
1221 2584 1380 2624 nimium
1412 2584 1541 2625 tribuit
1571 2582 1782 2638 Bengelius
1817 2584 1887 2626 In-

150 2646 252 2689 trad.
280 2660 319 2699 p.
354 2657 447 2697 390.
477 2642 597 2684 Alex.
629 2641 754 2695 inquit
782 2671 810 2690 „
838 2639 1000 2680 Codicis
1021 2642 1058 2678 &
1082 2638 1240 2679 Latinae
1263 2637 1459 2679 Verfionis
1482 2638 1654 2679 Collatio
1679 2653 1792 2679 unam
1805 2639 1888 2679 bre-

149 2731 179 2755 „
208 2701 419 2749 viffimam,
448 2697 665 2738 facillimam
692 2694 898 2737 decidendi
926 2695 1114 2735 rationem
1144 2695 1282 2748 partim
1306 2707 1374 2747 per
1395 2693 1430 2734 se
1449 2694 1649 2743 ministrat,
1681 2695 1819 2747 partim
1839 2694 1889 2733 ad

152 2790 182 2810 „
212 2770 298 2799 eam
326 2753 492 2794 deducit.
521 2775 587 2784 --·-
617 2750 898 2793 Alexandrinus
930 2750 1042 2804 igitur
1073 2749 1213 2790 Codex
1237 2748 1449 2789 &Latinus
1469 2748 1673 2801 interpres,
1703 2762 1770 2801 par
1790 2749 1887 2789 bene

155 2845 187 2865 „
213 2808 490 2865 compositum,
519 2830 582 2838 ----
610 2806 712 2846 nulla
738 2803 1004 2847 commodiore
1029 2805 1199 2850 ratione,
1230 2817 1345 2858 quam
1375 2817 1421 2844 ex
1440 2802 1602 2843 Codicis
1622 2803 1728 2843 Alex.
1760 2806 1798 2842 &
1817 2803 1893 2843 La-

153 2897 182 2920 „
210 2868 282 2910 tini
316 2866 529 2917 interpretis
558 2861 744 2902 conflistu
771 2873 928 2909 mutue,
957 2882 1022 2890 ---
1049 2859 1134 2899 elici
1168 2858 1293 2912 potest
1314 2892 1325 2909 ,
1353 2871 1451 2911 quae
1468 2859 1680 2912 quaeritur,
1709 2872 1890 2911 germana
1954 2906 1956 2908 v

156 2955 184 2976 „
211 2922 338 2963 leftio.
366 2932 402 2972 p.
437 2932 454 2971 3
462 2930 529 2967 94.
558 2929 599 2957 ut
625 2916 849 2969 plurimum,
869 2929 957 2956 cum
989 2915 1154 2969 genuina
1172 2914 1336 2955 lectione
1358 2913 1526 2962 Graeca,
1558 2913 1695 2952 Latina
1715 2913 1891 2967 congruit

157 3010 184 3031 ‚‚
213 2977 338 3017 ieffio.
378 2987 415 3027 p.
445 2985 539 3022 400.
571 2970 788 3011 Consensus
821 2970 892 3010 Al.
923 2973 963 3009 &
995 2969 1093 3010 Lat.
1122 2969 1176 3009 est
1203 2980 1426 3023 perpetuum
1460 2968 1633 3008 lestionis
1661 2968 1777 3023 longe
1796 2969 1893 3008 anti-

161 3064 188 3085 „
220 3029 415 3087 quislimae
438 3027 633 3075 indicium.
664 3049 730 3056 --—-
757 3025 890 3065 Lestio
920 3025 980 3064 illa
1007 3025 1163 3078 antiqua
1182 3046 1246 3055 ---
1274 3035 1315 3064 ut
1335 3023 1537 3076 plurimum
1558 3024 1722 3077 genuina
1743 3023 1890 3072 est,.&

159 3096 186 3141 3,
216 3085 369 3141 pondus
389 3083 501 3123 habet
520 3080 826 3133 incomparabile.
884 3080 933 3118 Et
955 3079 1125 3132 Defens.
1155 3092 1192 3132 p.
1220 3083 1287 3126 46.
1316 3078 1401 3118 Ubi
1421 3077 1560 3117 Codex
1581 3078 1688 3118 Alex.
1716 3091 1799 3117 cum
1811 3091 1894 3117 ver-

162 3176 188 3196 „
218 3140 382 3183 sionibus
427 3161 474 3168 ---
503 3151 547 3176 ac
576 3136 776 3189 praecipue
807 3148 894 3174 cum
923 3134 1060 3173 Latina
1082 3133 1280 3187 congruit,
1310 3133 1425 3186 pluris
1444 3133 1497 3172 est
1519 3146 1633 3185 quam
1656 3133 1713 3172 vel
1735 3133 1890 3185 triginta

162 3230 189 3251 „
218 3197 372 3241 codices
394 3193 534 3237 Graeci
554 3191 715 3248 gregarii
726 3193 759 3233 ''.
816 3189 857 3233 Si
877 3189 981 3231 enim
1000 3200 1089 3232 vera
1105 3188 1189 3231 sunt
1202 3218 1214 3240 ,
1242 3202 1339 3242 quae
1358 3187 1467 3242 supra
1484 3187 1758 3243 disputavimus
1771 3218 1783 3238 ,
1796 3188 1891 3229 Ver-

1842 3241 1897 3282 sio
