1976 3519
418 221 1426 268 ‘PRO‘LEGOMENAr
1720 238 1798 279 177

74 309 192 350 dubio
223 308 352 348 omnia
383 307 539 350 defendi
569 308 745 362 possunt,
775 308 802 348 fi
833 308 917 362 quis
948 308 1102 347 fibihoc
1120 320 1208 348 ante
1227 311 1358 350 omnia
1376 314 1793 368 proposuerit,&nihil

73 379 150 404 non
170 375 361 417 utcunque
380 363 662 404 defendendum
686 375 792 417 putet
805 385 813 408 ς
844 374 882 402 at
903 362 1018 415 longe
1037 363 1143 402 aliter
1161 363 1361 416 judicasset
1381 367 1432 408 V.
1462 369 1544 415 CL,
1575 370 1600 411 si
1622 371 1794 422 scivisset,

72 433 184 472 quarn
218 432 349 471 parum
379 419 544 459 editores
574 419 750 458 hodierni
780 418 927 457 Textus
955 418 1048 456 olim
1077 417 1125 456 ad
1155 418 1253 458 istud
1283 433 1380 473 opus
1410 425 1529 475 parati
1547 427 1793 483 instrustique

71 473 305 522 accesserint,
337 477 376 512 ὃ(
409 485 590 526 quantum
622 472 686 512 fibi
707 485 847 513 temere
869 472 1079 513 autoritatis
1100 472 1318 523 sumserint3
1346 478 1453 529 quod
1475 493 1568 530 nos,
1598 483 1640 522 ni
1660 484 1790 533 fallor,

67 528 146 581 jam
168 528 206 566 in
228 527 420 567 clarissima
439 528 520 566 luce
539 527 817 566 collocavimus.

125 582 278 622 Accidit
297 593 421 621 autem
444 581 660 635 Whitby0‚
690 581 796 635 quod
819 581 1004 636 plerisque
1026 581 1143 629 solet,
1173 595 1214 624 ut
1232 583 1368 626 ardore
1381 585 1649 641 disputationis
1659 595 1792 649 abrep-

70 647 129 676 tus
151 638 230 677 veri
250 637 384 676 limites
398 635 512 689 paulo
533 635 682 689 longius
705 635 922 677 excederet:
949 636 1040 676 dum
1059 638 1209 691 integro
1230 639 1327 679 libro
1349 642 1475 694 primo
1495 646 1654 697 probare
1675 664 1790 692 cona·

71 703 152 740 tur,
183 705 305 744 neque
335 704 381 729 ex
415 690 562 743 scriptis
595 691 743 731 Parrum
759 722 769 741 ‚
810 705 934 745 neque
953 705 995 730 ex
1018 692 1230 734 Codicibus
1251 695 1409 736 Graecis
1427 712 1447 736 a
1469 699 1614 740 Latinis
1633 703 1790 748 librariis

69 747 247 794 exaratis,
277 758 400 798 neque
430 759 475 785 ex
506 744 752 786 Versionibus
779 757 885 785 certo
905 746 1032 840 colligi
1054 747 1180 799 posse,
1211 749 1305 802 quid
1326 750 1384 790 vel
1404 752 1496 793 olim
1516 755 1554 794 in
1576 756 1790 803 Codicibus

70 814 156 840 vere
176 800 331 839 Graecis
348 799 485 839 lcitum
506 798 636 849 fuerit,
666 800 725 840 vel
745 814 846 841 nunc
870 801 978 855 legen
1013 816 1075 840 um
1099 802 1166 843 sit?
1198 804 1304 844 Nam
1331 818 1363 844 1.
1390 820 1611 861 argumenta
1635 814 1681 853 ab
1703 817 1787 870 ipso

68 854 175 894 allata
207 865 270 894 aut
302 853 395 893 nihil
415 854 577 894 omnino
599 866 662 895 aut
681 855 840 896 nimium
862 867 963 896 certe
984 857 1168 909 probant,
1198 859 1376 900 nimirum
1400 861 1517 904 hodie
1537 879 1609 906 nos
1631 868 1681 909 de
1699 886 1787 913 vera

66 908 248 949 Lestione
277 909 438 948 omnino
465 921 588 949 certos
609 909 682 950 esse
703 923 781 950 non
803 910 918 963 posle.
971 911 1085 951 Nihil
1104 914 1205 953 enim
1229 913 1373 955 facilius
1393 916 1469 968 est,
1501 934 1615 973 quam
1644 925 1784 969 eodem

65 962 354 1016 argumentandi
386 963 505 1004 modo
525 994 536 1012 ‚
577 978 655 1018 quo
686 965 764 1018 ipse
792 966 1033 1006 autoritatem
1066 967 1244 1013 patrum,
1275 970 1503 1013 Versionum
1527 978 1565 1014 &
1588 977 1785 1023 Codicum

66 1017 371 1058 Occidentalium
392 1019 595 1067 convellit,
624 1019 738 1059 etiam
756 1019 874 1073 ipsam
897 1020 1089 1061 Codicum
1114 1036 1134 1061 a
1156 1023 1315 1064 Graecis
1328 1025 1549 1079 scriptorum
1564 1030 1676 1073 fidem
1692 1051 1785 1077 con.

63 1072 219 1117 vellere,
249 1076 286 1112 &
307 1073 407 1112 varia
430 1074 602 1126 graviora
621 1086 752 1114 contra
774 1074 940 1128 ipsorum
972 1077 1231 1118 testimonium
1255 1077 1498 1123 dissentiendi
1521 1085 1645 1128 studio
1663 1089 1782 1146 finge-

66 1141 104 1167 re
133 1126 256 1167 dubia.
311 1127 385 1167 Sed
414 1128 507 1181 quid
529 1129 604 1168 hoc
627 1128 783 1169 tandem
804 1130 905 1169 aliud
925 1130 979 1170 est
1000 1145 1044 1170 ac
1063 1145 1206 1172 merum
1230 1133 1542 1186 Pyrrhonismum
1565 1142 1783 1187 introduce·

65 1196 127 1226 re,
155 1182 194 1221 id
223 1181 328 1235 quod
355 1182 512 1223 minime
537 1184 711 1224 omnium
730 1184 778 1225 V.
808 1185 869 1224 Cl.
902 1185 1144 1226 intenderat?
1176 1188 1326 1236 Quibus
1348 1203 1505 1244 propter
1521 1196 1648 1238 nodos
1667 1214 1782 1253 quos-

63 1236 152 1275 dam
182 1248 293 1290 atque
322 1235 580 1288 difficultates,
613 1251 766 1280 naturae
800 1240 933 1280 harum
953 1254 1076 1281 rerum
1097 1241 1366 1295 adhaerentes,
1395 1248 1570 1300 protinus
1589 1256 1718 1295 omnia
1740 1258 1781 1298 in

63 1289 218 1331 dubium
237 1305 371 1332 vocare
392 1292 534 1346 placet,
566 1294 738 1335 laborant

318 1347 413 1386 Cum
435 1357 597 1388 ventum
620 1348 674 1388 ad
692 1362 829 1389 verum
846 1350 916 1403 ξίίτ
945 1354 1073 1403 fi’nfits
1094 1367 1289 1410 moresque
1307 1366 1533 1411 repugnant,

67 1411 100 1440 2.
130 1399 385 1441 Assertionem
413 1402 495 1442 libri
526 1404 639 1457 primi
670 1418 749 1445 non
775 1406 826 1446 ita
849 1407 975 1461 rigido
996 1407 1098 1448 sensu
1121 1408 1367 1461 sumendam,
1397 1413 1459 1454 sed
1483 1415 1646 1470 benigna
1667 1420 1781 1464 inter-

62 1456 273 1509 pretatione
301 1457 547 1498 molliendam
577 1459 652 1500 esse
681 1460 759 1514 ipse
781 1463 906 1502 Autor
926 1462 1061 1511 docet,
1093 1478 1179 1504 cum
1198 1465 1238 1504 in
1261 1466 1518 1519 praefatione,
1549 1473 1634 1523 ubi,
1665 1477 1704 1516 in
1725 1493 1780 1520 re.

61 1510 156 1564 gulis
183 1512 386 1564 genuinam
417 1512 639 1554 Leffionem
671 1516 950 1568 cognoscendi,
979 1518 1239 1559 testimonium
1274 1522 1448 1569 patrum,
1490 1525 1719 1572 Verfionum
1741 1538 1779 1575 &

62 1565 301 1606 Scholiorum
330 1568 529 1621 praecipue
559 1569 680 1610 valere
710 1573 958 1623 pronunciat:
988 1583 1066 1612 tum
1088 1574 1124 1612 in
1149 1586 1234 1615 toto
1255 1575 1352 1616 libro
1370 1577 1556 1631 secundo,
1589 1584 1651 1624 ubi
1672 1600 1783 1628 auto-

59 1620 168 1660 ritate
197 1621 348 1661 Patrum
380 1622 614 1663 Graecorum
644 1625 966 1680 Latinorumque,
995 1630 1034 1667 &
1068 1627 1317 1680 versionum,
1358 1633 1587 1677 hodiernum
1611 1639 1779 1685 Texmm

61 1687 196 1714 contra
218 1676 384 1716 Millium
406 1688 548 1725 tuetur3
577 1692 771 1732 nunquam
794 1681 879 1721 sane
896 1692 972 1721 tarn
991 1682 1192 1723 molestum
1214 1685 1378 1725 laborem
1405 1687 1657 1744 suscepturus,
1688 1697 1713 1736 fi
1727 1697 1779 1738 se-

62 1730 120 1769 rio
140 1729 377 1779 credidisset,
411 1731 503 1770 nihil
525 1736 625 1772 certi
642 1747 688 1773 ex
710 1734 786 1774 istis
805 1734 972 1775 fontibus
993 1735 1130 1776 hauriri
1154 1738 1267 1789 posse.
1326 1740 1414 1780 Nisi
1438 1745 1522 1796 quis
1543 1745 1789 1798 dicat‚testi-·

61 1786 234 1823 monium
254 1785 406 1825 Patrum
430 1786 732 1842 Versionumque
747 1788 869 1830 valere
889 1790 1045 1844 quidem
1068 1804 1138 1844 pro
1159 1793 1287 1832 Textu
1298 1793 1651 1851 Typographorum
1665 1835 1675 1853 ‚
1688 1820 1778 1846 con.

61 1850 119 1878 tra
145 1838 309 1879 eundem
330 1854 421 1880 vero
440 1840 513 1880 esse
530 1841 720 1883 infirmum
738 1856 853 1897 atque
871 1844 1104 1893 invalidum;
1136 1847 1242 1900 quod
1266 1852 1410 1890 nemini
1430 1853 1499 1894 nisi
1521 1859 1791 1916 praeconcep?

61 1894 108 1933 tis
126 1894 370 1947 opinionibus
389 1907 596 1935 occoecato
616 1897 654 1935 in
676 1910 842 1938 mentem
864 1900 992 1940 venire
1012 1900 1147 1952 potest.

119 1960 179 1997 14,
209 1951 275 1990 ΑΟ,
309 1961 426 2001 1711.
455 1950 546 1990 exiit
569 1951 861 1992 Amstelaedami
882 1966 928 1994 ex
950 1954 1120 1997 Officina
1143 1956 1409 2000 Wetsteniana
1431 1961 1486 2002 N.
1516 1962 1564 2004 T.
1580 1996 1591 2016 ,
1614 1981 1656 2007 ex
1669 1969 1777 2012 Oxo·

58 2002 176 2042 niensi
207 2003 314 2057 supra
342 2017 379 2044 n.
410 2017 444 2055 7.
472 2004 661 2058 descripto
688 2007 907 2061 expressum.
963 2008 1208 2051 Acceslerunt
1228 2014 1268 2051 in
1291 2013 1363 2053 hac
1385 2016 1567 2060 Editione
1587 2051 1598 2070 ,
1630 2036 1778 2076 praeter

58 2056 229 2097 locorum
258 2058 518 2113 parallelorum
545 2061 755 2102 uberiorem
797 2065 946 2117 copiam
968 2094 979 2114 ‚
1021 2064 1069 2107 V.
1101 2065 1145 2105 L.
1175 2079 1220 2105 ex
1248 2068 1399 2110 Codice
1431 2072 1619 2116 Caesareo
1656 2093 1677 2118 a
1725 2082 1774 2123 D.

60 2113 220 2166 Georgia
248 2127 272 2152 a
306 2113 519 2166 Mqstricht
540 2114 710 2171 Syndico
735 2118 920 2169 Bremensi
942 2132 1164 2173 excerptae,
1193 2124 1232 2160 &
1255 2124 1439 2165 Canones
1453 2128 1608 2180 Cririci,
1641 2135 1776 2187 quibus

58 2165 220 2220 singulae
242 2167 442 2209 Variantes
457 2184 661 2224 earumque
680 2171 785 2211 valor
802 2185 866 2213 aut
886 2175 998 2227 origo
1020 2176 1263 2217 examinatur.
1316 2180 1397 2232 Qui
1420 2182 1625 2236 Canones,
1656 2203 1776 2243 quan..

58 2232 138 2261 tum
166 2236 212 2262 ex
241 2224 305 2264 usu
326 2238 456 2264 eorum
475 2225 521 2264 ab
541 2238 672 2266 autore
692 2227 864 2268 indicato
884 2229 1030 2269 constat
1044 2261 1054 2279 ,
1083 2230 1120 2269 in
1143 2244 1228 2271 eum
1251 2232 1364 2273 finem
1393 2234 1482 2276 facti
1503 2239 1702 2290 videntur,
1733 2258 1776 2287 ut

58 2275 191 2317 Lestio
218 2277 365 2319 Textus
393 2279 569 2320 hodierni
601 2281 740 2335 ubique
771 2283 941 2323 locorum
964 2283 1249 2326 defenderetur:
1279 2289 1385 2342 quod
1411 2291 1434 2330 si
1458 2307 1549 2334 vero
1569 2297 1668 2338 reste
1688 2302 1774 2354 quis

58 2332 213 2372 eosdem
242 2332 421 2374 adhibere
451 2335 581 2385 novit,
604 2350 740 2389 ¹revera
761 2339 861 2394 typis
879 2340 1069 2394 vulgatam
1099 2340 1316 2384 Editionem
1340 2343 1634 2402 frequentissime
1649 2355 1775 2397 redar-

58 2400 170 2440 guere
191 2399 304 2441 atque
326 2387 505 2429 damnare
525 2390 721 2445 intelliget.

112 2441 248 2496 Longe
279 2457 369 2484 vero
397 2444 496 2485 aliud
527 2447 629 2498 prius
659 2447 872 2488 intenderat
891 2449 1123 2493 doffiffimus
1145 2453 1282 2494 Editor
1299 2454 1498 2498 Henricus
1519 2459 1748 2511 IVetsfenius

58 2496 163 2549 quod
183 2497 222 2536 in
244 2497 478 2550 praefatione
500 2500 550 2540 ad
570 2501 769 2542 Lestorem
790 2505 842 2543 ita
862 2507 1041 2558 exponit:
1072 2535 1097 2557 ,‚
1127 2509 1260 2561 Quum
1283 2512 1579 2562 praestantiffimi
1596 2509 1637 2558 in
1654 2499 1770 2563 N.Tf

60 2576 84 2600 „
111 2552 236 2604 operis
257 2553 421 2594 Milliani
443 2555 605 2608 primurn
632 2556 726 2596 mihi
748 2556 845 2598 faeta
866 2560 956 2600 esset
975 2563 1109 2615 copia,
1139 2565 1204 2617 qui
1226 2576 1316 2604 tunc
1333 2566 1382 2606 de
1403 2570 1622 2612 recudendo
1644 2574 1681 2613 in
1695 2576 1771 2616 for-

57 2631 83 2654 ,»
113 2620 173 2646 ma
204 2609 342 2648 minori
371 2609 509 2649 eodem
540 2609 651 2650 Novi
684 2611 866 2653 Foederis
888 2615 1004 2665 libro,
1035 2630 1159 2671 eoque
1181 2618 1274 2658 locis
1297 2621 1480 2673 parallelis
1500 2629 1538 2665 &
1563 2625 1612 2666 V.
1641 2630 1683 2670 L.
1716 2633 1771 2671 ir.-

56 2686 81 2706 „
113 2661 250 2702 strusto
263 2694 273 2712 ‚
288 2664 523 2719 cogitabam,
551 2665 696 2706 inceffit
716 2668 884 2709 animum
903 2670 1095 2721 ardor,ex
1114 2685 1190 2713 tam
1212 2675 1370 2727 operosa
1391 2678 1617 2723 collectione
1621 2695 1770 2736 praeci·-

55 2745 81 2765 ‚,
106 2726 204 2768 puas
224 2718 425 2770 seligendi,
449 2732 489 2760 ut
517 2720 610 2760 moli
632 2721 874 2764 consulerem.
906 2725 1050 2766 Verum
1071 2741 1188 2781 quum
1210 2729 1297 2768 huic
1315 2730 1476 2772 delestui
1499 2736 1730 2780 instituendo
1744 2742 1769 2782 {i

58 2767 83 2818 ‚'‚
113 2771 168 2810 vel
182 2784 248 2824 par
260 2772 370 2813 essem
384 2805 394 2823 ,
409 2786 557 2827 tempus
570 2776 663 2815 mihi
675 2776 890 2818 defuturum
903 2780 1067 2820 viderem
1081 2812 1091 2831 ,
1105 2782 1201 2822 inter
1212 2784 1349 2824 dostos
1361 2788 1525 2839 quaesivi
1539 2790 1667 2832 frustra
1679 2828 1689 2843 ‚
1702 2797 1769 2849 qui

58 2849 84 2872 „
112 2838 262 2866 manum
284 2830 391 2878 operi
413 2829 619 2870 admovere
639 2831 872 2882 vellet,licet
885 2834 986 2874 haud
998 2836 1391 2890 obscureindicarem,
1404 2842 1520 2884 labori
1533 2848 1694 2898 pretium
1707 2864 1768 2891 me

60 2903 86 2926 „
115 2881 341 2939 constituisse
361 2884 517 2925 minime
539 2885 803 2926 modicum.--·
833 2888 930 2928 Illud
955 2891 1079 2930 mirari
1100 2891 1185 2932 satis
1203 2907 1375 2947 nequeo,
1405 2896 1502 2938 inter
1512 2911 1569 2940 tot
1580 2904 1783 2957 myriades

58 2961 84 2981 ‚,
117 2935 347 2976 Variantium
368 2950 425 2977 tot
445 2941 630 2980 numerari
653 2955 792 2996 nugas,
825 2943 1068 2998 stribligines‚
1096 2947 1366 3002 exscriptorum
1386 2950 1593 3003 sphalmata
1611 2971 1689 2997 non
1713 2959 1772 2999 so-

58 3012 84 3035 ,,
115 2986 190 3025 lum
218 2991 530 3043 manifestiffima,
559 2994 623 3035 sed
655 2999 693 3035 &
716 2998 934 3050 portentosa
957 3030 968 3049 ‚
1007 3001 1087 3041 imo
1117 3006 1155 3041 &
1175 3029 1186 3048 ‚
1228 3004 1334 3057 quod
1368 3005 1520 3059 stupeo,
1559 3011 1769 3055 craffiffima

59 3070 88 3090 „
115 3040 253 3080 menda
274 3049 565 3101 typographica:
596 3050 647 3089 ita
667 3052 902 3105 ut‚explofis
917 3056 1094 3096 omnibus
1115 3057 1191 3098 istis
1211 3059 1399 3100 titivilitiis
1418 3074 1531 3116 atque
1542 3065 1677 3116 paleis,
1699 3082 1769 3107 nec

59 3124 85 3144 ‚,
114 3096 314 3137 centesima
345 3114 516 3156 quaeque
542 3103 696 3156 superfit
727 3106 841 3147 leffio
859 3107 1030 3158 alicujus
1051 3115 1235 3152 momenti
1244 3115 1278 3153 ’'.
1331 3114 1421 3155 Nos
1441 3117 1554 3170 igitur
1573 3120 1768 3160 consilium

58 3151 108 3190 τέ
134 3150 323 3205 μοικαςῖτκ
350 3156 533 3209 amplexi,
564 3161 603 3198 ὃ(
636 3161 742 3213 quod
771 3162 840 3216 ipsi
870 3162 1055 3217 superstiti
1080 3165 1227 3208 dudum
1247 3169 1556 3222 promiseramus,
1580 3173 1659 3225 jam
1681 3188 1769 3216 ante

874 3215 911 3258 Z
1699 3227 1771 3273 hos
