1976 3519
459 221 1454 266 PROLEGOMENA.
1766 239 1818 279 39

77 307 211 362 ipsius,
241 307 348 361 cujus
368 310 491 363 capita
514 309 583 363 aJ.
608 309 654 348 A.
674 308 851 348 Fabricio
875 307 975 360 Cap.
1006 308 1055 349 V.
1085 307 1169 348 Lib.
1200 306 1251 348 V.
1282 308 1545 349 Bibliothecae
1560 308 1737 350 Graecae
1768 324 1815 350 ex

78 363 316 404 Bibliotheca
332 360 638 404 Uffenbachiana
660 363 764 403 edita
783 363 889 412 sunt,
917 364 968 403 ibi
990 364 1092 404 enim
1107 394 1117 412 ,
1131 362 1332 417 postquam
1352 362 1443 403 festa
1462 365 1617 417 antiqua
1634 368 1673 403 &
1693 364 1814 405 solen-

78 419 139 458 nia
157 417 253 458 libro
275 420 401 472 primo
420 430 589 459 enarrata
610 416 780 468 fuissent,
810 418 905 458 libro
934 418 1089 458 demum
1121 418 1288 458 secundo
1319 418 1444 457 alieno
1466 417 1553 457 loco
1574 431 1728 459 notatur
1747 419 1812 459 ὅσα.

74 471 124 512 δεῖ
141 470 461 524 παραφυλάττειν,
490 471 531 514 ὣς
550 472 648 512 τανῦν
670 471 890 512 ἐπιτελεῖται
913 471 928 515 ἦ
952 473 1012 512 τοῦ
1033 471 1134 521 &yson
1157 469 1218 512 ml
1245 469 1410 521 μεγάλου
1430 472 1661 515 Κωντῖοιντῖνου
1689 472 1813 517 {riam

75 523 206 577 μνῆμη,
236 530 296 568 cui
311 529 500 581 jungitur,
529 527 593 566 ὅσα.
613 526 666 566 δεῖ
680 526 984 580 πειςοιφυλοίττειν
1005 528 1050 578 T}
1074 527 1168 580 ἑοςτῆ
1188 526 1255 567 τῶν
1277 524 1384 576 ἁγίων
1403 524 1557 568 πάντων.
1615 529 1740 581 QJod
1762 530 1812 570 ad

76 582 406 639 Ortliographiam
437 584 572 623 attinet
601 582 804 622 confundit
836 582 1132 637 frequentiffime
1163 599 1175 621 ε
1206 587 1246 622 &
1275 599 1321 622 ou.
1353 583 1444 622 item
1472 598 1517 627 ει,
1548 599 1579 632 ι,
1607 599 1635 628 η.
1665 600 1689 621 ω
1718 589 1755 623 &
1785 603 1811 626 ο.
1848 606 1854 609 ⁷

75 654 100 676 ω
131 641 167 676 &
197 655 223 678 υ.
253 633 438 691 κλαθμός,
453 637 578 678 scribit
602 652 673 691 pro
703 635 927 684 κλαυὲμόςς
959 638 1087 691 itaque
1115 637 1275 691 pedibus
1307 636 1484 678 concedo
1514 639 1554 676 in
1587 637 1811 679 sententiam

68 692 108 745 J.
138 694 187 732 R.
207 693 265 733 W
267 693 435 737 etstenii,
464 692 570 745 cujus
588 692 778 746 ejusmodi
798 692 847 732 de
869 693 945 732 hoc
966 692 1119 733 Codice
1136 693 1321 745 judicium
1343 693 1397 733 est
1418 691 1468 732 de
1486 692 1528 732 L.
1551 692 1620 733 Gr.
1640 707 1811 746 pronun-

74 748 158 787 ciat.
189 761 225 800 p.
262 759 351 794 170.
381 778 404 797 „
435 747 587 802 Insigne
612 746 774 801 σφάλμα
802 747 893 801 (Jo.
925 747 1018 788 XX.
1053 746 1143 799 26.)
1175 748 1213 787 in
1246 761 1343 787 voce
1370 744 1624 794 καικλησμένων
1652 762 1724 801 pro
1755 766 1812 789 κε·

75 828 99 852 ‚,
127 798 321 848 κλεισμένων
339 803 523 856 occurrit,
553 803 650 856 quae
668 802 897 856 turpissimae
921 803 1235 842 hallucinationes
1255 802 1351 842 mihi
1373 801 1622 854 persuadent,
1653 803 1811 857 scripto-

74 887 100 908 „
131 857 161 909 ri
179 856 409 911 ignariflimo
431 861 469 896 &
489 857 543 897 nil
566 858 634 897 nisi
657 857 781 898 literas
801 857 965 898 formare
984 858 1128 898 edocto
1152 870 1296 898 textum
1318 857 1504 898 dietamm
1525 857 1652 906 fuisse;
1682 860 1811 913 itaque

74 937 100 958 ,‚
129 909 265 951 sonum
285 925 452 962 tantum,
484 926 562 952 non
587 912 919 967 Orthographiam
947 912 1208 953 attendentem
1236 925 1315 952 tam
1333 912 1442 965 saepe
1464 915 1505 961 ὃ(
1527 913 1685 954 ridicule
1705 915 1814 954 aber·

74 996 99 1017 „
128 966 220 1006 rasse
238 968 270 1007 ”.
326 968 442 1007 Hanc
475 968 700 1021 imperitiam
731 968 869 1007 librarii
897 968 1018 1008 etiam'
1047 967 1238 1018 ostendit,
1268 968 1375 1021 quod
1398 967 1491 1007 locis
1522 967 1663 1010 Matth.
1693 969 1807 1010 XVI.

77 1035 113 1060 2.
145 1035 178 1075 3.
208 1022 296 1062 Luc.
326 1022 460 1062 XXII.
490 1036 555 1075 43.
585 1034 653 1073 44.
679 1022 743 1076 Jo.
773 1022 883 1063 VIII.
920 1035 1075 1061 1----11.
1103 1023 1197 1062 olim
1227 1022 1406 1075 suspeffls
1423 1053 1435 1072 ,
1463 1022 1585 1063 minio
1616 1024 1812 1067 asteriscos

72 1075 306 1130 praeposuit,
336 1077 498 1117 asterisci
514 1077 661 1133 signum
682 1092 768 1118 cum
788 1077 901 1118 obelo
923 1076 1120 1118 manifeste
1141 1076 1393 1117 confundens.
1542 1100 1545 1103 ᾗ

88 1165 91 1169 .
126 1131 188 1172 De
209 1146 256 1171 eo
272 1132 309 1185 J.
339 1131 498 1172 M'llzus
521 1133 615 1186 prol.
649 1146 663 1171 1
679 1145 738 1184 17.
769 1163 794 1182 „
817 1132 947 1182 Istius,
977 1133 1126 1186 inquit,
1157 1132 1319 1173 Codicis
1340 1132 1543 1173 Leffiones
1564 1133 1625 1173 Cl.
1643 1133 1811 1187 Joannis

73 1215 108 1240 „y
129 1186 302 1227 Battierii
331 1187 562 1227 Graecarum
593 1187 783 1228 literarum
807 1189 846 1227 in
878 1186 1020 1241 inclyta
1053 1188 1145 1228 urbe
1176 1187 1343 1227 Bafileae
1374 1186 1593 1241 professoris
1623 1189 1811 1230 beneficio

72 1271 99 1291 „
124 1241 202 1294 jam
223 1239 313 1282 ante'
331 1238 452 1282 annos
473 1243 762 1296 quatuordecim
784 1243 916 1284 nastus
935 1242 1015 1282 sum
1025 1245 1070 1290 ”3
1100 1242 1208 1296 quod
1230 1243 1366 1296 repetit
1378 1242 1477 1282 Prol.
1514 1256 1656 1293 1507.;
1685 1245 1746 1285 ubi
1768 1247 1808 1285 in

73 1297 229 1341 nomine
240 1297 394 1350 quidem
406 1298 614 1338 aberratum
629 1297 735 1338 fuisse
756 1298 878 1338 statim
901 1298 1001 1346 vidi,
1015 1312 1179 1352 cumque
1201 1297 1384 1350 Joannes
1394 1296 1572 1349 Jacobus
1584 1298 1814 1340 Battierius-

74 1350 278 1405 specimine
308 1353 373 1392 ΑΟ.
403 1354 516 1405 1687.
546 1350 654 1394 edito
670 1354 791 1393 varias
809 1366 855 1393 ex
876 1353 952 1393 hoc
978 1353 1130 1393 Codice
1152 1353 1355 1393 Lestiones
1376 1353 1519 1406 primus
1540 1353 1813 1408 proposuisset,

73 1407 204 1459 putavi
224 1404 387 1447 alterum
401 1409 481 1462 ejus
502 1423 644 1448 nomeu
665 1424 686 1448 a
700 1408 829 1449 Millio
848 1407 956 1449 fuisse
974 1408 1174 1455 omiss'um3
1206 1407 1337 1461 postea
1350 1422 1441 1448 vero
1463 1421 1578 1462 quam
1600 1409 1814 1451 didicissem

74 1459 177 1516 hunc
205 1462 378 1502 codicem·
400 1478 421 1502 a
444 1463 617 1503 Samuele
635 1462 865 1514 BattieriO,
894 1464 934 1503 in
955 1463 1089 1503 eadem
1114 1463 1323 1503 Academia
1347 1463 1519 1503 Graecae
1539 1464 1689 1518 linguae
1719 1465 1815 1506 Pro·

75 1512 229 1566 sessore,
260 1518 343 1557 viro
363 1517 581 1568 mihi,dum
604 1519 765 1567 viveret,
785 1519 1008 1559 amicissimo
1029 1518 1208 1558 collatum
1232 1522 1270 1557 ὃ(
1293 1533 1380 1558 cum
1403 1518 1534 1558 Millio
1555 1521 1814 1561 communica·

73 1575 155 1612 tum
181 1571 306 1622 fuisse,
337 1587 504 1614 errorem
535 1586 616 1614 tum
640 1573 756 1614 Millii
778 1586 860 1615 tum
885 1588 1036 1624 meum,
1067 1573 1314 1628 quantumvis
1335 1573 1484 1623 levem,
1514 1588 1596 1614 non
1626 1577 1816 1631 corrigere

73 1627 206 1680 religio
226 1628 319 1667 mihi
341 1630 405 1676 est.

126 1682 255 1736 Pergit
275 1678 441 1736 Millius:
471 1714 496 1735 „
528 1683 725 1724 Erasmus
756 1685 795 1724 in
819 1683 1039 1738 Evangeliis
1061 1683 1137 1724 hoc
1166 1697 1285 1724 unum
1321 1682 1399 1724 fere
1427 1682 1573 1725 secutus
1605 1685 1659 1726 est
1687 1700 1816 1726 exem-

72 1767 98 1791 „
120 1738 221 1789 ,plar.
258 1760 335 1767 -----
375 1739 430 1777 Ex
450 1756 453 1759 ·
470 1739 697 1778 leffionibus
735 1739 966 1781 variantibus
1007 1739 1164 1791 aliisque
1202 1738 1429 1790 quibusdam
1471 1739 1624 1780 indiciis
1662 1741 1815 1781 SATIS

71 1819 98 1842 ,‚
130 1791 330 1832 CERTO
356 1793 549 1846 comperi,
579 1791 798 1847 ipsissimum
817 1792 910 1832 illud
929 1791 1120 1846 exemplar
1140 1791 1247 1833 fuisse
1275 1814 1338 1822 ----
1367 1793 1487 1833 Hunc
1510 1794 1685 1845 expreffit
1705 1795 1814 1836 Erasss

72 1877 98 1897 „
130 1861 211 1886 mus
226 1848 264 1886 in
286 1847 454 1900 plurimis
466 1850 487 1864 '³
509 1851 580 1887 &c.
611 1851 682 1889 &c.
739 1851 882 1888 Verum
904 1846 1062 1901 quidem
1083 1847 1135 1888 est
1150 1873 1161 1892 ,
1192 1845 1385 1886 Codicem
1407 1847 1521 1887 alium
1544 1849 1810 1906 Basiliensem,

72 1896 139 1955 qui
161 1902 269 1941 nobis
302 1901 420 1951 2.cst,
450 1914 645 1956 quemque·
662 1901 838 1942 Erasmus
858 1902 898 1942 in
921 1901 986 1941 sua
1005 1901 1177 1941 editione
1196 1899 1558 1953 expreffit,easdem
1584 1903 1662 1943 fere
1683 1905 1815 1946 1εᾶἰο-

71 1971 141 2004 nes
161 1957 316 2006 habere,
346 1971 445 2011 quas,
459 1957 572 1997 habet
590 1955 689 2009 isde
711 1971 790 2012 quo
809 1952 975 2012 a'gimus5
989 1954 1080 1998 inde
1103 1967 1230 1995 tamen
1251 1955 1409 1996 minime
1428 1957 1693 2012 consequitur,
1712 1960 1816 2001 hunc

72 2011 263 2066 Codicem
294 2013 337 2053 E.
365 2012 412 2065 ab
445 2013 603 2066 sir-asmo
631 2011 690 2052 vel
710 2010 932 2053 vconsultum
955 2011 1015 2051 vel
1040 2009 1160 2050 visum
1183 2008 1313 2060 fuisse,
1342 2009 1531 2064 siquidem
1560 2013 1705 2053 nullum
1734 2012 1817 2069 ejus

71 2067 124 2108 rei
145 2079 299 2121 apparet
321 2067 540 2122 vestigium,
571 2063 614 2106 &¹
640 2064 918 2121 inbr'ecenfione
931 2064 1149 2116 Codicum,
1178 2066 1315 2119 quibus
1336 2066 1620 2120 Erasmustusus
1639 2069 1713 2119 est,
1735 2084 1816 2115 ma,-

70 2121 201 2178 nifeste
222 2124 547 2179 omittituratque
565 2122 797 2173 excluditur,
828 2122 883 2164 uti
901 2120 970 2167 suo
989 2121 1078 2163 loco
1098 2123 1139 2161 in
1159 2120 1418 2175 descriptione
1438 2121 1633 2164 Editionis
1666 2125 1815 2165 Erasmi

69 2176 321 2221 ostendemus.
669 2175 672 2179 ⁴
755 2198 759 2226 j
1415 2186 1418 2188 ’

120 2263 149 2283 ,‚
179 2235 283 2274 Ante
302 2233 433 2287 dece-m
454 2233 584 2274 Secula
598 2245 796 2276 exaratum
816 2232 942 2274 censet
962 2232 1174 2274 Battierius.
1219 2231 1471 2272 Charasteres
1493 2234 1575 2286 ejus
1601 2232 1684 2274 sunt
1706 2249 1818 2289 gran-

70 2317 97 2342 „
124 2288 250 2329 diores
271 2292 309 2328 δε
330 2288 504 2343 quadrati
518 2323 528 2339 ‚
562 2293 599 2328 ὃς
619 2289 726 2343 quod
747 2303 793 2330 ex
813 2288 1017 2342 specimine
1035 2286 1296 2328 charauerum
1319 2301 1394 2327 una
1419 2301 1506 2327 cum
1527 2290 1638 2329 variis
1667 2291 1818 2332 1,εᾶίο-

71 2373 96 2396 ,‚
125 2339 236 2383 nibus
253 2344 302 2383 ad
323 2359 393 2385 nos
414 2340 718 2398 missohapparet,
750 2344 1000 2385 Alexandrini
1029 2343 1192 2383 Codicis
1219 2342 1336 2382 nostri
1369 2342 1486 2383 literis
1515 2343 1627 2397 plane
1656 2345 1814 2392 similes,

71 2427 98 2453 ³>
125 2410 165 2451 ut
188 2395 352 2452 proinde
372 2394 565 2453 probabile
587 2399 631 2439 sit
651 2398 855 2440 librum'ad
875 2397 983 2439 ist'am
1003 2410 1165 2439 aetatem
1187 2396 1382 2451 assurgere.
1414 2397 1574 2449 CodeX,
1604 2411 1645 2440 ut
1665 2415 1711 2440 ex
1734 2401 1813 2441 Va-

71 2482 97 2502 „
112 2454 344 2507 nationibus
364 2450 658 2509 ejusassequor,
690 2455 871 2510 probatae
892 2452 982 2503 fidei
1007 2453 1061 2497 est
1082 2456 1121 2492 &
1142 2453 1266 2495 bonae
1289 2455 1445 2493 notae'’.
1511 2453 1685 2494 Tantum
1719 2470 1813 2496 vero

72 2504 192 2558 abest,
224 2522 265 2549 ut
298 2505 548 2550 Chaussaffleres
580 2509 690 2563 hujus
711 2509 873 2550 Codicis
895 2509 971 2549 sint>
985 2508 1101 2550 literis
1123 2507 1374 2548 Alexandrini
1399 2507 1563 2549 Codicis
1583 2509 1695 2563 plane
1715 2510 1814 2551 fimi-

72 2561 145 2618 les,
176 2576 215 2604 ut
235 2565 297 2605 vix
317 2564 555 2606 duas-literas
575 2564 711 2605 firniles
742 2561 904 2619 reperire
931 2565 1064 2610 liceat·‚
1096 2563 1223 2603 nosser
1244 2563 1393 2617 ubique
1419 2563 1533 2604 habet
1565 2576 1743 2606 accentus
1773 2569 1814 2606 &

71 2616 218 2671 spiritus
238 2634 258 2659 a
277 2621 532 2673 primamanu
546 2651 558 2669 ,
587 2617 850 2660 distinet-iones
870 2620 961 2659 item
986 2619 1150 2672 majores
1171 2622 1208 2657 &
1231 2618 1419 2668 minores,
1453 2622 1490 2657 δε
1518 2619 1558 2658 in
1579 2620 1637 2660 his
1666 2620 1814 2676 signum

72 2670 245 2727 Crucis(
261 2670 699 2729 quibus'A'lexandrinus
716 2687 836 2723 caret,
866 2674 973 2729 quod
991 2674 1070 2728 jam
1095 2688 1161 2728 per
1179 2673 1216 2713 se
1237 2672 1359 2713 solum'
1380 2674 1516 2728 ingens
1537 2674 1686 2716 inducit
1715 2689 1817 2718 aeta-

72 2726 119 2776 ,tis
135 2731 328 2784 utriusque
350 2730 597 2781 interuallum.
638 2729 776 2770 Obiter
806 2730 868 2769 hic
893 2729 1054 2776 observo
1069 2761 1080 2778 ,
1111 2731 1393 2781 meopera'rum
1414 2729 1558 2769 incuria
1579 2729 1720 2770 fa&um
1739 2730 1815 2772 esse

71 2782 302 2837 existimare,
331 2780 377 2836 ut.
393 2786 434 2825 in
455 2781 714 2826 dissertatione
736 2781 813 2838 'J0.
845 2785 1040 2838 Rodols'vhz
1064 2782 1288 2835 Wetstenii,
1318 2784 1472 2837 cognati
1493 2787 1531 2823 &
1557 2787 1814 2840 praeceptoris

72 2839 264 2888 quondam
286 2840 361 2880 mei
381 2836 575 2889 carissimi,
597 2840 644 2879 cle
662 2839 901 2880 Accmtibus
923 2840 1158 2879 Graecorum
1190 2852 1225 2892 p.
1259 2839 1323 2890 89.
1351 2839 1414 2878 ubi
1438 2838 1579 2880 Codex
1602 2841 1728 2881 noster
1747 2840 1815 2880 de-

73 2891 258 2944 scribitur,
288 2899 323 2932 V
354 2895 568 2935 consonans
590 2909 661 2949 pro
684 2896 727 2936 U
747 2896 871 2936 vocali
896 2895 1093 2945 ederetur,
1124 2895 1162 2933 in
1188 2894 1268 2934 'illis
1288 2895 1432 2935 verbis:
1462 2895 1741 2948 Circumflexus
1771 2894 1812 2935 V

73 2945 562 3007 inverstfhrmamf'ubque
581 2950 729 3004 refert:
761 2952 799 2990 in
822 2950 953 2990 nostro
973 2947 1076 2991 enim
1098 2949 1274 2999 Codice,
1302 2961 1344 2990 ut
1366 2950 1404 2988 in
1424 2949 1602 2990 omnibus
1620 2951 1724 3000 aliis,
1753 2965 1813 2991 ac-

74 3013 204 3045 centus
233 3002 494 3057 circumflexus
524 3020 603 3045 non
636 3006 752 3046 habet
780 3005 985 3059 angulum,
1014 3004 1263 3046 sed'forrnam
1291 3004 1510 3044 semicirculi
1532 3005 1591 3045 vel
1612 3006 1814 3060 parabolae

75 3056 333 3111 repraesentat.
366 3054 667 3102 [Alexandrinus
688 3057 805 3114 porro
829 3056 970 3103 Codeii
991 3060 1094 3108 totus
1125 3059 1282 3113 scriptus
1300 3059 1352 3099 est
1383 3060 1618 3100 charactere
1646 3059 1816 3101 rotundo

75 3113 114 3149 ὃ(
137 3113 345 3165 aequabili,
375 3111 566 3165 isle'Jvero
595 3110 724 3170 potius
755 3116 924 3169 pffikurae
950 3114 1048 3168 sapit
1079 3118 1267 3171 argutiaS‚
1294 3114 1481 3168 siquidem
1500 3114 1666 3169 singulae
1686 3114 1815 3154 literae

74 3166 199 3221 apices
222 3165 306 3209 suos
326 3167 509 3239 habeant,
536 3167 575 3211 ’ὃς
598 3169 702 3226 quasi
720 3170 801 3218 basi.
819 3170 1187 3228 cuidaminsistant,
1215 3168 1255 3210 id
1286 3169 1394 3224 quod
1426 3171 1628 3226 praecipue
1644 3170 1685 3218 ,in
1709 3169 1818 3263 giga

1779 3236 1820 3263 e·
