<?xml version="1.0" encoding="UTF-8"?>
<!DOCTYPE html PUBLIC "-//W3C//DTD XHTML 1.0 Transitional//EN"
    "http://www.w3.org/TR/xhtml1/DTD/xhtml1-transitional.dtd">
<html xmlns="http://www.w3.org/1999/xhtml" xml:lang="en" lang="en">
 <head>
  <title>
</title>
<meta http-equiv="Content-Type" content="text/html;charset=utf-8" />
  <meta name='ocr-system' content='tesseract 3.04.00' />
  <meta name='ocr-capabilities' content='ocr_page ocr_carea ocr_par ocr_line ocrx_word'/>
</head>
<body>
  <div class='ocr_page' id='page_1' title='image "./hekainediatheken00clem_0080.png"; bbox 0 0 1976 3519; ppageno 0'>
   <div class='ocr_carea' id='block_1_1' title="bbox 135 182 1526 237">
    <p class='ocr_par' dir='ltr' id='par_1_1' title="bbox 135 182 1526 237">
     <span class='ocr_line' id='line_1_1' title="bbox 135 182 1526 237; baseline -0.004 -7"><span class='ocrx_word' id='word_1_1' title='bbox 135 191 189 237; x_wconf 84' lang='lat'>68</span> <span class='ocrx_word' id='word_1_2' title='bbox 520 182 1526 235; x_wconf 75' lang='lat' dir='ltr'>PROLEGOMENA.</span> 
     </span>
    </p>
   </div>
   <div class='ocr_carea' id='block_1_2' title="bbox 135 268 1890 3200">
    <p class='ocr_par' dir='ltr' id='par_1_2' title="bbox 135 268 1880 926">
     <span class='ocr_line' id='line_1_2' title="bbox 136 268 1871 331; baseline -0.003 -12"><span class='ocrx_word' id='word_1_3' title='bbox 136 278 200 321; x_wconf 89' lang='lat' dir='ltr'>De</span> <span class='ocrx_word' id='word_1_4' title='bbox 230 274 458 331; x_wconf 89' lang='lat' dir='ltr'>quibusdam</span> <span class='ocrx_word' id='word_1_5' title='bbox 479 273 558 328; x_wconf 87' lang='lat' dir='ltr'>ipse</span> <span class='ocrx_word' id='word_1_6' title='bbox 577 272 769 328; x_wconf 87' lang='lat' dir='ltr'><strong>Origenes</strong></span> <span class='ocrx_word' id='word_1_7' title='bbox 788 285 860 315; x_wconf 90' lang='lat' dir='ltr'>nos</span> <span class='ocrx_word' id='word_1_8' title='bbox 882 271 1016 321; x_wconf 91' lang='lat' dir='ltr'>docet,</span> <span class='ocrx_word' id='word_1_9' title='bbox 1046 272 1086 312; x_wconf 91' lang='lat' dir='ltr'>in</span> <span class='ocrx_word' id='word_1_10' title='bbox 1109 271 1393 312; x_wconf 86' lang='lat' dir='ltr'>commentariis</span> <span class='ocrx_word' id='word_1_11' title='bbox 1415 270 1483 323; x_wconf 86' lang='lat' dir='ltr'>qui</span> <span class='ocrx_word' id='word_1_12' title='bbox 1503 268 1717 323; x_wconf 88' lang='lat' dir='ltr'>supersunt:</span> <span class='ocrx_word' id='word_1_13' title='bbox 1748 271 1871 313; x_wconf 84' lang='lat' dir='ltr'>nullus</span> 
     </span>
     <span class='ocr_line' id='line_1_3' title="bbox 136 324 1869 385; baseline -0.004 -11"><span class='ocrx_word' id='word_1_14' title='bbox 136 344 264 385; x_wconf 57' lang='lat' dir='ltr'>autern</span> <span class='ocrx_word' id='word_1_15' title='bbox 285 332 438 380; x_wconf 79' lang='lat' dir='ltr'>debito,</span> <span class='ocrx_word' id='word_1_16' title='bbox 468 329 495 369; x_wconf 88' lang='lat' dir='ltr'>fi</span> <span class='ocrx_word' id='word_1_17' title='bbox 516 329 815 378; x_wconf 76' lang='lat' dir='ltr'>commentarios</span> <span class='ocrx_word' id='word_1_18' title='bbox 837 326 1063 375; x_wconf 82' lang='lat' dir='ltr'>haberemus</span> <span class='ocrx_word' id='word_1_19' title='bbox 1074 326 1392 381; x_wconf 85' lang='lat' dir='ltr'>integros,longe</span> <span class='ocrx_word' id='word_1_20' title='bbox 1402 326 1509 378; x_wconf 88' lang='lat' dir='ltr'>plura</span> <span class='ocrx_word' id='word_1_21' title='bbox 1520 324 1798 378; x_wconf 89' lang='lat' dir='ltr'>deprehensum</span> <span class='ocrx_word' id='word_1_22' title='bbox 1809 329 1869 377; x_wconf 86' lang='lat' dir='ltr'>iri,</span> 
     </span>
     <span class='ocr_line' id='line_1_4' title="bbox 135 380 1870 443; baseline -0.003 -15"><span class='ocrx_word' id='word_1_23' title='bbox 135 388 214 443; x_wconf 61' lang='lat' dir='ltr'>vid.</span> <span class='ocrx_word' id='word_1_24' title='bbox 237 385 419 432; x_wconf 77' lang='lat' dir='ltr'>Matth.l.</span> <span class='ocrx_word' id='word_1_25' title='bbox 435 397 498 437; x_wconf 82' lang='lat'>23.</span> <span class='ocrx_word' id='word_1_26' title='bbox 519 383 629 429; x_wconf 78' lang='lat' dir='ltr'>vm.</span> <span class='ocrx_word' id='word_1_27' title='bbox 648 384 711 423; x_wconf 88' lang='lat'>28.</span> <span class='ocrx_word' id='word_1_28' title='bbox 733 381 848 434; x_wconf 78' lang='lat' dir='ltr'>XlX.</span> <span class='ocrx_word' id='word_1_29' title='bbox 865 394 924 433; x_wconf 83' lang='lat'>17.</span> <span class='ocrx_word' id='word_1_30' title='bbox 942 381 1192 431; x_wconf 55' lang='lat' dir='ltr'>mxxvii.</span> <span class='ocrx_word' id='word_1_31' title='bbox 1207 394 1242 431; x_wconf 91' lang='lat'>7.</span> <span class='ocrx_word' id='word_1_32' title='bbox 1257 380 1442 435; x_wconf 33' lang='lat' dir='ltr'>J0.1.-28.</span> <span class='ocrx_word' id='word_1_33' title='bbox 1459 393 1491 419; x_wconf 94' lang='lat'>1.</span> <span class='ocrx_word' id='word_1_34' title='bbox 1506 380 1664 420; x_wconf 89' lang='lat' dir='ltr'>Cor.X.</span> <span class='ocrx_word' id='word_1_35' title='bbox 1681 381 1870 423; x_wconf 76' lang='lat' dir='ltr'>28.XV1.</span> 
     </span>
     <span class='ocr_line' id='line_1_5' title="bbox 144 435 1872 498; baseline -0.003 -15"><span class='ocrx_word' id='word_1_36' title='bbox 144 457 208 498; x_wconf 57' lang='lat'>51¹¹·</span> <span class='ocrx_word' id='word_1_37' title='bbox 222 442 407 484; x_wconf 90' lang='lat' dir='ltr'>Ceterum</span> <span class='ocrx_word' id='word_1_38' title='bbox 428 438 640 486; x_wconf 88' lang='lat' dir='ltr'>dolendum</span> <span class='ocrx_word' id='word_1_39' title='bbox 652 469 663 489; x_wconf 88' lang='lat'>,</span> <span class='ocrx_word' id='word_1_40' title='bbox 676 438 907 491; x_wconf 89' lang='lat' dir='ltr'>Interpretes</span> <span class='ocrx_word' id='word_1_41' title='bbox 928 436 1111 491; x_wconf 85' lang='lat' dir='ltr'>Origenis</span> <span class='ocrx_word' id='word_1_42' title='bbox 1123 436 1282 476; x_wconf 89' lang='lat' dir='ltr'>Latinos</span> <span class='ocrx_word' id='word_1_43' title='bbox 1301 447 1406 477; x_wconf 86' lang='lat' dir='ltr'>tanta</span> <span class='ocrx_word' id='word_1_44' title='bbox 1425 436 1576 481; x_wconf 80' lang='lat' dir='ltr'>licentia</span> <span class='ocrx_word' id='word_1_45' title='bbox 1595 436 1775 489; x_wconf 80' lang='lat' dir='ltr'>grassatos</span> <span class='ocrx_word' id='word_1_46' title='bbox 1785 435 1872 488; x_wconf 68' lang='lat' dir='ltr'>este,</span> 
     </span>
     <span class='ocr_line' id='line_1_6' title="bbox 138 490 1874 552; baseline -0.003 -14"><span class='ocrx_word' id='word_1_47' title='bbox 138 511 179 547; x_wconf 88' lang='lat' dir='ltr'>ut</span> <span class='ocrx_word' id='word_1_48' title='bbox 207 499 287 552; x_wconf 83' lang='lat' dir='ltr'>jam</span> <span class='ocrx_word' id='word_1_49' title='bbox 317 495 521 542; x_wconf 81' lang='lat' dir='ltr'>difficulter</span> <span class='ocrx_word' id='word_1_50' title='bbox 547 493 759 536; x_wconf 83' lang='lat' dir='ltr'>discernere</span> <span class='ocrx_word' id='word_1_51' title='bbox 792 492 924 543; x_wconf 88' lang='lat' dir='ltr'>liceat,</span> <span class='ocrx_word' id='word_1_52' title='bbox 957 491 1053 546; x_wconf 87' lang='lat' dir='ltr'>quid</span> <span class='ocrx_word' id='word_1_53' title='bbox 1072 491 1118 532; x_wconf 91' lang='lat' dir='ltr'>ab</span> <span class='ocrx_word' id='word_1_54' title='bbox 1139 491 1312 546; x_wconf 84' lang='lat' dir='ltr'>Origene</span> <span class='ocrx_word' id='word_1_55' title='bbox 1331 502 1394 536; x_wconf 89' lang='lat' dir='ltr'>aut</span> <span class='ocrx_word' id='word_1_56' title='bbox 1414 490 1562 531; x_wconf 89' lang='lat' dir='ltr'>Rufino</span> <span class='ocrx_word' id='word_1_57' title='bbox 1583 490 1797 544; x_wconf 65' lang='lat' dir='ltr'>profeelmm</span> <span class='ocrx_word' id='word_1_58' title='bbox 1817 491 1874 537; x_wconf 67' lang='lat' dir='ltr'>sit,</span> 
     </span>
     <span class='ocr_line' id='line_1_7' title="bbox 137 544 1871 600; baseline -0.006 -4"><span class='ocrx_word' id='word_1_59' title='bbox 137 554 229 596; x_wconf 90' lang='lat' dir='ltr'>Nec</span> <span class='ocrx_word' id='word_1_60' title='bbox 261 553 387 597; x_wconf 89' lang='lat' dir='ltr'>minus</span> <span class='ocrx_word' id='word_1_61' title='bbox 415 550 590 591; x_wconf 89' lang='lat' dir='ltr'>dolemus</span> <span class='ocrx_word' id='word_1_62' title='bbox 620 548 793 590; x_wconf 81' lang='lat' dir='ltr'>acerbam</span> <span class='ocrx_word' id='word_1_63' title='bbox 823 546 895 589; x_wconf 81' lang='lat' dir='ltr'>viri</span> <span class='ocrx_word' id='word_1_64' title='bbox 914 548 1025 588; x_wconf 89' lang='lat' dir='ltr'>nobis</span> <span class='ocrx_word' id='word_1_65' title='bbox 1044 544 1243 600; x_wconf 90' lang='lat' dir='ltr'>quondam</span> <span class='ocrx_word' id='word_1_66' title='bbox 1265 544 1476 588; x_wconf 83' lang='lat' dir='ltr'>amicissimi</span> <span class='ocrx_word' id='word_1_67' title='bbox 1495 544 1629 585; x_wconf 87' lang='lat' dir='ltr'>Caroli</span> <span class='ocrx_word' id='word_1_68' title='bbox 1648 545 1694 585; x_wconf 84' lang='lat' dir='ltr'>de</span> <span class='ocrx_word' id='word_1_69' title='bbox 1718 545 1758 585; x_wconf 83' lang='lat' dir='ltr'>la</span> <span class='ocrx_word' id='word_1_70' title='bbox 1782 547 1871 592; x_wconf 85' lang='lat' dir='ltr'>Rue</span> 
     </span>
     <span class='ocr_line' id='line_1_8' title="bbox 138 599 1875 662; baseline -0.007 -11"><span class='ocrx_word' id='word_1_71' title='bbox 138 621 325 659; x_wconf 81' lang='lat' dir='ltr'>mortem,</span> <span class='ocrx_word' id='word_1_72' title='bbox 357 607 422 662; x_wconf 90' lang='lat' dir='ltr'>qui</span> <span class='ocrx_word' id='word_1_73' title='bbox 454 604 578 660; x_wconf 84' lang='lat' dir='ltr'>pridie</span> <span class='ocrx_word' id='word_1_74' title='bbox 608 604 721 646; x_wconf 91' lang='lat' dir='ltr'>Non.</span> <span class='ocrx_word' id='word_1_75' title='bbox 749 602 843 650; x_wconf 64' lang='grc' dir='ltr'>Οὲὶ,</span> <span class='ocrx_word' id='word_1_76' title='bbox 877 615 998 656; x_wconf 85' lang='lat'>1739.</span> <span class='ocrx_word' id='word_1_77' title='bbox 1026 601 1214 643; x_wconf 54' lang='lat' dir='ltr'>extinctus</span> <span class='ocrx_word' id='word_1_78' title='bbox 1233 600 1348 645; x_wconf 81' lang='lat' dir='ltr'>telam</span> <span class='ocrx_word' id='word_1_79' title='bbox 1370 611 1548 654; x_wconf 90' lang='lat' dir='ltr'>coeptam</span> <span class='ocrx_word' id='word_1_80' title='bbox 1569 599 1620 640; x_wconf 90' lang='lat' dir='ltr'>ad</span> <span class='ocrx_word' id='word_1_81' title='bbox 1641 599 1757 641; x_wconf 90' lang='lat' dir='ltr'>finem</span> <span class='ocrx_word' id='word_1_82' title='bbox 1789 615 1875 655; x_wconf 68' lang='lat' dir='ltr'>per-,</span> 
     </span>
     <span class='ocr_line' id='line_1_9' title="bbox 138 655 1879 715; baseline -0.006 -9"><span class='ocrx_word' id='word_1_83' title='bbox 138 665 277 706; x_wconf 90' lang='lat' dir='ltr'>ducere</span> <span class='ocrx_word' id='word_1_84' title='bbox 305 677 386 707; x_wconf 83' lang='lat' dir='ltr'>non</span> <span class='ocrx_word' id='word_1_85' title='bbox 414 660 561 715; x_wconf 84' lang='lat' dir='ltr'>potuit:</span> <span class='ocrx_word' id='word_1_86' title='bbox 591 658 699 713; x_wconf 91' lang='lat' dir='ltr'>quod</span> <span class='ocrx_word' id='word_1_87' title='bbox 732 669 775 698; x_wconf 82' lang='lat' dir='ltr'>ut</span> <span class='ocrx_word' id='word_1_88' title='bbox 805 656 963 702; x_wconf 88' lang='lat' dir='ltr'>tandem</span> <span class='ocrx_word' id='word_1_89' title='bbox 991 655 1184 710; x_wconf 87' lang='lat' dir='ltr'>perficiat,</span> <span class='ocrx_word' id='word_1_90' title='bbox 1220 656 1282 696; x_wconf 88' lang='lat' dir='ltr'>cui</span> <span class='ocrx_word' id='word_1_91' title='bbox 1306 655 1381 695; x_wconf 90' lang='lat' dir='ltr'>hoc</span> <span class='ocrx_word' id='word_1_92' title='bbox 1399 656 1597 710; x_wconf 82' lang='lat' dir='ltr'>negotium</span> <span class='ocrx_word' id='word_1_93' title='bbox 1619 658 1787 696; x_wconf 88' lang='lat' dir='ltr'>moriens</span> <span class='ocrx_word' id='word_1_94' title='bbox 1807 655 1879 708; x_wconf 78' lang='lat' dir='ltr'>de-,</span> 
     </span>
     <span class='ocr_line' id='line_1_10' title="bbox 139 709 1873 769; baseline -0.006 -9"><span class='ocrx_word' id='word_1_95' title='bbox 139 719 361 769; x_wconf 73' lang='lat' dir='ltr'>mandavit,</span> <span class='ocrx_word' id='word_1_96' title='bbox 390 714 556 757; x_wconf 84' lang='lat' dir='ltr'><em>Carolus</em></span> <span class='ocrx_word' id='word_1_97' title='bbox 589 714 822 758; x_wconf 72' lang='lat' dir='ltr'><em>Vincentius</em></span> <span class='ocrx_word' id='word_1_98' title='bbox 842 713 888 754; x_wconf 79' lang='lat' dir='ltr'>de</span> <span class='ocrx_word' id='word_1_99' title='bbox 908 711 950 752; x_wconf 85' lang='lat' dir='ltr'>la</span> <span class='ocrx_word' id='word_1_100' title='bbox 971 713 1060 757; x_wconf 78' lang='lat' dir='ltr'>Rue</span> <span class='ocrx_word' id='word_1_101' title='bbox 1077 710 1201 753; x_wconf 88' lang='lat' dir='ltr'>fratris</span> <span class='ocrx_word' id='word_1_102' title='bbox 1219 710 1341 761; x_wconf 88' lang='lat' dir='ltr'>filius,</span> <span class='ocrx_word' id='word_1_103' title='bbox 1370 722 1488 764; x_wconf 89' lang='lat' dir='ltr'>utque</span> <span class='ocrx_word' id='word_1_104' title='bbox 1507 725 1586 752; x_wconf 92' lang='lat' dir='ltr'>non</span> <span class='ocrx_word' id='word_1_105' title='bbox 1609 709 1729 750; x_wconf 93' lang='lat' dir='ltr'>solum</span> <span class='ocrx_word' id='word_1_106' title='bbox 1750 711 1873 751; x_wconf 89' lang='lat' dir='ltr'>Com-</span> 
     </span>
     <span class='ocr_line' id='line_1_11' title="bbox 140 764 1877 825; baseline -0.006 -9"><span class='ocrx_word' id='word_1_107' title='bbox 140 774 347 821; x_wconf 76' lang='lat' dir='ltr'>mentarios</span> <span class='ocrx_word' id='word_1_108' title='bbox 373 770 557 825; x_wconf 80' lang='lat' dir='ltr'>Origenis</span> <span class='ocrx_word' id='word_1_109' title='bbox 584 770 624 809; x_wconf 91' lang='lat' dir='ltr'>in</span> <span class='ocrx_word' id='word_1_110' title='bbox 648 768 894 822; x_wconf 86' lang='lat' dir='ltr'>Johannem,</span> <span class='ocrx_word' id='word_1_111' title='bbox 924 780 1057 810; x_wconf 88' lang='lat' dir='ltr'>verum</span> <span class='ocrx_word' id='word_1_112' title='bbox 1083 765 1199 806; x_wconf 88' lang='lat' dir='ltr'>etiam</span> <span class='ocrx_word' id='word_1_113' title='bbox 1219 764 1371 805; x_wconf 89' lang='lat' dir='ltr'>Scholia</span> <span class='ocrx_word' id='word_1_114' title='bbox 1397 766 1500 819; x_wconf 84' lang='lat' dir='ltr'>ejus,</span> <span class='ocrx_word' id='word_1_115' title='bbox 1521 766 1560 805; x_wconf 91' lang='lat' dir='ltr'>in</span> <span class='ocrx_word' id='word_1_116' title='bbox 1583 765 1743 807; x_wconf 88' lang='lat' dir='ltr'>Catenis</span> <span class='ocrx_word' id='word_1_117' title='bbox 1759 765 1877 810; x_wconf 72' lang='lat' dir='ltr'>editis</span> 
     </span>
     <span class='ocr_line' id='line_1_12' title="bbox 138 820 1880 883; baseline -0.005 -12"><span class='ocrx_word' id='word_1_118' title='bbox 138 829 367 883; x_wconf 82' lang='lat' dir='ltr'>ineditisque</span> <span class='ocrx_word' id='word_1_119' title='bbox 394 825 528 881; x_wconf 85' lang='lat' dir='ltr'>passim</span> <span class='ocrx_word' id='word_1_120' title='bbox 546 823 689 878; x_wconf 83' lang='lat' dir='ltr'>sparsa,</span> <span class='ocrx_word' id='word_1_121' title='bbox 710 821 914 869; x_wconf 82' lang='lat' dir='ltr'>nobiscum</span> <span class='ocrx_word' id='word_1_122' title='bbox 936 820 1164 877; x_wconf 73' lang='lat' dir='ltr'>propediem</span> <span class='ocrx_word' id='word_1_123' title='bbox 1195 820 1473 871; x_wconf 88' lang='lat' dir='ltr'>communicet,</span> <span class='ocrx_word' id='word_1_124' title='bbox 1503 820 1679 861; x_wconf 85' lang='lat' dir='ltr'>ardenter</span> <span class='ocrx_word' id='word_1_125' title='bbox 1699 822 1880 874; x_wconf 57' lang='lat' dir='ltr'>cupimus,</span> 
     </span>
     <span class='ocr_line' id='line_1_13' title="bbox 140 885 1760 926; baseline -0.008 0"><span class='ocrx_word' id='word_1_126' title='bbox 140 889 181 926; x_wconf 71' lang='grc' dir='ltr'>ὃς</span> <span class='ocrx_word' id='word_1_127' title='bbox 209 900 235 926; x_wconf 98' lang='lat' dir='ltr'>o</span> <span class='ocrx_word' id='word_1_128' title='bbox 265 896 398 926; x_wconf 83' lang='lat' dir='ltr'>tamus.</span> <span class='ocrx_word' id='word_1_129' title='bbox 1758 885 1760 887; x_wconf 83' lang='lat'>·</span> 
     </span>
    </p>

    <p class='ocr_par' dir='ltr' id='par_1_3' title="bbox 138 898 1890 2979">
     <span class='ocr_line' id='line_1_14' title="bbox 196 898 1881 986; baseline -0.005 -5"><span class='ocrx_word' id='word_1_130' title='bbox 196 898 430 982; x_wconf 46' lang='lat' dir='ltr'>Afrjnmonius</span> <span class='ocrx_word' id='word_1_131' title='bbox 451 932 734 978; x_wconf 86' lang='lat' dir='ltr'>Alexandrinus</span> <span class='ocrx_word' id='word_1_132' title='bbox 753 932 1002 977; x_wconf 84' lang='lat' dir='ltr'>concinnavit</span> <span class='ocrx_word' id='word_1_133' title='bbox 1024 931 1282 972; x_wconf 81' lang='lat' dir='ltr'>Harmoniam</span> <span class='ocrx_word' id='word_1_134' title='bbox 1304 929 1650 986; x_wconf 85' lang='lat' dir='ltr'>Evangelistarum‚</span> <span class='ocrx_word' id='word_1_135' title='bbox 1673 945 1770 985; x_wconf 84' lang='lat' dir='ltr'>quae</span> <span class='ocrx_word' id='word_1_136' title='bbox 1781 930 1881 973; x_wconf 85' lang='lat' dir='ltr'>Mil-.</span> 
     </span>
     <span class='ocr_line' id='line_1_15' title="bbox 138 985 1880 1048; baseline -0.007 -12"><span class='ocrx_word' id='word_1_137' title='bbox 138 996 193 1036; x_wconf 87' lang='lat' dir='ltr'>lio</span> <span class='ocrx_word' id='word_1_138' title='bbox 221 994 351 1048; x_wconf 80' lang='lat' dir='ltr'>judice</span> <span class='ocrx_word' id='word_1_139' title='bbox 378 990 506 1032; x_wconf 93' lang='lat' dir='ltr'>adhuc</span> <span class='ocrx_word' id='word_1_140' title='bbox 536 990 674 1033; x_wconf 85' lang='lat' dir='ltr'>Latine</span> <span class='ocrx_word' id='word_1_141' title='bbox 699 998 804 1033; x_wconf 82' lang='lat' dir='ltr'>extat</span> <span class='ocrx_word' id='word_1_142' title='bbox 829 1002 852 1028; x_wconf 87' lang='lat' dir='ltr'>a</span> <span class='ocrx_word' id='word_1_143' title='bbox 882 986 1041 1032; x_wconf 61' lang='lat' dir='ltr'>Victore</span> <span class='ocrx_word' id='word_1_144' title='bbox 1074 987 1266 1039; x_wconf 86' lang='lat' dir='ltr'>Capuano</span> <span class='ocrx_word' id='word_1_145' title='bbox 1302 997 1449 1039; x_wconf 90' lang='lat' dir='ltr'>reperta</span> <span class='ocrx_word' id='word_1_146' title='bbox 1469 989 1508 1024; x_wconf 69' lang='grc' dir='ltr'>ὃ(</span> <span class='ocrx_word' id='word_1_147' title='bbox 1529 999 1551 1025; x_wconf 89' lang='lat' dir='ltr'>a</span> <span class='ocrx_word' id='word_1_148' title='bbox 1573 985 1777 1031; x_wconf 82' lang='lat' dir='ltr'>Me-mlerio</span> <span class='ocrx_word' id='word_1_149' title='bbox 1799 987 1880 1040; x_wconf 17' lang='lat' dir='ltr'>pri-A</span> 
     </span>
     <span class='ocr_line' id='line_1_16' title="bbox 139 1040 1879 1103; baseline -0.005 -14"><span class='ocrx_word' id='word_1_150' title='bbox 139 1064 246 1095; x_wconf 83' lang='lat' dir='ltr'>mum</span> <span class='ocrx_word' id='word_1_151' title='bbox 267 1048 368 1103; x_wconf 87' lang='lat' dir='ltr'>typis</span> <span class='ocrx_word' id='word_1_152' title='bbox 387 1045 512 1087; x_wconf 89' lang='lat' dir='ltr'>edita:</span> <span class='ocrx_word' id='word_1_153' title='bbox 541 1057 614 1084; x_wconf 90' lang='lat' dir='ltr'>nos</span> <span class='ocrx_word' id='word_1_154' title='bbox 635 1057 728 1086; x_wconf 87' lang='lat' dir='ltr'>vero</span> <span class='ocrx_word' id='word_1_155' title='bbox 748 1042 865 1097; x_wconf 86' lang='lat' dir='ltr'>longe</span> <span class='ocrx_word' id='word_1_156' title='bbox 886 1042 994 1083; x_wconf 90' lang='lat' dir='ltr'>aliter</span> <span class='ocrx_word' id='word_1_157' title='bbox 1011 1041 1236 1094; x_wconf 91' lang='lat' dir='ltr'>judicamus.</span> <span class='ocrx_word' id='word_1_158' title='bbox 1267 1042 1327 1081; x_wconf 90' lang='lat' dir='ltr'>En</span> <span class='ocrx_word' id='word_1_159' title='bbox 1347 1040 1641 1093; x_wconf 89' lang='lat' dir='ltr'>descriptionem</span> <span class='ocrx_word' id='word_1_160' title='bbox 1653 1040 1764 1094; x_wconf 89' lang='lat' dir='ltr'>hujus</span> <span class='ocrx_word' id='word_1_161' title='bbox 1783 1055 1879 1095; x_wconf 84' lang='lat' dir='ltr'>ope··,</span> 
     </span>
     <span class='ocr_line' id='line_1_17' title="bbox 139 1092 1882 1150; baseline -0.006 -4"><span class='ocrx_word' id='word_1_162' title='bbox 139 1106 192 1146; x_wconf 80' lang='lat' dir='ltr'>ris</span> <span class='ocrx_word' id='word_1_163' title='bbox 210 1104 258 1146; x_wconf 86' lang='lat' dir='ltr'>ab</span> <span class='ocrx_word' id='word_1_164' title='bbox 280 1101 442 1148; x_wconf 81' lang='lat' dir='ltr'>Eusebio</span> <span class='ocrx_word' id='word_1_165' title='bbox 461 1100 621 1143; x_wconf 67' lang='lat' dir='ltr'>fastam:</span> <span class='ocrx_word' id='word_1_166' title='bbox 651 1095 840 1146; x_wconf 77' lang='grc' dir='ltr'>Ἀμμῶνιος</span> <span class='ocrx_word' id='word_1_167' title='bbox 864 1094 924 1145; x_wconf 72' lang='grc' dir='ltr'>μὲν</span> <span class='ocrx_word' id='word_1_168' title='bbox 945 1094 959 1136; x_wconf 74' lang='grc' dir='ltr'><strong>ὃ</strong></span> <span class='ocrx_word' id='word_1_169' title='bbox 980 1093 1242 1150; x_wconf 54' lang='grc' dir='ltr'>Ἀλεξανὲρεὺς,</span> <span class='ocrx_word' id='word_1_170' title='bbox 1271 1093 1415 1138; x_wconf 63' lang='grc' dir='ltr'>πολλὴν</span> <span class='ocrx_word' id='word_1_171' title='bbox 1435 1093 1476 1137; x_wconf 72' lang='grc' dir='ltr'>ὣς</span> <span class='ocrx_word' id='word_1_172' title='bbox 1494 1092 1575 1137; x_wconf 57' lang='lat' dir='ltr'>{miz</span> <span class='ocrx_word' id='word_1_173' title='bbox 1597 1095 1794 1143; x_wconf 73' lang='grc' dir='ltr'>φιλοπονίαν</span> <span class='ocrx_word' id='word_1_174' title='bbox 1813 1092 1882 1141; x_wconf 59' lang='grc' dir='ltr'>καὶ</span> 
     </span>
     <span class='ocr_line' id='line_1_18' title="bbox 138 1148 1879 1209; baseline -0.005 -9"><span class='ocrx_word' id='word_1_175' title='bbox 138 1156 287 1203; x_wconf 57' lang='grc' dir='ltr'>σπουδὴν</span> <span class='ocrx_word' id='word_1_176' title='bbox 326 1153 539 1207; x_wconf 72' lang='grc' dir='ltr'>ἒισαγηοχῶς</span> <span class='ocrx_word' id='word_1_177' title='bbox 556 1186 568 1205; x_wconf 83' lang='grc'><em>,</em></span> <span class='ocrx_word' id='word_1_178' title='bbox 604 1151 648 1194; x_wconf 69' lang='lat' dir='ltr'>-rb</span> <span class='ocrx_word' id='word_1_179' title='bbox 688 1149 773 1209; x_wconf 57' lang='grc' dir='ltr'>3]θᾷ</span> <span class='ocrx_word' id='word_1_180' title='bbox 808 1149 977 1203; x_wconf 62' lang='grc' dir='ltr'>τεσσᾴρων</span> <span class='ocrx_word' id='word_1_181' title='bbox 1014 1149 1088 1201; x_wconf 58' lang='grc' dir='ltr'>ἡμῖν</span> <span class='ocrx_word' id='word_1_182' title='bbox 1124 1148 1388 1197; x_wconf 79' lang='grc' dir='ltr'>καταλέλοιπεν</span> <span class='ocrx_word' id='word_1_183' title='bbox 1426 1149 1650 1201; x_wconf 73' lang='grc' dir='ltr'>ἒυαγγέλιον,</span> <span class='ocrx_word' id='word_1_184' title='bbox 1689 1150 1743 1200; x_wconf 58' lang='lat' dir='ltr'>Tc}</span> <span class='ocrx_word' id='word_1_185' title='bbox 1771 1149 1879 1191; x_wconf 64' lang='grc' dir='ltr'>κατα</span> 
     </span>
     <span class='ocr_line' id='line_1_19' title="bbox 138 1202 1881 1260; baseline -0.01 -4"><span class='ocrx_word' id='word_1_186' title='bbox 138 1212 320 1255; x_wconf 70' lang='grc' dir='ltr'>ΜατΘαΤον</span> <span class='ocrx_word' id='word_1_187' title='bbox 356 1211 423 1252; x_wconf 66' lang='grc' dir='ltr'>τᾶν</span> <span class='ocrx_word' id='word_1_188' title='bbox 461 1208 590 1250; x_wconf 63' lang='grc' dir='ltr'>λοιπῶν</span> <span class='ocrx_word' id='word_1_189' title='bbox 628 1206 873 1258; x_wconf 66' lang='grc' dir='ltr'>ἐυαγγελιτῖᾶν</span> <span class='ocrx_word' id='word_1_190' title='bbox 913 1204 1114 1260; x_wconf 68' lang='grc' dir='ltr'>πεςικοποὶς</span> <span class='ocrx_word' id='word_1_191' title='bbox 1150 1202 1318 1260; x_wconf 67' lang='grc' dir='ltr'>παςαθεὶς</span> <span class='ocrx_word' id='word_1_192' title='bbox 1338 1237 1349 1256; x_wconf 85' lang='grc'><strong>,</strong></span> <span class='ocrx_word' id='word_1_193' title='bbox 1388 1203 1429 1247; x_wconf 72' lang='grc' dir='ltr'>ὡς</span> <span class='ocrx_word' id='word_1_194' title='bbox 1457 1205 1494 1260; x_wconf 75' lang='grc' dir='ltr'>ἐξ</span> <span class='ocrx_word' id='word_1_195' title='bbox 1526 1203 1682 1254; x_wconf 56' lang='grc' dir='ltr'>ἀνάγκης</span> <span class='ocrx_word' id='word_1_196' title='bbox 1710 1205 1881 1255; x_wconf 53' lang='grc' dir='ltr'>συμβῆμοῃ</span> 
     </span>
     <span class='ocr_line' id='line_1_20' title="bbox 138 1257 1878 1319; baseline -0.005 -9"><span class='ocrx_word' id='word_1_197' title='bbox 138 1269 196 1317; x_wconf 66' lang='grc' dir='ltr'>τὸν</span> <span class='ocrx_word' id='word_1_198' title='bbox 225 1269 287 1313; x_wconf 55' lang='grc' dir='ltr'>τῆς</span> <span class='ocrx_word' id='word_1_199' title='bbox 315 1264 519 1308; x_wconf 64' lang='grc' dir='ltr'>ἀκολουθίας</span> <span class='ocrx_word' id='word_1_200' title='bbox 548 1262 653 1317; x_wconf 57' lang='grc' dir='ltr'>ἒιρμόν,</span> <span class='ocrx_word' id='word_1_201' title='bbox 677 1263 744 1304; x_wconf 62' lang='grc' dir='ltr'>τᾶν</span> <span class='ocrx_word' id='word_1_202' title='bbox 772 1262 866 1315; x_wconf 63' lang='grc' dir='ltr'>τριῶν</span> <span class='ocrx_word' id='word_1_203' title='bbox 897 1261 1151 1319; x_wconf 45' lang='grc' dir='ltr'>ψφθαςῖἱναι</span> <span class='ocrx_word' id='word_1_204' title='bbox 1178 1261 1249 1301; x_wconf 72' lang='grc' dir='ltr'>’ὅσον</span> <span class='ocrx_word' id='word_1_205' title='bbox 1279 1257 1339 1302; x_wconf 62' lang='lat' dir='ltr'>{vel</span> <span class='ocrx_word' id='word_1_206' title='bbox 1370 1258 1412 1300; x_wconf 70' lang='grc' dir='ltr'>τὸ</span> <span class='ocrx_word' id='word_1_207' title='bbox 1444 1259 1517 1309; x_wconf 73' lang='grc' dir='ltr'>ὕφει</span> <span class='ocrx_word' id='word_1_208' title='bbox 1546 1260 1608 1303; x_wconf 63' lang='grc' dir='ltr'>τῆς</span> <span class='ocrx_word' id='word_1_209' title='bbox 1638 1260 1878 1311; x_wconf 47' lang='lat' dir='ltr'>&amp;tvmvlo-mm</span> 
     </span>
     <span class='ocr_line' id='line_1_21' title="bbox 139 1315 1882 1381; baseline -0.006 -13"><span class='ocrx_word' id='word_1_210' title='bbox 139 1341 187 1368; x_wconf 87' lang='lat' dir='ltr'>ex</span> <span class='ocrx_word' id='word_1_211' title='bbox 211 1340 290 1381; x_wconf 89' lang='lat' dir='ltr'>quo</span> <span class='ocrx_word' id='word_1_212' title='bbox 310 1325 429 1378; x_wconf 90' lang='lat' dir='ltr'>liquet</span> <span class='ocrx_word' id='word_1_213' title='bbox 456 1322 621 1362; x_wconf 89' lang='lat' dir='ltr'>omnino</span> <span class='ocrx_word' id='word_1_214' title='bbox 641 1319 789 1364; x_wconf 86' lang='lat' dir='ltr'>foetum</span> <span class='ocrx_word' id='word_1_215' title='bbox 809 1318 976 1372; x_wconf 92' lang='lat' dir='ltr'>spurium</span> <span class='ocrx_word' id='word_1_216' title='bbox 996 1316 1071 1358; x_wconf 74' lang='lat' dir='ltr'>esse</span> <span class='ocrx_word' id='word_1_217' title='bbox 1088 1330 1197 1367; x_wconf 89' lang='lat' dir='ltr'>eum,</span> <span class='ocrx_word' id='word_1_218' title='bbox 1229 1317 1296 1370; x_wconf 89' lang='lat' dir='ltr'>qui</span> <span class='ocrx_word' id='word_1_219' title='bbox 1317 1317 1454 1363; x_wconf 86' lang='lat' dir='ltr'>Latine</span> <span class='ocrx_word' id='word_1_220' title='bbox 1474 1327 1587 1357; x_wconf 85' lang='lat' dir='ltr'>extat.</span> <span class='ocrx_word' id='word_1_221' title='bbox 1616 1315 1725 1357; x_wconf 89' lang='lat' dir='ltr'>Nam</span> <span class='ocrx_word' id='word_1_222' title='bbox 1749 1331 1782 1358; x_wconf 89' lang='lat'>1.</span> <span class='ocrx_word' id='word_1_223' title='bbox 1804 1318 1882 1358; x_wconf 86' lang='lat' dir='ltr'>La-.</span> 
     </span>
     <span class='ocr_line' id='line_1_22' title="bbox 139 1370 1876 1426; baseline -0.007 -3"><span class='ocrx_word' id='word_1_224' title='bbox 139 1382 242 1423; x_wconf 90' lang='lat' dir='ltr'>tinus</span> <span class='ocrx_word' id='word_1_225' title='bbox 272 1378 502 1422; x_wconf 88' lang='lat' dir='ltr'>Ammonius</span> <span class='ocrx_word' id='word_1_226' title='bbox 529 1376 643 1421; x_wconf 86' lang='lat' dir='ltr'>habet</span> <span class='ocrx_word' id='word_1_227' title='bbox 671 1374 868 1421; x_wconf 75' lang='lat' dir='ltr'>historiam</span> <span class='ocrx_word' id='word_1_228' title='bbox 885 1371 1078 1421; x_wconf 82' lang='lat' dir='ltr'>adulterae</span> <span class='ocrx_word' id='word_1_229' title='bbox 1090 1372 1154 1426; x_wconf 86' lang='lat' dir='ltr'>Jo.</span> <span class='ocrx_word' id='word_1_230' title='bbox 1184 1370 1296 1412; x_wconf 79' lang='lat' dir='ltr'>Vm.</span> <span class='ocrx_word' id='word_1_231' title='bbox 1326 1372 1732 1422; x_wconf 85' lang='lat' dir='ltr'>Graecis,Ammonio</span> <span class='ocrx_word' id='word_1_232' title='bbox 1755 1386 1876 1426; x_wconf 80' lang='lat' dir='ltr'>aeque</span> 
     </span>
     <span class='ocr_line' id='line_1_23' title="bbox 138 1426 1878 1486; baseline -0.006 -8"><span class='ocrx_word' id='word_1_233' title='bbox 138 1452 184 1477; x_wconf 89' lang='lat' dir='ltr'>ac</span> <span class='ocrx_word' id='word_1_234' title='bbox 214 1435 400 1484; x_wconf 90' lang='lat' dir='ltr'>Eusebio,</span> <span class='ocrx_word' id='word_1_235' title='bbox 422 1430 784 1486; x_wconf 69' lang='lat' dir='ltr'>nunquamlestam.</span> <span class='ocrx_word' id='word_1_236' title='bbox 845 1443 881 1472; x_wconf 85' lang='lat'>2.</span> <span class='ocrx_word' id='word_1_237' title='bbox 911 1426 1051 1469; x_wconf 87' lang='lat' dir='ltr'>Codex</span> <span class='ocrx_word' id='word_1_238' title='bbox 1085 1427 1250 1475; x_wconf 50' lang='lat' dir='ltr'>Latinus,</span> <span class='ocrx_word' id='word_1_239' title='bbox 1264 1426 1420 1468; x_wconf 76' lang='lat' dir='ltr'>exhibet</span> <span class='ocrx_word' id='word_1_240' title='bbox 1438 1439 1601 1481; x_wconf 91' lang='lat' dir='ltr'>quatuor</span> <span class='ocrx_word' id='word_1_241' title='bbox 1619 1426 1878 1481; x_wconf 79' lang='lat' dir='ltr'>Evangelistas</span> 
     </span>
     <span class='ocr_line' id='line_1_24' title="bbox 139 1482 1890 1542; baseline -0.006 -9"><span class='ocrx_word' id='word_1_242' title='bbox 139 1493 182 1533; x_wconf 92' lang='lat' dir='ltr'>in</span> <span class='ocrx_word' id='word_1_243' title='bbox 202 1505 320 1533; x_wconf 89' lang='lat' dir='ltr'>unum</span> <span class='ocrx_word' id='word_1_244' title='bbox 338 1501 477 1542; x_wconf 90' lang='lat' dir='ltr'>corpus</span> <span class='ocrx_word' id='word_1_245' title='bbox 497 1486 710 1530; x_wconf 82' lang='lat' dir='ltr'>conflatos:</span> <span class='ocrx_word' id='word_1_246' title='bbox 742 1484 976 1529; x_wconf 85' lang='lat' dir='ltr'>Ammonius</span> <span class='ocrx_word' id='word_1_247' title='bbox 997 1495 1123 1531; x_wconf 77' lang='lat' dir='ltr'>autem</span> <span class='ocrx_word' id='word_1_248' title='bbox 1143 1482 1340 1536; x_wconf 88' lang='lat' dir='ltr'>quaternis</span> <span class='ocrx_word' id='word_1_249' title='bbox 1360 1482 1548 1522; x_wconf 87' lang='lat' dir='ltr'>columnis</span> <span class='ocrx_word' id='word_1_250' title='bbox 1566 1493 1730 1536; x_wconf 88' lang='lat' dir='ltr'>quatuor</span> <span class='ocrx_word' id='word_1_251' title='bbox 1752 1482 1890 1523; x_wconf 51' lang='lat' dir='ltr'>Evan?</span> 
     </span>
     <span class='ocr_line' id='line_1_25' title="bbox 140 1532 1884 1601; baseline -0.006 -13"><span class='ocrx_word' id='word_1_252' title='bbox 140 1547 290 1601; x_wconf 81' lang='lat' dir='ltr'>gelistas</span> <span class='ocrx_word' id='word_1_253' title='bbox 309 1544 485 1586; x_wconf 65' lang='lat' dir='ltr'>distin&amp;e</span> <span class='ocrx_word' id='word_1_254' title='bbox 505 1540 771 1594; x_wconf 81' lang='lat' dir='ltr'>descripserat,</span> <span class='ocrx_word' id='word_1_255' title='bbox 802 1540 897 1580; x_wconf 90' lang='lat' dir='ltr'>haec</span> <span class='ocrx_word' id='word_1_256' title='bbox 916 1538 1020 1579; x_wconf 83' lang='lat' dir='ltr'>enim</span> <span class='ocrx_word' id='word_1_257' title='bbox 1039 1538 1094 1578; x_wconf 85' lang='lat' dir='ltr'>est</span> <span class='ocrx_word' id='word_1_258' title='bbox 1116 1538 1175 1578; x_wconf 83' lang='lat' dir='ltr'>vis</span> <span class='ocrx_word' id='word_1_259' title='bbox 1193 1537 1298 1578; x_wconf 90' lang='lat' dir='ltr'>verbi</span> <span class='ocrx_word' id='word_1_260' title='bbox 1319 1532 1506 1590; x_wconf 67' lang='grc' dir='ltr'>τιταςαθεὶς,</span> <span class='ocrx_word' id='word_1_261' title='bbox 1534 1537 1559 1578; x_wconf 91' lang='lat' dir='ltr'>i.</span> <span class='ocrx_word' id='word_1_262' title='bbox 1586 1551 1618 1577; x_wconf 90' lang='lat' dir='ltr'>e.</span> <span class='ocrx_word' id='word_1_263' title='bbox 1646 1538 1753 1590; x_wconf 82' lang='lat' dir='ltr'>juxta</span> <span class='ocrx_word' id='word_1_264' title='bbox 1771 1538 1884 1579; x_wconf 36' lang='lat' dir='ltr'>Mat-i</span> 
     </span>
     <span class='ocr_line' id='line_1_26' title="bbox 138 1592 1883 1653; baseline -0.005 -10"><span class='ocrx_word' id='word_1_265' title='bbox 138 1602 296 1643; x_wconf 88' lang='lat' dir='ltr'>thaeum</span> <span class='ocrx_word' id='word_1_266' title='bbox 315 1599 482 1653; x_wconf 81' lang='lat' dir='ltr'>reliquos</span> <span class='ocrx_word' id='word_1_267' title='bbox 501 1596 688 1651; x_wconf 90' lang='lat' dir='ltr'>apposuit.</span> <span class='ocrx_word' id='word_1_268' title='bbox 721 1608 756 1648; x_wconf 86' lang='lat'>3.</span> <span class='ocrx_word' id='word_1_269' title='bbox 786 1595 945 1641; x_wconf 84' lang='lat' dir='ltr'>Latinus</span> <span class='ocrx_word' id='word_1_270' title='bbox 956 1592 1188 1641; x_wconf 81' lang='lat' dir='ltr'>Ammonius</span> <span class='ocrx_word' id='word_1_271' title='bbox 1207 1593 1373 1638; x_wconf 88' lang='lat' dir='ltr'>numeris</span> <span class='ocrx_word' id='word_1_272' title='bbox 1394 1603 1543 1632; x_wconf 89' lang='lat' dir='ltr'>tantum</span> <span class='ocrx_word' id='word_1_273' title='bbox 1556 1592 1738 1645; x_wconf 77' lang='lat' dir='ltr'>appositis</span> <span class='ocrx_word' id='word_1_274' title='bbox 1756 1593 1883 1646; x_wconf 64' lang='lat' dir='ltr'>parab.</span> 
     </span>
     <span class='ocr_line' id='line_1_27' title="bbox 138 1647 1875 1706; baseline -0.006 -7"><span class='ocrx_word' id='word_1_275' title='bbox 138 1658 210 1702; x_wconf 82' lang='lat' dir='ltr'>lela</span> <span class='ocrx_word' id='word_1_276' title='bbox 229 1668 440 1703; x_wconf 81' lang='lat' dir='ltr'>ceterorum</span> <span class='ocrx_word' id='word_1_277' title='bbox 460 1651 787 1706; x_wconf 76' lang='lat' dir='ltr'>Evangelistarum</span> <span class='ocrx_word' id='word_1_278' title='bbox 804 1649 889 1691; x_wconf 88' lang='lat' dir='ltr'>loca</span> <span class='ocrx_word' id='word_1_279' title='bbox 906 1647 1052 1696; x_wconf 72' lang='lat' dir='ltr'>indicat</span> <span class='ocrx_word' id='word_1_280' title='bbox 1064 1662 1072 1687; x_wconf 87' lang='lat'>:</span> <span class='ocrx_word' id='word_1_281' title='bbox 1084 1648 1182 1692; x_wconf 81' lang='lat' dir='ltr'>istud.</span> <span class='ocrx_word' id='word_1_282' title='bbox 1202 1660 1329 1696; x_wconf 87' lang='lat' dir='ltr'>autem</span> <span class='ocrx_word' id='word_1_283' title='bbox 1340 1661 1421 1687; x_wconf 89' lang='lat' dir='ltr'>non</span> <span class='ocrx_word' id='word_1_284' title='bbox 1433 1648 1564 1701; x_wconf 90' lang='lat' dir='ltr'>utique</span> <span class='ocrx_word' id='word_1_285' title='bbox 1577 1649 1796 1697; x_wconf 69' lang='lat' dir='ltr'>Ammoffli,</span> <span class='ocrx_word' id='word_1_286' title='bbox 1808 1647 1875 1689; x_wconf 90' lang='lat' dir='ltr'>sed</span> 
     </span>
     <span class='ocr_line' id='line_1_28' title="bbox 139 1702 1885 1762; baseline -0.006 -9"><span class='ocrx_word' id='word_1_287' title='bbox 139 1712 313 1762; x_wconf 81' lang='lat' dir='ltr'>Eusebii,</span> <span class='ocrx_word' id='word_1_288' title='bbox 340 1721 383 1751; x_wconf 90' lang='lat' dir='ltr'>ut</span> <span class='ocrx_word' id='word_1_289' title='bbox 403 1706 638 1762; x_wconf 79' lang='lat' dir='ltr'>ipsediserte</span> <span class='ocrx_word' id='word_1_290' title='bbox 655 1703 1126 1750; x_wconf 49' lang='lat' dir='ltr'>testaturstnventumest.</span> <span class='ocrx_word' id='word_1_291' title='bbox 1155 1714 1196 1753; x_wconf 57' lang='lat'>4.‚</span> <span class='ocrx_word' id='word_1_292' title='bbox 1227 1703 1386 1750; x_wconf 76' lang='lat' dir='ltr'>Latinus</span> <span class='ocrx_word' id='word_1_293' title='bbox 1406 1702 1636 1742; x_wconf 89' lang='lat' dir='ltr'>Ammonius</span> <span class='ocrx_word' id='word_1_294' title='bbox 1645 1702 1809 1742; x_wconf 86' lang='lat' dir='ltr'>eandem</span> <span class='ocrx_word' id='word_1_295' title='bbox 1819 1703 1885 1746; x_wconf 82' lang='lat' dir='ltr'>hi-,</span> 
     </span>
     <span class='ocr_line' id='line_1_29' title="bbox 139 1755 1887 1820; baseline -0.005 -12"><span class='ocrx_word' id='word_1_296' title='bbox 139 1767 297 1820; x_wconf 71' lang='lat' dir='ltr'>storiam</span> <span class='ocrx_word' id='word_1_297' title='bbox 315 1763 429 1807; x_wconf 86' lang='lat' dir='ltr'>semel</span> <span class='ocrx_word' id='word_1_298' title='bbox 448 1773 599 1805; x_wconf 87' lang='lat' dir='ltr'>tantum</span> <span class='ocrx_word' id='word_1_299' title='bbox 619 1758 954 1812; x_wconf 69' lang='lat' dir='ltr'>natratmihilque</span> <span class='ocrx_word' id='word_1_300' title='bbox 970 1757 1128 1810; x_wconf 82' lang='lat' dir='ltr'>repetit:</span> <span class='ocrx_word' id='word_1_301' title='bbox 1159 1756 1392 1803; x_wconf 84' lang='lat' dir='ltr'>Ammonius</span> <span class='ocrx_word' id='word_1_302' title='bbox 1409 1755 1518 1810; x_wconf 90' lang='lat' dir='ltr'>quod</span> <span class='ocrx_word' id='word_1_303' title='bbox 1536 1756 1639 1810; x_wconf 88' lang='lat' dir='ltr'>apud</span> <span class='ocrx_word' id='word_1_304' title='bbox 1650 1756 1819 1799; x_wconf 91' lang='lat' dir='ltr'>diversos</span> <span class='ocrx_word' id='word_1_305' title='bbox 1830 1759 1887 1800; x_wconf 48' lang='lat' dir='ltr'>Es</span> 
     </span>
     <span class='ocr_line' id='line_1_30' title="bbox 139 1810 1886 1878; baseline -0.005 -14"><span class='ocrx_word' id='word_1_306' title='bbox 139 1820 370 1878; x_wconf 70' lang='lat' dir='ltr'>vangelistas</span> <span class='ocrx_word' id='word_1_307' title='bbox 386 1819 444 1861; x_wconf 86' lang='lat' dir='ltr'>bis</span> <span class='ocrx_word' id='word_1_308' title='bbox 465 1827 570 1859; x_wconf 86' lang='lat' dir='ltr'>terve</span> <span class='ocrx_word' id='word_1_309' title='bbox 591 1825 775 1870; x_wconf 75' lang='lat' dir='ltr'>quaterve</span> <span class='ocrx_word' id='word_1_310' title='bbox 784 1813 923 1862; x_wconf 76' lang='lat' dir='ltr'>iisdem</span> <span class='ocrx_word' id='word_1_311' title='bbox 935 1811 1059 1856; x_wconf 86' lang='lat' dir='ltr'>verbis</span> <span class='ocrx_word' id='word_1_312' title='bbox 1069 1811 1293 1859; x_wconf 85' lang='lat' dir='ltr'>occurrebat</span> <span class='ocrx_word' id='word_1_313' title='bbox 1303 1842 1315 1862; x_wconf 82' lang='lat'>,</span> <span class='ocrx_word' id='word_1_314' title='bbox 1326 1810 1461 1853; x_wconf 85' lang='lat' dir='ltr'>iisdem</span> <span class='ocrx_word' id='word_1_315' title='bbox 1473 1812 1595 1856; x_wconf 85' lang='lat' dir='ltr'>verbis</span> <span class='ocrx_word' id='word_1_316' title='bbox 1605 1811 1661 1852; x_wconf 90' lang='lat' dir='ltr'>bis</span> <span class='ocrx_word' id='word_1_317' title='bbox 1673 1823 1776 1854; x_wconf 89' lang='lat' dir='ltr'>terve</span> <span class='ocrx_word' id='word_1_318' title='bbox 1787 1828 1886 1868; x_wconf 87' lang='lat' dir='ltr'>qua-.</span> 
     </span>
     <span class='ocr_line' id='line_1_31' title="bbox 142 1864 1852 1931; baseline -0.002 -18"><span class='ocrx_word' id='word_1_319' title='bbox 142 1888 250 1922; x_wconf 59' lang='lat' dir='ltr'>terve</span> <span class='ocrx_word' id='word_1_320' title='bbox 267 1876 393 1931; x_wconf 71' lang='lat' dir='ltr'>posuit</span> <span class='ocrx_word' id='word_1_321' title='bbox 408 1907 420 1925; x_wconf 90' lang='lat'>‚</span> <span class='ocrx_word' id='word_1_322' title='bbox 446 1873 565 1920; x_wconf 61' lang='lat' dir='ltr'>etiam</span> <span class='ocrx_word' id='word_1_323' title='bbox 589 1868 661 1913; x_wconf 73' lang='grc' dir='ltr'>τοὶς</span> <span class='ocrx_word' id='word_1_324' title='bbox 680 1867 863 1919; x_wconf 62' lang='grc' dir='ltr'>ὃμοφῲνρρς</span> <span class='ocrx_word' id='word_1_325' title='bbox 881 1866 935 1916; x_wconf 57' lang='grc' dir='ltr'>τῷ</span> <span class='ocrx_word' id='word_1_326' title='bbox 967 1865 1097 1913; x_wconf 66' lang='grc' dir='ltr'>λοιπόν</span> <span class='ocrx_word' id='word_1_327' title='bbox 1117 1865 1364 1916; x_wconf 61' lang='grc' dir='ltr'>ἒυαγγελιςῖᾆν</span> <span class='ocrx_word' id='word_1_328' title='bbox 1385 1864 1582 1918; x_wconf 63' lang='grc' dir='ltr'>περικοπεὶς</span> <span class='ocrx_word' id='word_1_329' title='bbox 1610 1865 1809 1919; x_wconf 54' lang='lat' dir='ltr'>vapsi-&amp;alst</span> <span class='ocrx_word' id='word_1_330' title='bbox 1839 1869 1852 1909; x_wconf 83' lang='lat' dir='ltr'>i</span> 
     </span>
     <span class='ocr_line' id='line_1_32' title="bbox 140 1921 1880 1987; baseline -0.005 -14"><span class='ocrx_word' id='word_1_331' title='bbox 140 1933 250 1987; x_wconf 78' lang='lat' dir='ltr'>quod</span> <span class='ocrx_word' id='word_1_332' title='bbox 270 1932 388 1973; x_wconf 85' lang='lat' dir='ltr'>etiam</span> <span class='ocrx_word' id='word_1_333' title='bbox 408 1927 556 1971; x_wconf 70' lang='lat' dir='ltr'>Minius</span> <span class='ocrx_word' id='word_1_334' title='bbox 574 1925 696 1972; x_wconf 73' lang='lat' dir='ltr'>vidit3</span> <span class='ocrx_word' id='word_1_335' title='bbox 723 1922 943 1974; x_wconf 70' lang='lat' dir='ltr'>„Eusebius</span> <span class='ocrx_word' id='word_1_336' title='bbox 953 1921 1070 1982; x_wconf 76' lang='lat' dir='ltr'>dicit,</span> <span class='ocrx_word' id='word_1_337' title='bbox 1082 1922 1336 1965; x_wconf 86' lang='lat' dir='ltr'>Ammonium</span> <span class='ocrx_word' id='word_1_338' title='bbox 1347 1921 1538 1962; x_wconf 88' lang='lat' dir='ltr'>Matthaei</span> <span class='ocrx_word' id='word_1_339' title='bbox 1550 1922 1762 1977; x_wconf 81' lang='lat' dir='ltr'>Evangelio</span> <span class='ocrx_word' id='word_1_340' title='bbox 1775 1923 1880 1978; x_wconf 90' lang='lat' dir='ltr'>adje-</span> 
     </span>
     <span class='ocr_line' id='line_1_33' title="bbox 140 1974 1879 2039; baseline -0.007 -8"><span class='ocrx_word' id='word_1_341' title='bbox 140 2014 168 2039; x_wconf 84' lang='lat'>,‚</span> <span class='ocrx_word' id='word_1_342' title='bbox 198 1987 287 2031; x_wconf 80' lang='lat' dir='ltr'>ciffe</span> <span class='ocrx_word' id='word_1_343' title='bbox 302 1987 344 2029; x_wconf 85' lang='lat' dir='ltr'>in</span> <span class='ocrx_word' id='word_1_344' title='bbox 364 1985 441 2027; x_wconf 76' lang='lat' dir='ltr'>hoc</span> <span class='ocrx_word' id='word_1_345' title='bbox 460 1982 594 2036; x_wconf 74' lang='lat' dir='ltr'>Opere</span> <span class='ocrx_word' id='word_1_346' title='bbox 611 1991 825 2024; x_wconf 84' lang='lat' dir='ltr'>ceterorum</span> <span class='ocrx_word' id='word_1_347' title='bbox 845 1976 1171 2032; x_wconf 65' lang='lat' dir='ltr'>Evangelissarum</span> <span class='ocrx_word' id='word_1_348' title='bbox 1199 1977 1284 2023; x_wconf 89' lang='lat' dir='ltr'>loca</span> <span class='ocrx_word' id='word_1_349' title='bbox 1314 1974 1471 2025; x_wconf 72' lang='grc' dir='ltr'>ὁμόφωνα</span> <span class='ocrx_word' id='word_1_350' title='bbox 1499 1976 1562 2017; x_wconf 88' lang='lat' dir='ltr'>seu</span> <span class='ocrx_word' id='word_1_351' title='bbox 1581 1978 1879 2028; x_wconf 79' lang='lat' dir='ltr'>concordantia;</span> 
     </span>
     <span class='ocr_line' id='line_1_34' title="bbox 197 2029 1887 2088; baseline -0.005 -4"><span class='ocrx_word' id='word_1_352' title='bbox 197 2057 286 2084; x_wconf 90' lang='lat' dir='ltr'>cum</span> <span class='ocrx_word' id='word_1_353' title='bbox 314 2051 442 2082; x_wconf 89' lang='lat' dir='ltr'>autem</span> <span class='ocrx_word' id='word_1_354' title='bbox 472 2051 519 2079; x_wconf 80' lang='lat' dir='ltr'>ex</span> <span class='ocrx_word' id='word_1_355' title='bbox 549 2034 766 2081; x_wconf 79' lang='lat' dir='ltr'>Harmonia</span> <span class='ocrx_word' id='word_1_356' title='bbox 783 2032 863 2088; x_wconf 88' lang='lat' dir='ltr'>ipsa</span> <span class='ocrx_word' id='word_1_357' title='bbox 887 2030 1046 2087; x_wconf 90' lang='lat' dir='ltr'>[Latina</span> <span class='ocrx_word' id='word_1_358' title='bbox 1067 2029 1165 2086; x_wconf 63' lang='lat' dir='ltr'>scih]</span> <span class='ocrx_word' id='word_1_359' title='bbox 1198 2031 1368 2083; x_wconf 82' lang='lat' dir='ltr'>constet,</span> <span class='ocrx_word' id='word_1_360' title='bbox 1397 2046 1486 2072; x_wconf 91' lang='lat' dir='ltr'>eum</span> <span class='ocrx_word' id='word_1_361' title='bbox 1504 2032 1609 2073; x_wconf 89' lang='lat' dir='ltr'>haud</span> <span class='ocrx_word' id='word_1_362' title='bbox 1627 2033 1803 2086; x_wconf 69' lang='lat' dir='ltr'>adjecisse</span> <span class='ocrx_word' id='word_1_363' title='bbox 1824 2035 1887 2077; x_wconf 66' lang='lat' dir='ltr'>lo-¹</span> 
     </span>
     <span class='ocr_line' id='line_1_35' title="bbox 140 2086 1881 2150; baseline -0.006 -10"><span class='ocrx_word' id='word_1_364' title='bbox 140 2129 168 2150; x_wconf 88' lang='lat'>‚,</span> <span class='ocrx_word' id='word_1_365' title='bbox 196 2104 329 2145; x_wconf 83' lang='lat' dir='ltr'>corum</span> <span class='ocrx_word' id='word_1_366' title='bbox 358 2095 520 2137; x_wconf 61' lang='lat' dir='ltr'>istorumss</span> <span class='ocrx_word' id='word_1_367' title='bbox 545 2089 865 2137; x_wconf 72' lang='lat' dir='ltr'>concordantium</span> <span class='ocrx_word' id='word_1_368' title='bbox 885 2087 966 2142; x_wconf 84' lang='lat' dir='ltr'>ipsa</span> <span class='ocrx_word' id='word_1_369' title='bbox 979 2087 1096 2135; x_wconf 55' lang='lat' dir='ltr'>verba</span> <span class='ocrx_word' id='word_1_370' title='bbox 1115 2090 1221 2128; x_wconf 87' lang='lat' dir='ltr'>&amp;c”.</span> <span class='ocrx_word' id='word_1_371' title='bbox 1278 2086 1354 2127; x_wconf 89' lang='lat' dir='ltr'>Pro</span> <span class='ocrx_word' id='word_1_372' title='bbox 1374 2101 1422 2128; x_wconf 94' lang='lat' dir='ltr'>eo</span> <span class='ocrx_word' id='word_1_373' title='bbox 1444 2098 1594 2139; x_wconf 86' lang='lat' dir='ltr'>autem,</span> <span class='ocrx_word' id='word_1_374' title='bbox 1624 2088 1731 2142; x_wconf 89' lang='lat' dir='ltr'>quod</span> <span class='ocrx_word' id='word_1_375' title='bbox 1752 2103 1881 2130; x_wconf 88' lang='lat' dir='ltr'>neces-</span> 
     </span>
     <span class='ocr_line' id='line_1_36' title="bbox 141 2142 1879 2199; baseline -0.005 -5"><span class='ocrx_word' id='word_1_376' title='bbox 141 2154 239 2199; x_wconf 70' lang='lat' dir='ltr'>sario</span> <span class='ocrx_word' id='word_1_377' title='bbox 263 2150 355 2196; x_wconf 84' lang='lat' dir='ltr'>inde</span> <span class='ocrx_word' id='word_1_378' title='bbox 375 2145 786 2193; x_wconf 61' lang='lat' dir='ltr'>debebatjconcludaere</span> <span class='ocrx_word' id='word_1_379' title='bbox 808 2142 975 2193; x_wconf 75' lang='lat' dir='ltr'>Minius,</span> <span class='ocrx_word' id='word_1_380' title='bbox 1004 2143 1181 2191; x_wconf 86' lang='lat' dir='ltr'>Latinam</span> <span class='ocrx_word' id='word_1_381' title='bbox 1199 2142 1458 2190; x_wconf 83' lang='lat' dir='ltr'>Harmoniam</span> <span class='ocrx_word' id='word_1_382' title='bbox 1478 2156 1559 2182; x_wconf 92' lang='lat' dir='ltr'>non</span> <span class='ocrx_word' id='word_1_383' title='bbox 1582 2144 1879 2196; x_wconf 80' lang='lat' dir='ltr'>Ammoniiesse,</span> 
     </span>
     <span class='ocr_line' id='line_1_37' title="bbox 141 2197 1880 2260; baseline -0.005 -11"><span class='ocrx_word' id='word_1_384' title='bbox 141 2210 183 2249; x_wconf 90' lang='lat' dir='ltr'>in</span> <span class='ocrx_word' id='word_1_385' title='bbox 215 2208 286 2249; x_wconf 83' lang='lat' dir='ltr'>alia</span> <span class='ocrx_word' id='word_1_386' title='bbox 314 2206 442 2260; x_wconf 82' lang='lat' dir='ltr'>potius</span> <span class='ocrx_word' id='word_1_387' title='bbox 470 2203 602 2245; x_wconf 87' lang='lat' dir='ltr'>omnia</span> <span class='ocrx_word' id='word_1_388' title='bbox 633 2201 733 2252; x_wconf 79' lang='lat' dir='ltr'>abit,</span> <span class='ocrx_word' id='word_1_389' title='bbox 762 2212 877 2254; x_wconf 77' lang='lat' dir='ltr'>atque</span> <span class='ocrx_word' id='word_1_390' title='bbox 899 2198 967 2245; x_wconf 87' lang='lat' dir='ltr'>fibi</span> <span class='ocrx_word' id='word_1_391' title='bbox 986 2210 1116 2255; x_wconf 85' lang='lat' dir='ltr'>aperte</span> <span class='ocrx_word' id='word_1_392' title='bbox 1136 2197 1375 2244; x_wconf 82' lang='lat' dir='ltr'>contradici-t.</span> <span class='ocrx_word' id='word_1_393' title='bbox 1437 2211 1470 2249; x_wconf 84' lang='lat'>5.</span> <span class='ocrx_word' id='word_1_394' title='bbox 1499 2198 1537 2238; x_wconf 86' lang='lat' dir='ltr'>Si</span> <span class='ocrx_word' id='word_1_395' title='bbox 1555 2199 1787 2240; x_wconf 88' lang='lat' dir='ltr'>Ammonius</span> <span class='ocrx_word' id='word_1_396' title='bbox 1811 2215 1880 2240; x_wconf 68' lang='lat' dir='ltr'>vo-</span> 
     </span>
     <span class='ocr_line' id='line_1_38' title="bbox 140 2252 1878 2315; baseline -0.005 -11"><span class='ocrx_word' id='word_1_397' title='bbox 140 2264 263 2315; x_wconf 74' lang='lat' dir='ltr'>luiss&#39;et&#39;</span> <span class='ocrx_word' id='word_1_398' title='bbox 291 2274 427 2303; x_wconf 91' lang='lat' dir='ltr'>omnes</span> <span class='ocrx_word' id='word_1_399' title='bbox 454 2257 713 2314; x_wconf 74' lang='lat' dir='ltr'>Evangelistras</span> <span class='ocrx_word' id='word_1_400' title='bbox 741 2253 964 2310; x_wconf 85' lang='lat' dir='ltr'>permiscere</span> <span class='ocrx_word' id='word_1_401' title='bbox 989 2265 1104 2308; x_wconf 90' lang='lat' dir='ltr'>atque</span> <span class='ocrx_word' id='word_1_402' title='bbox 1131 2252 1392 2304; x_wconf 84' lang='lat' dir='ltr'>confundere,</span> <span class='ocrx_word' id='word_1_403' title='bbox 1422 2253 1517 2307; x_wconf 88' lang='lat' dir='ltr'>quid</span> <span class='ocrx_word' id='word_1_404' title='bbox 1549 2253 1598 2298; x_wconf 87' lang='lat' dir='ltr'>ad</span> <span class='ocrx_word' id='word_1_405' title='bbox 1617 2254 1698 2307; x_wconf 86' lang='lat' dir='ltr'>ejus</span> <span class='ocrx_word' id='word_1_406' title='bbox 1719 2254 1878 2309; x_wconf 88' lang='lat' dir='ltr'>scopum</span> 
     </span>
     <span class='ocr_line' id='line_1_39' title="bbox 143 2305 1880 2367; baseline -0.009 -7"><span class='ocrx_word' id='word_1_407' title='bbox 143 2319 287 2365; x_wconf 77' lang='lat' dir='ltr'>fecisset</span> <span class='ocrx_word' id='word_1_408' title='bbox 321 2326 494 2358; x_wconf 88' lang='lat' dir='ltr'>accurata</span> <span class='ocrx_word' id='word_1_409' title='bbox 519 2314 581 2354; x_wconf 88' lang='lat' dir='ltr'>illa</span> <span class='ocrx_word' id='word_1_410' title='bbox 603 2311 838 2367; x_wconf 81' lang='lat' dir='ltr'>singulorum,</span> <span class='ocrx_word' id='word_1_411' title='bbox 854 2309 1049 2361; x_wconf 60' lang='lat' dir='ltr'>diffinitio</span> <span class='ocrx_word' id='word_1_412' title='bbox 1068 2309 1110 2349; x_wconf 90' lang='lat' dir='ltr'>in</span> <span class='ocrx_word' id='word_1_413' title='bbox 1130 2305 1281 2351; x_wconf 77' lang='grc' dir='ltr'>τίτλους</span> <span class='ocrx_word' id='word_1_414' title='bbox 1301 2311 1341 2348; x_wconf 89' lang='lat'>&amp;</span> <span class='ocrx_word' id='word_1_415' title='bbox 1361 2308 1566 2359; x_wconf 65' lang='grc' dir='ltr'>κεφάλαια,</span> <span class='ocrx_word' id='word_1_416' title='bbox 1595 2323 1710 2363; x_wconf 89' lang='lat' dir='ltr'>quam</span> <span class='ocrx_word' id='word_1_417' title='bbox 1733 2309 1880 2351; x_wconf 77' lang='lat' dir='ltr'>M1llius</span> 
     </span>
     <span class='ocr_line' id='line_1_40' title="bbox 142 2363 1882 2428; baseline -0.006 -13"><span class='ocrx_word' id='word_1_418' title='bbox 142 2374 213 2428; x_wconf 77' lang='lat' dir='ltr'>ipsi</span> <span class='ocrx_word' id='word_1_419' title='bbox 241 2372 444 2415; x_wconf 85' lang='lat' dir='ltr'>adscribit?</span> <span class='ocrx_word' id='word_1_420' title='bbox 474 2380 538 2412; x_wconf 82' lang='lat' dir='ltr'>aut</span> <span class='ocrx_word' id='word_1_421' title='bbox 570 2368 597 2409; x_wconf 89' lang='lat' dir='ltr'><strong>fi</strong></span> <span class='ocrx_word' id='word_1_422' title='bbox 629 2365 764 2414; x_wconf 84' lang='lat' dir='ltr'>eadem</span> <span class='ocrx_word' id='word_1_423' title='bbox 795 2365 991 2410; x_wconf 67' lang='lat' dir='ltr'>distinffio</span> <span class='ocrx_word' id='word_1_424' title='bbox 1009 2377 1056 2405; x_wconf 88' lang='lat' dir='ltr'>ex</span> <span class='ocrx_word' id='word_1_425' title='bbox 1075 2364 1215 2404; x_wconf 88' lang='lat' dir='ltr'>veriori</span> <span class='ocrx_word' id='word_1_426' title='bbox 1235 2363 1421 2409; x_wconf 85' lang='lat' dir='ltr'>sententia</span> <span class='ocrx_word' id='word_1_427' title='bbox 1441 2363 1589 2404; x_wconf 88' lang='lat' dir='ltr'>Eusebii</span> <span class='ocrx_word' id='word_1_428' title='bbox 1609 2364 1686 2415; x_wconf 88' lang='lat' dir='ltr'>est,</span> <span class='ocrx_word' id='word_1_429' title='bbox 1714 2365 1809 2418; x_wconf 90' lang='lat' dir='ltr'>quid</span> <span class='ocrx_word' id='word_1_430' title='bbox 1829 2365 1882 2405; x_wconf 85' lang='lat' dir='ltr'>la·</span> 
     </span>
     <span class='ocr_line' id='line_1_41' title="bbox 142 2416 1881 2477; baseline -0.006 -8"><span class='ocrx_word' id='word_1_431' title='bbox 142 2430 213 2473; x_wconf 80' lang='lat' dir='ltr'>bor</span> <span class='ocrx_word' id='word_1_432' title='bbox 244 2426 445 2473; x_wconf 69' lang='lat' dir='ltr'>Ammoriii</span> <span class='ocrx_word' id='word_1_433' title='bbox 473 2425 600 2477; x_wconf 83' lang='lat' dir='ltr'>potuit</span> <span class='ocrx_word' id='word_1_434' title='bbox 625 2424 758 2477; x_wconf 84' lang='lat' dir='ltr'>juvare</span> <span class='ocrx_word' id='word_1_435' title='bbox 788 2420 1014 2470; x_wconf 74' lang='lat' dir='ltr'>Eusebium,</span> <span class='ocrx_word' id='word_1_436' title='bbox 1043 2420 1110 2473; x_wconf 88' lang='lat' dir='ltr'>qui</span> <span class='ocrx_word' id='word_1_437' title='bbox 1139 2418 1277 2460; x_wconf 85' lang='lat' dir='ltr'>fatetur</span> <span class='ocrx_word' id='word_1_438' title='bbox 1295 2417 1334 2458; x_wconf 72' lang='grc' dir='ltr'>ἔκ.</span> <span class='ocrx_word' id='word_1_439' title='bbox 1353 2419 1416 2460; x_wconf 67' lang='grc' dir='ltr'>τοῦ</span> <span class='ocrx_word' id='word_1_440' title='bbox 1435 2416 1657 2471; x_wconf 69' lang='grc' dir='ltr'>προειρημένου</span> <span class='ocrx_word' id='word_1_441' title='bbox 1678 2417 1881 2468; x_wconf 53' lang='lat' dir='ltr'>&amp;ovium-013</span> 
     </span>
     <span class='ocr_line' id='line_1_42' title="bbox 143 2473 1882 2534; baseline -0.005 -11"><span class='ocrx_word' id='word_1_442' title='bbox 143 2485 206 2529; x_wconf 72' lang='grc' dir='ltr'>τοῦ</span> <span class='ocrx_word' id='word_1_443' title='bbox 234 2479 344 2534; x_wconf 61' lang='grc' dir='ltr'>ἀνδρὸς</span> <span class='ocrx_word' id='word_1_444' title='bbox 373 2477 536 2529; x_wconf 69' lang='grc' dir='ltr'>ὲιληφὲναι</span> <span class='ocrx_word' id='word_1_445' title='bbox 563 2475 746 2531; x_wconf 54' lang='lat' dir='ltr'>&amp;angl-calz,</span> <span class='ocrx_word' id='word_1_446' title='bbox 775 2490 860 2518; x_wconf 90' lang='lat' dir='ltr'>cum</span> <span class='ocrx_word' id='word_1_447' title='bbox 879 2473 1053 2516; x_wconf 74' lang='lat' dir='ltr'>confusio</span> <span class='ocrx_word' id='word_1_448' title='bbox 1073 2474 1398 2529; x_wconf 83' lang='lat' dir='ltr'>Evangelistarum</span> <span class='ocrx_word' id='word_1_449' title='bbox 1416 2475 1548 2529; x_wconf 90' lang='lat' dir='ltr'>utique</span> <span class='ocrx_word' id='word_1_450' title='bbox 1566 2474 1743 2515; x_wconf 88' lang='lat' dir='ltr'>ordinem</span> <span class='ocrx_word' id='word_1_451' title='bbox 1765 2480 1803 2515; x_wconf 90' lang='lat'>&amp;</span> <span class='ocrx_word' id='word_1_452' title='bbox 1821 2475 1882 2515; x_wconf 90' lang='lat' dir='ltr'>di-</span> 
     </span>
     <span class='ocr_line' id='line_1_43' title="bbox 144 2528 1879 2588; baseline -0.005 -9"><span class='ocrx_word' id='word_1_453' title='bbox 144 2539 390 2584; x_wconf 67' lang='lat' dir='ltr'>stinstionem</span> <span class='ocrx_word' id='word_1_454' title='bbox 426 2549 505 2581; x_wconf 84' lang='lat' dir='ltr'>non</span> <span class='ocrx_word' id='word_1_455' title='bbox 533 2537 663 2588; x_wconf 89' lang='lat' dir='ltr'>juvet,</span> <span class='ocrx_word' id='word_1_456' title='bbox 691 2532 756 2575; x_wconf 88' lang='lat' dir='ltr'>sed</span> <span class='ocrx_word' id='word_1_457' title='bbox 788 2530 917 2586; x_wconf 82' lang='lat' dir='ltr'>potius</span> <span class='ocrx_word' id='word_1_458' title='bbox 946 2530 1070 2575; x_wconf 88' lang='lat' dir='ltr'>turbet</span> <span class='ocrx_word' id='word_1_459' title='bbox 1098 2540 1213 2583; x_wconf 88' lang='lat' dir='ltr'>atque</span> <span class='ocrx_word' id='word_1_460' title='bbox 1233 2528 1489 2582; x_wconf 75' lang='lat' dir='ltr'>difficiliorem</span> <span class='ocrx_word' id='word_1_461' title='bbox 1510 2530 1671 2570; x_wconf 83' lang='lat' dir='ltr'>reddat?</span> <span class='ocrx_word' id='word_1_462' title='bbox 1703 2534 1738 2571; x_wconf 88' lang='lat'>6.</span> <span class='ocrx_word' id='word_1_463' title='bbox 1767 2530 1879 2572; x_wconf 86' lang='lat' dir='ltr'>Euse-</span> 
     </span>
     <span class='ocr_line' id='line_1_44' title="bbox 144 2584 1881 2641; baseline -0.005 -6"><span class='ocrx_word' id='word_1_464' title='bbox 144 2594 228 2640; x_wconf 83' lang='lat' dir='ltr'>bius</span> <span class='ocrx_word' id='word_1_465' title='bbox 257 2594 434 2641; x_wconf 86' lang='lat' dir='ltr'>testatur,</span> <span class='ocrx_word' id='word_1_466' title='bbox 464 2592 505 2631; x_wconf 89' lang='lat' dir='ltr'>in</span> <span class='ocrx_word' id='word_1_467' title='bbox 537 2588 737 2632; x_wconf 80' lang='lat' dir='ltr'>Ammoni-i</span> <span class='ocrx_word' id='word_1_468' title='bbox 766 2600 884 2641; x_wconf 90' lang='lat' dir='ltr'>opere</span> <span class='ocrx_word' id='word_1_469' title='bbox 908 2584 1152 2638; x_wconf 83' lang='lat' dir='ltr'>Matthaeum</span> <span class='ocrx_word' id='word_1_470' title='bbox 1168 2599 1240 2639; x_wconf 90' lang='lat' dir='ltr'>pro</span> <span class='ocrx_word' id='word_1_471' title='bbox 1260 2585 1335 2631; x_wconf 86' lang='lat' dir='ltr'>bafi</span> <span class='ocrx_word' id='word_1_472' title='bbox 1353 2584 1447 2636; x_wconf 80' lang='lat' dir='ltr'>esse,</span> <span class='ocrx_word' id='word_1_473' title='bbox 1478 2588 1518 2624; x_wconf 74' lang='grc' dir='ltr'>ὃς</span> <span class='ocrx_word' id='word_1_474' title='bbox 1538 2585 1729 2639; x_wconf 83' lang='lat' dir='ltr'>integrum</span> <span class='ocrx_word' id='word_1_475' title='bbox 1750 2599 1798 2626; x_wconf 91' lang='lat' dir='ltr'>eo</span> <span class='ocrx_word' id='word_1_476' title='bbox 1819 2600 1881 2626; x_wconf 91' lang='lat' dir='ltr'>or-</span> 
     </span>
     <span class='ocr_line' id='line_1_45' title="bbox 145 2640 1879 2702; baseline -0.005 -13"><span class='ocrx_word' id='word_1_477' title='bbox 145 2649 261 2699; x_wconf 86' lang='lat' dir='ltr'>dine,</span> <span class='ocrx_word' id='word_1_478' title='bbox 289 2662 374 2702; x_wconf 17' lang='lat' dir='ltr'>quoc</span> <span class='ocrx_word' id='word_1_479' title='bbox 389 2647 551 2700; x_wconf 73' lang='lat' dir='ltr'>scriptus,</span> <span class='ocrx_word' id='word_1_480' title='bbox 566 2645 643 2694; x_wconf 91' lang='lat' dir='ltr'>est,</span> <span class='ocrx_word' id='word_1_481' title='bbox 671 2642 863 2692; x_wconf 78' lang='lat' dir='ltr'>exhiberi,</span> <span class='ocrx_word' id='word_1_482' title='bbox 893 2640 1125 2694; x_wconf 91' lang='lat' dir='ltr'>reliquorum</span> <span class='ocrx_word' id='word_1_483' title='bbox 1146 2651 1272 2681; x_wconf 89' lang='lat' dir='ltr'>autem</span> <span class='ocrx_word' id='word_1_484' title='bbox 1293 2640 1620 2695; x_wconf 81' lang='lat' dir='ltr'>Evangelistarum</span> <span class='ocrx_word' id='word_1_485' title='bbox 1640 2652 1784 2681; x_wconf 86' lang='lat' dir='ltr'>textum</span> <span class='ocrx_word' id='word_1_486' title='bbox 1796 2655 1879 2680; x_wconf 90' lang='lat' dir='ltr'>non</span> 
     </span>
     <span class='ocr_line' id='line_1_46' title="bbox 145 2695 1881 2753; baseline -0.007 -5"><span class='ocrx_word' id='word_1_487' title='bbox 145 2704 315 2750; x_wconf 75' lang='lat' dir='ltr'>exhiberi</span> <span class='ocrx_word' id='word_1_488' title='bbox 335 2701 475 2743; x_wconf 71' lang='lat' dir='ltr'>eodem</span> <span class='ocrx_word' id='word_1_489' title='bbox 493 2699 653 2750; x_wconf 87' lang='lat' dir='ltr'>ordine,</span> <span class='ocrx_word' id='word_1_490' title='bbox 682 2712 762 2753; x_wconf 88' lang='lat' dir='ltr'>quo</span> <span class='ocrx_word' id='word_1_491' title='bbox 780 2695 1022 2751; x_wconf 87' lang='lat' dir='ltr'>scripserunt:</span> <span class='ocrx_word' id='word_1_492' title='bbox 1051 2706 1089 2735; x_wconf 87' lang='lat' dir='ltr'>at</span> <span class='ocrx_word' id='word_1_493' title='bbox 1110 2695 1150 2736; x_wconf 93' lang='lat' dir='ltr'>in</span> <span class='ocrx_word' id='word_1_494' title='bbox 1169 2696 1311 2736; x_wconf 89' lang='lat' dir='ltr'>Latino</span> <span class='ocrx_word' id='word_1_495' title='bbox 1337 2695 1549 2740; x_wconf 87' lang='lat' dir='ltr'>Ammonio</span> <span class='ocrx_word' id='word_1_496' title='bbox 1570 2709 1652 2734; x_wconf 90' lang='lat' dir='ltr'>non</span> <span class='ocrx_word' id='word_1_497' title='bbox 1673 2696 1786 2738; x_wconf 84' lang='lat' dir='ltr'>trium</span> <span class='ocrx_word' id='word_1_498' title='bbox 1797 2707 1881 2736; x_wconf 90' lang='lat' dir='ltr'>tan-</span> 
     </span>
     <span class='ocr_line' id='line_1_47' title="bbox 144 2750 1879 2812; baseline -0.006 -12"><span class='ocrx_word' id='word_1_499' title='bbox 144 2766 234 2812; x_wconf 71' lang='lat' dir='ltr'>rum&#39;</span> <span class='ocrx_word' id='word_1_500' title='bbox 258 2756 583 2812; x_wconf 82' lang='lat' dir='ltr'>Evangelistarum</span> <span class='ocrx_word' id='word_1_501' title='bbox 611 2754 843 2808; x_wconf 84' lang='lat' dir='ltr'>reliquorum</span> <span class='ocrx_word' id='word_1_502' title='bbox 862 2785 873 2802; x_wconf 91' lang='lat'>‚</span> <span class='ocrx_word' id='word_1_503' title='bbox 911 2750 977 2792; x_wconf 89' lang='lat' dir='ltr'>sed</span> <span class='ocrx_word' id='word_1_504' title='bbox 1002 2751 1116 2793; x_wconf 87' lang='lat' dir='ltr'>etiam</span> <span class='ocrx_word' id='word_1_505' title='bbox 1140 2750 1334 2797; x_wconf 80' lang='lat' dir='ltr'>Matthaei</span> <span class='ocrx_word' id='word_1_506' title='bbox 1352 2760 1474 2790; x_wconf 88' lang='lat' dir='ltr'>textus</span> <span class='ocrx_word' id='word_1_507' title='bbox 1494 2750 1730 2803; x_wconf 88' lang='lat' dir='ltr'>perturbatus</span> <span class='ocrx_word' id='word_1_508' title='bbox 1747 2750 1801 2790; x_wconf 92' lang='lat' dir='ltr'>est</span> <span class='ocrx_word' id='word_1_509' title='bbox 1821 2751 1879 2790; x_wconf 90' lang='lat' dir='ltr'>in-</span> 
     </span>
     <span class='ocr_line' id='line_1_48' title="bbox 144 2803 1880 2861; baseline -0.006 -5"><span class='ocrx_word' id='word_1_510' title='bbox 144 2814 335 2860; x_wconf 86' lang='lat' dir='ltr'>termixtis</span> <span class='ocrx_word' id='word_1_511' title='bbox 357 2823 573 2853; x_wconf 88' lang='lat' dir='ltr'>ceterorum</span> <span class='ocrx_word' id='word_1_512' title='bbox 600 2810 735 2851; x_wconf 83' lang='lat' dir='ltr'>verbis.</span> <span class='ocrx_word' id='word_1_513' title='bbox 791 2809 850 2849; x_wconf 89' lang='lat' dir='ltr'>Ex</span> <span class='ocrx_word' id='word_1_514' title='bbox 874 2806 1010 2861; x_wconf 87' lang='lat' dir='ltr'>quibus</span> <span class='ocrx_word' id='word_1_515' title='bbox 1038 2805 1216 2846; x_wconf 84' lang='lat' dir='ltr'>omnibus</span> <span class='ocrx_word' id='word_1_516' title='bbox 1243 2805 1466 2854; x_wconf 81' lang='lat' dir='ltr'>conficitur,</span> <span class='ocrx_word' id='word_1_517' title='bbox 1496 2803 1535 2844; x_wconf 92' lang='lat' dir='ltr'>id</span> <span class='ocrx_word' id='word_1_518' title='bbox 1569 2804 1676 2858; x_wconf 91' lang='lat' dir='ltr'>quod</span> <span class='ocrx_word' id='word_1_519' title='bbox 1700 2804 1765 2844; x_wconf 91' lang='lat' dir='ltr'>sub</span> <span class='ocrx_word' id='word_1_520' title='bbox 1783 2807 1880 2845; x_wconf 91' lang='lat' dir='ltr'>Am-</span> 
     </span>
     <span class='ocr_line' id='line_1_49' title="bbox 145 2859 1877 2915; baseline -0.006 -4"><span class='ocrx_word' id='word_1_521' title='bbox 145 2870 268 2913; x_wconf 72' lang='lat' dir='ltr'>monii</span> <span class='ocrx_word' id='word_1_522' title='bbox 299 2867 458 2910; x_wconf 84' lang='lat' dir='ltr'>nomine</span> <span class='ocrx_word' id='word_1_523' title='bbox 498 2879 600 2907; x_wconf 85' lang='lat' dir='ltr'>nunc</span> <span class='ocrx_word' id='word_1_524' title='bbox 627 2864 764 2907; x_wconf 78' lang='lat' dir='ltr'>Latine</span> <span class='ocrx_word' id='word_1_525' title='bbox 793 2860 1075 2913; x_wconf 84' lang='lat' dir='ltr'>circumfertur,</span> <span class='ocrx_word' id='word_1_526' title='bbox 1114 2860 1295 2915; x_wconf 87' lang='lat' dir='ltr'>scriptum</span> <span class='ocrx_word' id='word_1_527' title='bbox 1315 2860 1389 2902; x_wconf 84' lang='lat' dir='ltr'>effe</span> <span class='ocrx_word' id='word_1_528' title='bbox 1409 2859 1587 2901; x_wconf 64' lang='lat' dir='ltr'>Auaoris</span> <span class='ocrx_word' id='word_1_529' title='bbox 1609 2859 1772 2900; x_wconf 88' lang='lat' dir='ltr'>Eusebio</span> <span class='ocrx_word' id='word_1_530' title='bbox 1795 2874 1877 2901; x_wconf 90' lang='lat' dir='ltr'>non</span> 
     </span>
     <span class='ocr_line' id='line_1_50' title="bbox 142 2921 622 2979; baseline -0.01 -15"><span class='ocrx_word' id='word_1_531' title='bbox 142 2925 281 2979; x_wconf 86' lang='lat' dir='ltr'>prioris</span> <span class='ocrx_word' id='word_1_532' title='bbox 300 2922 367 2964; x_wconf 88' lang='lat' dir='ltr'>sed</span> <span class='ocrx_word' id='word_1_533' title='bbox 394 2921 622 2976; x_wconf 86' lang='lat' dir='ltr'>posterioris.</span> 
     </span>
    </p>

    <p class='ocr_par' dir='ltr' id='par_1_4' title="bbox 142 2969 1878 3200">
     <span class='ocr_line' id='line_1_51' title="bbox 198 2969 1878 3033; baseline -0.005 -13"><span class='ocrx_word' id='word_1_534' title='bbox 198 2977 343 3033; x_wconf 78' lang='lat' dir='ltr'>Julius</span> <span class='ocrx_word' id='word_1_535' title='bbox 369 2976 613 3031; x_wconf 67' lang='lat' dir='ltr'>Africanus,</span> <span class='ocrx_word' id='word_1_536' title='bbox 644 2974 750 3026; x_wconf 83' lang='lat' dir='ltr'>cujus</span> <span class='ocrx_word' id='word_1_537' title='bbox 775 2973 1007 3028; x_wconf 85' lang='lat' dir='ltr'>Fragmenta</span> <span class='ocrx_word' id='word_1_538' title='bbox 1036 2971 1127 3012; x_wconf 89' lang='lat' dir='ltr'>hinc</span> <span class='ocrx_word' id='word_1_539' title='bbox 1162 2970 1253 3012; x_wconf 91' lang='lat' dir='ltr'>inde</span> <span class='ocrx_word' id='word_1_540' title='bbox 1269 2980 1423 3021; x_wconf 85' lang='lat' dir='ltr'>extant,</span> <span class='ocrx_word' id='word_1_541' title='bbox 1452 2969 1653 3024; x_wconf 83' lang='lat' dir='ltr'>praecipue</span> <span class='ocrx_word' id='word_1_542' title='bbox 1675 2969 1780 3024; x_wconf 85' lang='lat' dir='ltr'>apud</span> <span class='ocrx_word' id='word_1_543' title='bbox 1800 2970 1878 3012; x_wconf 88' lang='lat' dir='ltr'>Eu-</span> 
     </span>
     <span class='ocr_line' id='line_1_52' title="bbox 144 3027 1243 3082; baseline -0.012 -5"><span class='ocrx_word' id='word_1_544' title='bbox 144 3034 218 3078; x_wconf 76' lang='lat' dir='ltr'>seb.</span> <span class='ocrx_word' id='word_1_545' title='bbox 248 3033 378 3076; x_wconf 85' lang='grc' dir='ltr'><strong>Η.Ε.</strong></span> <span class='ocrx_word' id='word_1_546' title='bbox 412 3045 428 3072; x_wconf 95' lang='lat'>1</span> <span class='ocrx_word' id='word_1_547' title='bbox 448 3058 459 3077; x_wconf 91' lang='lat'><em>‚</em></span> <span class='ocrx_word' id='word_1_548' title='bbox 489 3043 523 3082; x_wconf 90' lang='lat'>7.</span> <span class='ocrx_word' id='word_1_549' title='bbox 554 3033 593 3070; x_wconf 68' lang='grc' dir='ltr'>ὃς</span> <span class='ocrx_word' id='word_1_550' title='bbox 614 3030 653 3071; x_wconf 89' lang='lat' dir='ltr'>in</span> <span class='ocrx_word' id='word_1_551' title='bbox 673 3030 824 3070; x_wconf 83' lang='lat' dir='ltr'>Catena</span> <span class='ocrx_word' id='word_1_552' title='bbox 843 3028 931 3069; x_wconf 88' lang='lat' dir='ltr'>MS.</span> <span class='ocrx_word' id='word_1_553' title='bbox 959 3027 1002 3067; x_wconf 89' lang='lat' dir='ltr'>in</span> <span class='ocrx_word' id='word_1_554' title='bbox 1020 3027 1243 3080; x_wconf 88' lang='lat' dir='ltr'>Prophetas.</span> 
     </span>
     <span class='ocr_line' id='line_1_53' title="bbox 159 3078 1878 3145; baseline -0.006 -13"><span class='ocrx_word' id='word_1_555' title='bbox 159 3120 164 3124; x_wconf 86' lang='lat'><em>-</em></span> <span class='ocrx_word' id='word_1_556' title='bbox 201 3088 470 3145; x_wconf 64' lang='lat' dir='ltr'>Porphyxius‚</span> <span class='ocrx_word' id='word_1_557' title='bbox 498 3086 682 3140; x_wconf 82' lang='lat' dir='ltr'>Origenis</span> <span class='ocrx_word' id='word_1_558' title='bbox 707 3082 1007 3136; x_wconf 85' lang='lat' dir='ltr'>condiscipulus,</span> <span class='ocrx_word' id='word_1_559' title='bbox 1039 3081 1183 3135; x_wconf 75' lang='lat' dir='ltr'>scripsit</span> <span class='ocrx_word' id='word_1_560' title='bbox 1203 3092 1336 3125; x_wconf 80' lang='lat' dir='ltr'>contra</span> <span class='ocrx_word' id='word_1_561' title='bbox 1357 3078 1623 3131; x_wconf 87' lang='lat' dir='ltr'>Christianos,</span> <span class='ocrx_word' id='word_1_562' title='bbox 1652 3082 1692 3119; x_wconf 69' lang='grc' dir='ltr'>ὃς</span> <span class='ocrx_word' id='word_1_563' title='bbox 1710 3096 1732 3122; x_wconf 92' lang='lat' dir='ltr'>a</span> <span class='ocrx_word' id='word_1_564' title='bbox 1751 3081 1878 3122; x_wconf 86' lang='lat' dir='ltr'>multis</span> 
     </span>
     <span class='ocr_line' id='line_1_54' title="bbox 142 3135 1878 3200; baseline -0.008 -10"><span class='ocrx_word' id='word_1_565' title='bbox 142 3145 365 3200; x_wconf 79' lang='lat' dir='ltr'>confutatus</span> <span class='ocrx_word' id='word_1_566' title='bbox 386 3142 464 3194; x_wconf 91' lang='lat' dir='ltr'>est,</span> <span class='ocrx_word' id='word_1_567' title='bbox 491 3142 560 3197; x_wconf 85' lang='lat' dir='ltr'>qui</span> <span class='ocrx_word' id='word_1_568' title='bbox 577 3140 696 3183; x_wconf 80' lang='lat' dir='ltr'>eciam</span> <span class='ocrx_word' id='word_1_569' title='bbox 708 3138 823 3193; x_wconf 74' lang='lat' dir='ltr'>ipsius</span> <span class='ocrx_word' id='word_1_570' title='bbox 841 3137 953 3181; x_wconf 82' lang='lat' dir='ltr'>verba</span> <span class='ocrx_word' id='word_1_571' title='bbox 974 3141 1011 3178; x_wconf 76' lang='grc' dir='ltr'>δε</span> <span class='ocrx_word' id='word_1_572' title='bbox 1032 3136 1269 3190; x_wconf 72' lang='lat' dir='ltr'>objeffiones</span> <span class='ocrx_word' id='word_1_573' title='bbox 1287 3150 1334 3177; x_wconf 85' lang='lat' dir='ltr'>ex</span> <span class='ocrx_word' id='word_1_574' title='bbox 1356 3135 1479 3177; x_wconf 90' lang='lat' dir='ltr'>verbis</span> <span class='ocrx_word' id='word_1_575' title='bbox 1498 3136 1715 3189; x_wconf 84' lang='lat' dir='ltr'>Scripturae</span> <span class='ocrx_word' id='word_1_576' title='bbox 1738 3136 1878 3177; x_wconf 87' lang='lat' dir='ltr'>forma-</span> 
     </span>
    </p>
   </div>
   <div class='ocr_carea' id='block_1_3' title="bbox 141 3191 1878 3256">
    <p class='ocr_par' dir='ltr' id='par_1_5' title="bbox 141 3191 1878 3256">
     <span class='ocr_line' id='line_1_55' title="bbox 141 3191 1878 3256; baseline -0.007 -14"><span class='ocrx_word' id='word_1_577' title='bbox 141 3212 204 3244; x_wconf 83' lang='lat' dir='ltr'>tas.</span> <span class='ocrx_word' id='word_1_578' title='bbox 216 3234 217 3237; x_wconf 19' lang='grc' dir='ltr'>η</span> <span class='ocrx_word' id='word_1_579' title='bbox 227 3198 438 3256; x_wconf 64' lang='lat' dir='ltr'>proferupp.</span> <span class='ocrx_word' id='word_1_580' title='bbox 457 3232 461 3237; x_wconf 91' lang='lat'>.</span> <span class='ocrx_word' id='word_1_581' title='bbox 518 3228 520 3233; x_wconf 85' lang='lat'>·</span> <span class='ocrx_word' id='word_1_582' title='bbox 1782 3191 1878 3231; x_wconf 87' lang='lat' dir='ltr'>Gre-</span> 
     </span>
    </p>
   </div>
   <div class='ocr_carea' id='block_1_4' title="bbox 140 2077 166 2095">
    <p class='ocr_par' dir='ltr' id='par_1_6' title="bbox 140 2077 166 2095">
     <span class='ocr_line' id='line_1_56' title="bbox 140 2077 166 2095; baseline 0 0"><span class='ocrx_word' id='word_1_583' title='bbox 140 2077 166 2095; x_wconf 73' lang='lat'>2)</span> 
     </span>
    </p>
   </div>
  </div>
 </body>
</html>
