1976 3519
127 237 209 286 196
483 226 1490 274 P'ROLEGOMENA.

120 350 148 372 ‚,
177 332 284 361 terne
317 318 670 368 communicarent,
700 317 776 358 hoc
804 319 949 372 majore
980 317 1187 367 modestia,
1219 331 1298 371 quo
1331 318 1497 371 penitius
1524 317 1674 372 ingressi
1704 312 1850 362 suntin

122 403 148 426 2,
177 376 258 427 ejus
290 373 556 428 philosophiae
589 374 794 428 penetralia
814 408 824 424 ,
863 388 960 428 quae
987 373 1152 413 dedocet
1184 371 1319 413 fastum
1349 386 1506 413 omnem
1525 387 1568 412 ac
1588 373 1848 426 supercilium,

121 461 146 481 ‚‚
177 429 369 483 docetque
398 428 580 468 summam
609 429 848 469 tolerantiam
875 443 965 483 erga
994 427 1209 468 imbecilles.
1266 428 1446 482 Denique
1475 425 1677 481 Francisc'i
1712 429 1849 469 Lucae

120 511 147 535 2,
179 483 409 539 Brugenffs:
439 483 532 524 Vid.
563 483 671 537 supra
700 497 736 537 p.
772 487 894 530 105”.

181 553 216 593 3.
245 540 484 593 Jua'icamus
497 550 609 592 porro
623 570 634 589 ,
666 539 713 579 fic
736 539 859 593 pergit
881 538 1032 579 Censor
1053 551 1180 588 meus,
1209 536 1374 577 laborem
1395 537 1508 577 illum
1525 550 1599 577 non
1622 546 1780 577 tantum
1798 537 1848 577 le·

123 608 235 646 vem,
255 608 392 636 verum
414 595 537 633 etiam
557 607 631 633 non
662 594 909 647 neceffarium
940 594 1018 646 effe.
1073 596 1129 635 Ut
1150 593 1268 648 saepe
1286 593 1482 645 sermones
1501 593 1697 632 hominum
1717 593 1763 632 de
1779 591 1848 632 illo

122 651 337 691 audiuntur
354 677 365 696 ‚
390 658 551 704 putaret
573 648 718 704 aliquis
738 677 751 698 ,
791 651 986 701 integrum
1016 660 1173 702 eumque
1205 647 1559 700 incomparabilem,
1591 649 1657 702 qui
1674 647 1728 687 ad
1745 648 1850 687 hunc

123 707 240 760 usque
268 705 373 745 diem
404 717 530 744 omnes
555 704 756 753 latuerat,
795 703 1016 757 thesaurum
1048 704 1152 752 erui,
1188 703 1264 741 imo
1287 700 1346 742 N.
1378 700 1422 742 T.
1445 715 1630 756 graecum
1651 715 1753 741 nunc
1765 705 1849 755 pri-

125 775 227 801 mum
258 761 342 800 edi:
370 774 455 800 cum
484 768 615 799 tamen
644 771 750 797 nemo
781 760 956 812 ignoret,
986 756 1270 809 Testamentum
1300 757 1490 797 Graecum
1506 757 1601 811 jam
1632 757 1775 797 dudum
1801 771 1850 797 ex

127 817 336 856 Veteribus
358 816 584 870 optimisque
607 812 812 853 Codicibus
831 816 937 868 typis
959 811 1189 866 exprcffum,
1209 810 1339 865 postea
1360 825 1445 852 cum
1455 811 1850 864 vetusttffimisMSS.

126 885 286 927 cumque
306 872 385 924 ipso
406 869 527 911 Alex.
556 868 694 908 Codice
713 867 919 914 collatum,
932 876 1164 922 tantumque
1186 869 1436 907 variantium
1455 867 1658 907 lectionum
1668 880 1855 906 acervum

125 926 338 981 congestum
356 925 501 979 fuiffe‚
531 932 576 962 ut
608 924 642 962 ei
672 925 750 962 vix
783 925 990 978 quicquam
1018 921 1314 973 consideratione
1340 921 1499 976 dignum
1519 921 1611 962 addi
1628 922 1750 974 poffit.
1781 922 1862 960 Coa

125 982 202 1021 dex
223 981 341 1023 Alex.
356 979 451 1030 jam
462 979 595 1031 ftxies
616 977 746 1017 editus
766 977 841 1030 est,
873 985 990 1017 extat
1009 977 1074 1029 iste
1091 977 1243 1027 Codex,
1271 985 1342 1017 aut
1360 976 1465 1031 quod
1480 976 1581 1016 idem
1599 976 1674 1029 est,
1705 984 1852 1016 extant

128 1037 380 1076 Variationes
410 1033 519 1073 illius
546 1032 594 1072 ab
622 1032 742 1072 editis
765 1063 776 1082 ‚
814 1035 856 1072 in
889 1031 1134 1087 ‘Polyglottis
1167 1031 1429 1085 Anglicanis‚
1468 1034 1510 1072 in
1547 1030 1772 1084 Oxonienfi‚
1811 1034 1854 1071 in

126 1091 259 1133 Mella
280 1088 551 1141 Wetsteniique
568 1087 737 1142 aliisque
758 1086 1024 1141 Testamentis.
1052 1087 1264 1141 ¹Quodnam
1282 1089 1407 1141 igitur
1427 1085 1641 1141 mysterium
1654 1085 1855 1140 stngulare

125 1145 234 1186 nobis
265 1148 309 1185 in
335 1158 439 1184 nova
462 1141 651 1184 Editione
673 1145 876 1198 aperitur?
905 1141 1059 1182 Dices.-
1090 1142 1210 1184 Alex.
1243 1141 1477 1191 Lectiones,
1506 1154 1603 1196 quae
1617 1143 1731 1195 prius
1752 1155 1854 1181 mar-

120 1204 254 1255 ginem
285 1198 522 1255 occupabant
543 1232 556 1249 ‚
595 1198 661 1238 hic
692 1201 734 1239 in
764 1200 843 1252 ipso
861 1205 978 1237 textu
999 1198 1290 1251 conspicientur.
1345 1198 1482 1250 Quam
1508 1210 1605 1237 vero
1632 1196 1856 1236 utilitatem

126 1256 197 1296 hoe
227 1255 361 1295 lectori·
392 1253 538 1306 afferet
558 1284 570 1303 ,
612 1267 739 1293 annon
761 1261 920 1308 poterat
949 1266 1066 1308 aeque
1081 1252 1210 1306 facile
1242 1252 1454 1292 Lectiones
1486 1251 1604 1292 Alex.
1635 1250 1791 1292 Codicis
1811 1254 1854 1291 in

126 1313 303 1364 margine
332 1310 454 1363 legere
482 1317 601 1363 atque
629 1311 672 1348 in
709 1306 875 1349 Textu?
906 1307 977 1347 Sin
997 1317 1125 1347 autem
1135 1316 1284 1361 putat,
1302 1308 1349 1360 st’
1367 1306 1525 1357 aliquid
1535 1309 1631 1347 novi
1651 1307 1716 1346 hic
1733 1307 1857 1360 obser·-

127 1367 260 1420 vaffe,
288 1373 359 1405 aut
390 1364 568 1404 Codicem
598 1363 719 1405 Alex.
751 1363 818 1403 hic
847 1361 895 1407 (y
915 1362 970 1402 ibi
987 1365 1211 1403 accuratius
1239 1362 1482 1416 descripfiffe,
1512 1361 1616 1402 nullo
1636 1361 1744 1402 modo
1765 1373 1856 1415 opus

127 1421 199 1473 est,
233 1430 280 1461 ut
309 1419 484 1460 lectorem
514 1421 679 1459 emtione
708 1432 835 1459 novae
864 1417 1046 1458 editionis
1067 1417 1124 1459 N.
1155 1417 1200 1459 T.
1233 1426 1441 1473 torqueat,
1462 1425 1652 1471 poterant
1671 1419 1772 1456 enim
1793 1431 1860 1456 no-

128 1490 208 1516 vae
225 1475 320 1529 istae
336 1474 712 1527 obfhrvationesfine
729 1475 882 1527 magnis
889 1472 1087 1525 fiimtibus
1107 1474 1218 1512 intra
1230 1483 1381 1526 paucas
1384 1472 1564 1526 pagellas
1575 1480 1776 1511 contentae
1786 1471 1866 1513 edi.

126 1531 424 1580 Concludimus,
453 1528 713 1583 upprcffionem
723 1528 834 1580 istius
848 1531 972 1582 operis
981 1540 1026 1567 ne
1036 1529 1236 1567 minimum
1246 1527 1403 1583 quidem
1412 1528 1592 1566 damnum
1601 1526 1781 1580 studiofis
1793 1528 1857 1578 af-

118 1587 233 1641 ferre
244 1585 358 1641 poffe.
387 1586 602 1630 Ponamus,
632 1583 740 1638 quod
760 1584 844 1625 viro
864 1582 929 1623 Cl.
956 1595 1086 1622 coram
1111 1581 1860 1636 Senatuaffirmantifacilecredo‚quos-

127 1642 221 1682 dam
250 1642 301 1683 de
329 1655 418 1681 meo
449 1640 648 1693 proposito
676 1640 795 1688 bene,
825 1637 925 1678 forte
953 1638 1069 1679 etiam
1100 1638 1256 1687 melius,
1285 1651 1399 1691 quam
1422 1638 1648 1691 oportebat,
1679 1637 1860 1691 sperasse,

129 1697 272 1738 ideone
300 1696 380 1749 ipse
410 1695 595 1744 debebat,
624 1706 667 1734 ut
696 1693 926 1733 hocvitium
946 1693 1108 1741 vitaret,
1136 1692 1177 1732 in
1195 1693 1429 1732 contrarium
1450 1706 1620 1742 currere,
1649 1705 1710 1732 me
1727 1693 1862 1733 imme-

129 1764 275 1792 rentem
307 1750 453 1791 invidia
481 1749 653 1802 odioque
672 1747 873 1802 prosequi,
903 1747 984 1786 imo
1003 1746 1154 1800 publice
1173 1746 1277 1800 apud
1297 1746 1478 1787 Senatum
1498 1747 1746 1801 ecclesiasque
1768 1748 1862 1788 vici-

130 1822 220 1858 nas,
249 1807 356 1847 edito
375 1807 491 1847 etiam
512 1804 662 1853 libello,
676 1802 874 1844 accusare?
903 1801 980 1842 hoc
1001 1801 1090 1842 sane
1108 1805 1149 1841 &
1169 1801 1322 1842 stultum
1341 1814 1442 1852 erat,
1454 1805 1494 1841 δε
1507 1802 1767 1843 Christianum
1781 1803 1861 1856 pla-

129 1877 179 1903 ne
212 1861 432 1903 dedecebat.
489 1859 601 1913 Quid
630 1873 705 1912 ego
730 1859 771 1898 in
791 1857 908 1898 MSS.
938 1871 1037 1911 quos
1057 1856 1276 1898 evolveram
1297 1857 1511 1898 Codicibus
1534 1857 1768 1911 reperissem,
1799 1857 1860 1898 vel

130 1917 225 1971 quid
257 1917 448 1963 editurus,
478 1915 663 1968 quibusve
696 1912 905 1954 rationibus
937 1911 1090 1952 edenda
1121 1911 1236 1952 ess'em
1255 1911 1491 1961 firmaturus,
1521 1916 1560 1952 &
1586 1927 1653 1952 eos
1676 1914 1742 1966 qui
1763 1913 1863 1953 bene·

131 1973 182 2013 de
205 1986 267 2013 me
283 1971 448 2012 sentiunt
468 1973 507 2009 δε
532 1983 599 2010 eos
619 1968 685 2023 qui
708 1967 804 2008 male
825 1967 875 2007 de
894 1980 956 2007 me
977 1966 1144 2007 sentiunt
1162 1968 1325 2007 omnino
1350 1966 1510 2008 latebat:
1541 1969 1781 2007 temerarium
1803 1977 1868 2007 er-'

130 2043 183 2084 go
209 2026 395 2081 judicium
425 2036 505 2066 erat
535 2024 595 2065 vel
622 2023 754 2064 omnia
782 2023 966 2077 probare,
998 2021 1059 2062 vel
1087 2022 1219 2064 omnia
1237 2022 1440 2076 reprobare
1467 2034 1582 2077 atque
1603 2035 1859 2063 contemnere.

131 2083 312 2123 Codicem
344 2078 660 2123 Alexandrinum
681 2106 692 2125 ‚
732 2091 847 2132 quem
868 2077 919 2118 ad
935 2076 1112 2118 nauseam
1128 2076 1246 2131 usque
1266 2078 1423 2132 ingerit,
1457 2091 1553 2132 ego,
1582 2078 1637 2118 uti
1655 2078 1735 2131 jam
1758 2078 1860 2128 dixi,

131 2152 212 2180 non
232 2152 345 2179 curo:
381 2145 603 2190 argumenta
623 2148 716 2176 vero
737 2147 835 2188 quae
855 2132 965 2173 affert
983 2132 1267 2173 commutabilia
1284 2132 1358 2174 effe
1376 2136 1415 2172 &
1434 2133 1570 2187 majori
1582 2133 1703 2186 specie
1713 2148 1759 2174 ex
1769 2147 1865 2173 con-

132 2194 245 2235 traria
271 2203 389 2247 parte¹
407 2191 485 2232 dici
516 2189 622 2244 posse
649 2188 858 2230 contendo.
912 2187 1061 2229 Annon
1083 2196 1295 2242 poterant,
1318 2188 1461 2242 inquit,
1488 2188 1672 2227 lectiones
1705 2187 1863 2228 Codicis

134 2250 255 2292 Alex.
283 2260 402 2302 aeque
429 2245 549 2298 facile
581 2247 623 2285 in
655 2246 830 2298 margine
861 2243 941 2297 legi
972 2256 1020 2282 ac
1052 2245 1094 2282 in
1115 2241 1283 2284 Texta?
1313 2244 1507 2297 Repono:
1537 2256 1665 2283 annon
1681 2251 1870 2295 poterant

133 2317 253 2359 aeque
270 2301 398 2357 facile
427 2301 506 2356 legi
538 2302 580 2341 in
612 2298 742 2340 Textu
764 2312 811 2338 ac
832 2301 874 2339 in
896 2297 1102 2352 margine?
1130 2297 1239 2339 Nam
1261 2298 1288 2339 fi
1312 2300 1566 2339 Variationes
1589 2298 1745 2338 Codicis
1763 2298 1865 2338 idem

123 2361 225 2413 fiint
247 2357 356 2415 quod
370 2356 499 2397 Codex
514 2357 614 2409 ipse,
642 2367 734 2396 tunc
751 2355 866 2395 etiam
885 2353 1026 2394 Codex
1044 2353 1123 2407 ipse
1142 2352 1248 2394 idem
1265 2354 1342 2404 est,
1370 2353 1478 2408 quod
1497 2352 1741 2394 Variationes
1761 2354 1865 2407 ejus3

136 2413 232 2469 quid
252 2428 346 2468 ergo
364 2423 565 2466 tantopere
584 2413 623 2451 in
646 2425 708 2451 me
725 2408 980 2450 debacchatur
1002 2407 1053 2447 V.
1072 2408 1156 2457 Cl.·,
1182 2422 1270 2449 cum
1285 2409 1444 2462 ipsemet
1463 2408 1644 2458 fateatur,
1673 2409 1781 2463 quod
1799 2424 1866 2448 va-

136 2470 249 2510 riatio
266 2470 307 2509 in
331 2468 502 2523 margine
521 2465 691 2520 exposita
709 2463 869 2519 perinde
889 2464 934 2505 fit
954 2463 1027 2504 acfi
1046 2463 1088 2504 in
1104 2463 1235 2505 Textu
1256 2464 1360 2505 edita
1385 2463 1534 2506 fuisset?
1564 2465 1738 2505 Alterum
1759 2478 1869 2517 argu-

138 2537 311 2566 mentum
340 2523 457 2578 longe
477 2521 532 2562 est
549 2521 774 2562 mirabilius:
803 2519 933 2559 Codex
951 2518 1255 2560 Alexandrinus
1268 2518 1357 2572 jam
1364 2519 1500 2573 sexies
1519 2519 1649 2559 editus
1668 2518 1728 2571 est.
1787 2521 1869 2560 Re-

139 2581 211 2621 ete.
266 2580 422 2619 Poterat
441 2591 535 2633 ergo
557 2577 634 2618 fine
657 2575 826 2630 periculo
847 2575 984 2616 iterum
1000 2573 1077 2614 edi.
1137 2573 1285 2615 Novae
1305 2577 1347 2614 in
1364 2575 1477 2627 istum
1499 2575 1679 2614 Codicem
1691 2573 1868 2628 observa-

139 2636 267 2674 tiones
287 2641 476 2688 poterant
501 2631 649 2683 fi’orffm
675 2631 748 2671 edi.
804 2630 978 2684 Optime.
1016 2629 1112 2683 quid
1144 2629 1236 2670 inde
1262 2629 1453 2670 conficere
1481 2630 1589 2671 vult?
1633 2629 1743 2682 Ergo
1763 2627 1871 2669 nihil

139 2688 324 2742 impedit,
353 2702 425 2742 quo
447 2690 574 2727 minus
595 2686 753 2726 Codicis
771 2684 1043 2727 Alexandrini
1063 2697 1149 2724 cum
1168 2686 1285 2724 novis
1306 2683 1638 2736 observationibus
1650 2686 1773 2723 editio
1779 2694 1868 2737 pro-

139 2744 322 2784 hibeatur
343 2752 460 2795 atque
469 2744 750 2796 supprimatur.
804 2740 887 2782 Cur
905 2753 986 2780 non
1005 2740 1135 2792 potius
1154 2739 1269 2779 infert
1297 2738 1429 2788 „nihil
1452 2741 1564 2792 proin
1574 2739 1761 2792 impedire
1772 2753 1874 2792 quor

139 2827 167 2851 ‚‚
195 2800 321 2840 minus
351 2798 622 2851 permittatur”.
680 2797 720 2837 Si
741 2797 845 2836 enim
869 2799 908 2836 &
925 2794 1118 2835 Codicem
1143 2794 1252 2834 Alex.
1283 2797 1324 2833 &
1342 2807 1465 2834 novas
1486 2794 1566 2834 illas
1586 2794 1874 2835 observationes-

141 2855 293 2895 seorfim
319 2852 433 2893 edere
462 2853 570 2901 licet,
600 2852 727 2892 licebit
753 2853 869 2892 etiam
899 2849 1012 2891 edere
1043 2848 1235 2889 Codicem
1256 2863 1344 2889 cum
1362 2847 1504 2889 additis
1521 2849 1867 2890 observationibus:

141 2911 211 2950 nisi
232 2910 258 2949 si
279 2907 517 2963 probaverit,
546 2921 592 2946 ex
612 2921 651 2947 re
674 2906 872 2957 licita,alii
891 2905 1026 2946 itidem
1044 2905 1168 2945 licitae
1182 2904 1336 2957 junffita,
1366 2904 1446 2944 fieri
1466 2915 1591 2945 totum
1609 2904 1792 2945 illicitum.
1820 2905 1873 2944 In-

139 2964 297 3005 tranfitu
317 2962 494 3011 observo,
524 2962 630 3015 quod
651 2962 699 3003 V.
725 2961 781 3002 C.
809 2961 1000 3014 eleganter
1022 2971 1139 3014 atque
1155 2959 1372 3012 emphatice
1394 2959 1518 2999 scribit
1532 2986 1543 3006 ‚
1575 2973 1639 3001 me
1661 2960 1874 3000 Leistoremv

141 3022 306 3059 emtione
327 3030 454 3057 novae
470 3016 654 3055 editionis
687 3015 744 3055 N.
771 3015 816 3056 T.
845 3025 1019 3083 torquere
1038 3024 1156 3069 atque
1176 3013 1569 3061 vexare,desumturn
1579 3014 1653 3056 ess'e
1662 3029 1709 3056 ex
1721 3014 1867 3056 Matth.

141 3074 251 3117 VIII.
285 3087 304 3113 2
312 3086 348 3120 9.
372 3068 469 3113 ’ἦλθες
488 3069 549 3111 εἶδε
569 3068 639 3122 πρὸ
661 3071 773 3122 καιροῦ
790 3073 976 3115 [Zammac
994 3068 1096 3117 ὑμᾶς.

192 3143 231 3181 4.
261 3129 388 3170 Porro
419 3140 495 3167 non
512 3125 598 3176 stne
626 3127 741 3178 causa
771 3125 841 3164 hoc
871 3136 965 3179 opus
978 3123 1224 3178 suſjoezftum‚
1248 3124 1352 3174 forte
1372 3125 1492 3164 etiam
1504 3124 1758 3179 periculosum
1777 3123 1874 3176 effe,

138 3184 387 3238 affirmamus.
442 3181 539 3226 Vult
556 3180 733 3222 Codicem
751 3180 872 3222 Alex.
900 3194 947 3219 ex
965 3180 1062 3220 aliis
1073 3179 1258 3234 probatis
1278 3178 1483 3221 Codicibus
1497 3191 1569 3235 pro
1576 3181 1651 3233 fico
1671 3180 1870 3220 arbitratu

1758 3247 1875 3273 corri-
