1976 3519
410 254 1417 307 'P'ROLEGOMENA.
1702 268 1781 315 197'

57 349 243 402 corrtgere
263 349 380 404 atque
389 348 590 403 fitpplere:
618 350 660 389 in
682 346 794 402 ipsius
812 348 937 401 tgitur
946 344 1273 440 setestatesttum
1293 347 1363 400 est,
1392 349 1545 405 qualem
1565 348 1674 391 nobis
1698 351 1777 393 Le-

57 404 221 444 ctionem
241 404 417 458 formare
436 403 564 448 velit,·
593 404 659 443 hic
687 407 865 456 magnum
891 400 944 440 ha
969 409 1009 440 et
1039 411 1236 455 campum,
1265 416 1392 443 omnes
1410 406 1776 461 fitaswconjefft'uras

58 459 242 509 criticas,
269 461 396 499 omnia
405 459 646 512 suasbmnia
659 466 730 511 pro
748 470 845 498 vera
864 454 1130 510 Apostolorum
1148 456 1565 512 lec‘tionefitpponendi.
1621 462 1667 503 Si
1685 463 1778 518 quis

46 513 123 567 fibi
151 513 253 553 hanc
269 514 468 554 licenttam
479 515 705 566 permittit,
734 521 779 552 ut
798 525 848 551 ex
865 511 1004 551 multis
1023 513 1232 565 variisque
1252 513 1456 554 Codicibus
1466 517 1541 568 pr'o'
1561 516 1687 558 lubitu
1707 520 1780 562 vel

56 568 290 609 alternatim
310 566 430 608 verba
448 566 638 622 quaedam
652 567 824 621 filigat,
853 565 987 621 faciet
1015 564 1060 604 de
1079 565 1210 606 Texta
1231 566 1290 607 N.
1320 567 1364 609 T.
1394 571 1584 625 quicquid
1601 573 1673 625 220st
1686 574 1774 616 libi-

57 632 142 663 tum
171 626 257 664 erit.
315 622 404 663 Nec
427 621 571 674 obstat,
601 621 704 676 quod
720 635 844 662 omnes
864 620 959 670 istae
978 620 1189 661 Lectiones
1207 624 1250 662 in
1270 622 1400 679 aliquo
1421 624 1560 666 Codice
1579 632 1774 682 reperian-

57 687 148 728 tur,
178 691 261 718 cum
282 680 380 718 enim
402 677 613 717 Diaconus
636 676 694 718 W
724 677 872 717 nullum
891 683 1041 727 certum
1064 676 1465 734 Codicemstquatur,
1482 680 1609 734 facile
1626 682 1774 725 intelli-

48 736 186 787 gitur,
215 741 339 772 totam
367 731 640 785 dispoſstionem
669 745 717 772 ex
742 733 855 787 ipfius
884 734 995 783 unite
1021 731 1192 771 levitate
1221 735 1419 789 animique
1436 737 1581 791 impetu
1596 738 1770 791 pendere.

58 788 182 839 Quod
203 786 250 828 V.
283 787 333 827 Cl
353 813 365 833 ‚
395 801 496 827 nova
514 787 801 838 criminatione,
831 787 1028 829 FORTE
1050 787 1308 841 periculosam
1327 801 1460 842 vocat,
1491 791 1656 844 idforte
1674 798 1774 850 peri-

56 841 222 883 culosum
247 856 328 882 non
358 842 432 882 est:
461 842 569 896 quod
593 856 684 883 vero
704 843 835 893 addit,
864 857 926 883 me
944 841 1185 895 conjeffurds
1205 843 1419 897 &fimnia
1438 847 1634 890 venditare
1653 851 1771 903 velle,

55 896 251 938 manifesta
271 896 458 938 calumnia
476 898 551 945 est3
580 911 667 938 cum
684 896 918 938 disertissime
943 897 1088 950 semper
1107 896 1175 937 fim
1195 900 1443 952 protestatus,
1472 904 1596 960 me'ex
1616 919 1705 947 meo
1715 907 1772 948 in.

56 953 192 1009 geni0‚
221 953 279 993 vel
311 965 359 994 ex
386 965 470 993 mea
498 953 697 994 alteriusve
726 953 944 1006 conjetsstura
962 967 1011 993 ne
1029 953 1192 992 litteram
1220 954 1376 1007 quidem
1397 957 1438 996 in
1455 956 1583 999 Textu
1599 959 1774 1004 immuta-

58 1018 204 1058 turum,
233 1006 297 1048 sed
315 1007 447 1048 omnia
468 1007 517 1048 ad
539 1007 656 1047 fidem
676 1007 870 1049 Codicum
890 1007 1077 1063 exigenda
1094 1007 1168 1048 esse
1194 1009 1388 1062 judicare;
1422 1012 1503 1052 imo
1542 1025 1690 1057 tantum
1709 1019 1790 1059 ab·-

55 1063 111 1104 est
129 1075 171 1104 ut
189 1062 345 1103 somniis
363 1062 636 1115 conjeiturisve
656 1061 802 1103 faveam
815 1094 826 1113 ,
855 1075 898 1103 ut
915 1064 1042 1116 potius
1054 1062 1103 1113 ,sl
1122 1077 1252 1104 verum
1275 1064 1366 1106 scire
1386 1067 1708 1113 vult2editionem
1719 1089 1773 1116 re.

56 1129 206 1172 ceptam
235 1133 257 1159 a
285 1117 512 1172 conjefturis
541 1129 656 1172 atque
681 1117 838 1159 somniis
862 1119 1058 1172 juniorum
1077 1148 1088 1168 ,
1117 1119 1183 1172 qui
1219 1121 1487 1174 typographiis
1507 1125 1772 1182 praefuerunt,

56 1173 289 1215 Criticorum
318 1187 478 1228 purgare
509 1174 618 1214 omni
635 1187 712 1227 ope
733 1174 891 1214 annitar.
946 1173 1069 1228 Qiod
1090 1173 1246 1214 tandem
1269 1175 1319 1215 de
1338 1176 1456 1217 nimia
1475 1177 1627 1222 licentia
1646 1186 1686 1223 &
1707 1198 1772 1237 pe-

55 1228 174 1270 riculo
192 1228 283 1270 inde
301 1228 447 1269 orituro
464 1227 594 1278 addit,
624 1243 646 1268 a
670 1227 748 1268 Leo
768 1229 910 1269 centies
928 1230 1141 1282 objefflim,
1172 1232 1208 1267 &
1230 1230 1277 1269 ab
1299 1231 1466 1284 Erasmo
1487 1236 1629 1277 centies
1640 1239 1771 1281 confu-

56 1295 177 1324 tatum
202 1284 267 1324 est.
311 1284 405 1324 ·Res
435 1285 486 1324 ita
506 1283 543 1324 se
562 1284 685 1329 habet.
742 1284 781 1324 Si
800 1284 879 1338 ipsa
901 1285 1175 1338 Apostolorum
1194 1284 1421 1339 superessent
1440 1288 1677 1344 αὐτέγςαφσι,
1708 1307 1773 1337 aut

56 1339 84 1380 fi
111 1350 251 1380 extaret
275 1339 410 1380 alicubi
440 1352 559 1381 unum
587 1338 743 1392 aliquod
765 1351 936 1380 accurate
963 1339 1172 1393 exprefl'um
1200 1338 1432 1393 ἀπέγςαφον,
1460 1357 1525 1386 aut
1547 1346 1670 1387 editio
1699 1352 1784 1403 pri?

56 1407 161 1435 mum
178 1394 392 1448 exemplum
413 1393 490 1434 fine
512 1394 748 1434 aberratione
770 1395 928 1434 minima
939 1393 1124 1445 referens,
1138 1395 1260 1435 nullus
1271 1397 1445 1450 scrupulo
1456 1412 1519 1441 aut
1530 1401 1773 1456 conjenurae

57 1461 120 1493 aut
145 1448 319 1490 licentiae
348 1449 453 1490 locus
474 1449 766 1503 relinqueretur:
797 1449 891 1490 haec
909 1449 1049 1500 editio,
1080 1450 1139 1490 vel
1163 1450 1260 1490 istud
1284 1450 1495 1504 ἀπὸγςαφον
1516 1457 1574 1497 vel
1595 1458 1655 1498 illa
1667 1458 1774 1499 αὐτέ-

55 1516 203 1557 γςαφοι,
232 1503 404 1558 religiose
425 1504 501 1545 sine
527 1505 636 1545 omni
655 1504 894 1546 dubitatione
915 1505 1044 1559 praelo
1066 1509 1181 1545 effent
1203 1505 1442 1559 subjicienda.
1472 1512 1528 1551 At
1547 1527 1639 1553 vero
1660 1515 1772 1557 nobis

55 1573 135 1600 non
165 1560 328 1614 contigit
354 1559 429 1600 esse
457 1571 536 1600 tam
559 1560 698 1609 beatis,
727 1558 945 1612 αὐτᾶγςαφοι
972 1561 1108 1613 injuria
1139 1573 1358 1614 temporum
1387 1563 1534 1606 dudum
1558 1569 1771 1621 perierunt:

55 1613 261 1667 ἇπέγςαφσι
282 1627 362 1654 non
381 1615 466 1655 sunt
485 1616 583 1656 inter
601 1615 637 1655 se
657 1614 809 1662 similia3
826 1616 929 1669 ipsae
944 1615 1134 1656 editiones
1157 1618 1257 1670 typis
1277 1619 1467 1671 expressae
1486 1621 1697 1665 admodum
1711 1641 1775 1666 va-

54 1670 175 1716 riant,
205 1680 350 1723 praeter
377 1670 588 1710 editionem
619 1670 837 1710 Cardinalis
863 1671 1061 1720 Ximenii,
1092 1672 1221 1711 Ariae
1250 1673 1459 1724 Montani,
1488 1676 1590 1716 Aldj
1613 1683 1652 1718 ὅ(
1673 1680 1776 1720 Gali-

55 1726 163 1774 mei,
193 1725 374 1764 habemus
402 1725 562 1772 Erafmi
591 1724 780 1764 editiones
799 1725 993 1778 quinque,
1023 1725 1158 1764 Bezae
1178 1737 1362 1778 quatuor,
1403 1732 1441 1767 δε
1465 1731 1655 1784 Stephani
1676 1747 1774 1782 tres,

55 1779 134 1819 hoc
160 1780 214 1820 est
240 1779 439 1818 minimum
468 1778 631 1818 sedecim
652 1778 817 1819 diversas
838 1791 953 1833 atque
975 1778 1229 1833 discrepantes
1250 1780 1448 1822 editiones.
1505 1785 1604 1826 Non
1626 1792 1775 1843 quaesi-

57 1845 139 1877 tur,
172 1846 253 1875 utra
273 1834 346 1874 utri
361 1832 607 1887 praeserenda
626 1832 690 1884 fit,
720 1834 840 1874 fateor
856 1835 960 1874 enim
980 1834 1191 1876 editionem
1212 1836 1460 1888 posteriorem
1479 1841 1620 1893 priori,
1643 1856 1683 1884 ut
1694 1846 1777 1898 plu-

57 1890 216 1938 rimum,
246 1889 440 1929 meliorem
458 1888 542 1928 esse.
573 1889 648 1928 Sed
670 1890 883 1942 quaeritur,
905 1903 1021 1943 quam
1041 1889 1252 1930 editionem
1276 1892 1334 1931 vel
1359 1906 1473 1946 quem
1495 1896 1669 1938 codicem
1691 1915 1777 1940 om-

57 1945 167 1985 nibus
198 1944 278 1984 aliis
298 1943 443 1997 rejeffis
463 1943 680 1996 {impliciter
700 1944 804 1997 sequi
823 1947 1044 1984 teneamur?
1072 1944 1111 1984 Si
1135 1957 1278 1985 certum
1305 1946 1418 1987 habet
1439 1963 1472 1988 v.
1504 1950 1567 1990 Cl.
1597 1952 1686 1993 edat
1708 1969 1778 1995 no·

58 2013 147 2039 men
169 1998 330 2039 Codicis
349 1998 409 2040 vel
429 1998 629 2049 editionis,
658 1998 883 2039 sententiam
907 1998 1009 2038 suam
1032 1998 1182 2039 idoneis
1202 2001 1411 2042 rationibus
1429 2003 1617 2056 adstruat,
1649 2011 1779 2050 &ma-

59 2068 173 2108 gnam
204 2068 284 2094 non
308 2068 329 2093 a
360 2067 421 2094 me
451 2053 570 2093 solum
600 2068 730 2095 verum
754 2054 800 2093 ab
822 2054 994 2095 universa
1015 2054 1180 2095 Ecclesia
1199 2055 1310 2096 inibit
1330 2058 1501 2110 gratiam.
1561 2062 1627 2102 Sin
1651 2076 1777 2105 autem

60 2123 139 2149 non
161 2109 273 2149 habet
293 2120 436 2149 certum
449 2140 460 2159 ,
488 2109 591 2148 dicat
614 2109 692 2163 ipse
712 2109 806 2163 quid
829 2109 931 2150 faffito
952 2124 1050 2164 opus
1071 2109 1140 2150 fit?
1170 2125 1218 2149 an
1243 2111 1341 2152 sorte
1361 2112 1475 2154 dusta
1487 2129 1601 2155 unam
1613 2118 1779 2173 aliquam

61 2164 268 2204 editionem
290 2165 346 2204 vel
367 2178 484 2205 unum
505 2164 696 2205 Codicem
717 2165 939 2220 seligemus?
970 2180 1018 2205 an
1038 2177 1128 2206 tunc
1149 2166 1287 2206 valebit
1304 2181 1386 2207 non
1408 2171 1598 2212 temeritas
1619 2176 1659 2213 &
1676 2176 1780 2216 casus

62 2219 126 2259 {ed
145 2219 339 2259 confilium
360 2222 398 2258 &
420 2220 543 2259 ratio?
573 2220 631 2260 vel
653 2234 699 2260 an
719 2221 888 2274 judicem
909 2221 1023 2262 alium
1044 2221 1152 2261 novit
1172 2220 1250 2261 falli
1268 2221 1455 2273 nescium,
1478 2226 1544 2279 qui
1564 2227 1779 2270 hanelitem

62 2285 125 2314 aut
143 2275 236 2314 olim
246 2274 396 2314 diremit
408 2285 472 2314 aut
490 2275 715 2329 propediem
734 2275 933 2329 expediet,
947 2277 1057 2316 &ita
1076 2275 1232 2330 quidem
1244 2278 1530 2332 utejusjudicio
1542 2296 1614 2323 nos
1625 2283 1780 2326 submit-

64 2339 142 2370 tere
161 2329 387 2370 debeamus?
418 2330 475 2370 vel
495 2330 662 2384 denique
679 2346 725 2370 an
748 2332 797 2371 de
818 2332 888 2371 hac
910 2346 971 2380 re,
1000 2333 1055 2372 uti
1074 2332 1122 2371 de
1141 2333 1319 2373 omnibus
1338 2334 1419 2374 aliis
1437 2336 1630 2388 religionis
1650 2341 1781 2394 capiti-

63 2383 152 2433 bus,
183 2385 358 2438 quilibet,
389 2396 429 2424 ut
449 2386 572 2439 potest
587 2416 598 2434 ,
623 2386 793 2439 judicare
813 2386 952 2427 debet?
980 2388 1037 2427 Ita
1058 2386 1209 2427 videtur
1229 2387 1365 2429 sentire
1382 2390 1461 2444 ipse
1481 2391 1651 2444 Censor,
1664 2409 1783 2448 quan-

63 2439 116 2479 do
135 2440 332 2480 liberaliter
351 2441 547 2480 concedit:
578 2440 745 2481 Textum
769 2441 951 2494 Erafmi,
982 2442 1261 2494 Stephanorum
1283 2442 1363 2488 &a
1390 2448 1604 2488 maximam
1613 2451 1783 2505 fitipar-

65 2501 143 2533 tem
161 2494 349 2534 haftenns
371 2495 488 2548 vulgo
511 2505 702 2548 receptum
725 2496 820 2548 effe,
850 2511 923 2536 non
944 2497 1047 2552 quod
1063 2511 1191 2537 omnes
1210 2498 1374 2551 ipsorum
1395 2499 1601 2542 Lectiones
1621 2505 1789 2558 neceffa-'

66 2550 167 2599 riae,
195 2558 311 2604 atque
343 2549 449 2589 nulla
470 2559 626 2603 excepta
647 2551 926 2604 optimaestnt3
957 2565 1074 2607 neque
1090 2554 1191 2591 enim
1212 2553 1442 2606 dtffi'temur,
1465 2557 1568 2610 poffie
1586 2559 1713 2599 adhuc
1732 2561 1790 2601 ad

66 2603 336 2645 emendandum
364 2614 482 2658 atque
508 2604 777 2656 illustrandum
810 2608 1002 2647 Graecum
1025 2603 1083 2647 N.
1113 2606 1157 2646 T.
1189 2616 1343 2649 textum
1362 2610 1520 2666 aliquid
1537 2612 1681 2662 adjici:
1711 2630 1784 2670 quo

56 2657 175 2710 fafft'o
207 2669 336 2700 tamen
364 2660 561 2699 doctrinae
590 2661 757 2713 nostrae,
786 2662 887 2716 quod
903 2663 1159 2715 adsssmmam
1179 2666 1237 2703 rei
1255 2667 1427 2716 attinet,
1457 2666 1564 2707 nihil
1580 2669 1784 2714 decederet.

66 2713 176 2754 Haec
206 2714 234 2755 si
261 2715 356 2755 serio
388 2715 533 2765 scribit,
574 2730 639 2756 cur
659 2729 860 2771 tantopere
882 2718 1103 2771 indgnatur
1119 2745 1130 2764 ,
1171 2733 1233 2759 me
1253 2720 1353 2760 illam
1375 2723 1677 2764 emendationem
1696 2741 1786 2780 pro-

67 2772 234 2819 ponere?
262 2784 310 2810 an
340 2770 473 2810 Lestio
502 2770 683 2811 mendosa
716 2773 907 2813 mordicus
927 2775 1072 2826 semper
1093 2774 1163 2814 erit
1184 2775 1407 2815 retinenda?
1434 2777 1494 2818 vel
1513 2792 1562 2819 an
1581 2780 1695 2819 alium
1717 2796 1788 2822 no·

68 2822 125 2860 vit
144 2852 157 2871 ,
186 2825 252 2877 qui
280 2825 363 2878 plus
388 2827 572 2880 temporis
592 2827 631 2866 in
653 2827 723 2867 isto
747 2828 872 2868 studio
894 2828 1081 2882 posuerit,
1111 2840 1225 2883 atque
1244 2844 1319 2884 ego
1337 2830 1467 2884 posui,
1495 2845 1561 2873 aut
1583 2836 1786 2889 quiplures

70 2874 239 2917 Codices
265 2880 343 2932 ipse
371 2880 595 2934 inspexerit,
624 2881 799 2937 adeoque
816 2883 941 2937 plures
959 2887 998 2922 &
1019 2883 1098 2924 fide
1120 2884 1315 2941 digniores
1333 2900 1443 2927 verae
1462 2888 1658 2929 Lettionis
1676 2892 1788 2932 testes

68 2930 283 2984 collegerit?

127 2983 330 3028 Caeterum
357 3001 400 3030 ut
425 3004 541 3032 omne
562 2991 659 3032 istud
675 2991 885 3045 periculum
907 2992 983 3034 sive
1004 3007 1134 3034 verum
1155 2994 1230 3035 five
1262 2995 1525 3050 imaginarium
1544 2999 1790 3055 effugiamus,

69 3039 292 3081 Editionem
319 3057 508 3097 receptam
542 3061 620 3087 non
650 3047 769 3087 solum
801 3049 961 3088 retinere
993 3052 1030 3088 &
1061 3047 1166 3088 κατὰ.
1200 3049 1302 3089 πέδοι
1321 3051 1457 3106 sequi,
1488 3068 1620 3095 verum
1649 3057 1787 3105 etiam,

70 3095 365 3138 cumhastenus
395 3100 543 3140 nonnisi
576 3102 614 3140 in
645 3103 784 3143 ostavo
814 3107 853 3143 ὃς
885 3104 1025 3143 minori
1063 3104 1185 3145 forma
1216 3108 1318 3160 typis
1356 3108 1525 3162 expressa
1568 3109 1789 3155 haberetur,

70 3150 190 3244 {figito
216 3150 300 3217 jam
326 3154 626 3214 magnificentius
645 3187 658 3208 ,
697 3170 812 3211 quam
842 3172 1011 3213 unquam
1041 3170 1152 3201 antea
1183 3159 1327 3202 fastum
1357 3174 1461 3210 erat,
1483 3163 1657 3204 Lestoris
1673 3163 1793 3204 oculis

91 3219 112 3244 u
136 3218 251 3258 chere
276 3219 437 3250 (lecrevl.
794 3232 798 3235 Α

908 3267 979 3306 Bb
1011 3281 1032 3319 3
1605 3284 1638 3323 5.
1667 3272 1794 3313 <Prae-
