1976 3519
431 239 1428 300 PROL'EGOMENA.
1722 274 1798 317 153

63 343 186 387 verbis
211 342 522 384 commendatur:
552 372 577 392 „
607 339 687 381 Etfi
715 340 819 381 enirn
850 339 1081 393 professione
1105 344 1144 380 &
1174 340 1306 383 officio
1326 343 1577 400 Theologum
1604 359 1684 388 non
1714 363 1802 403 ege-

63 428 89 451 ,‚
118 401 168 440 rit
200 398 357 454 quidem
388 396 605 438 Schmidius
634 395 761 435 noster
778 426 790 446 ‚
821 396 962 449 pietate
992 409 1097 437 tanta
1124 408 1251 437 tamen
1283 409 1364 438 erat
1384 429 1395 448 ‚
1425 411 1466 439 ut
1493 400 1709 444 eruditione
1736 405 1800 445 illa

60 486 88 506 „
117 453 310 509 profunda
340 452 403 494 sua
433 454 473 492 in
498 451 656 491 Graecis
685 450 800 490 literis
829 464 909 490 non
933 450 982 490 ad
1009 451 1227 492 invehenda
1247 451 1479 504 schismata,
1510 467 1574 496 aut
1593 457 1632 496 in
1655 460 1805 513 praeju-.

59 537 86 562 ‚,
113 510 257 550 dicium
269 505 594 561 Theologicarum
605 519 729 546 rerum
747 517 934 556 uteretur,
957 507 1023 560 qui
1045 506 1141 546 male
1162 507 1271 547 sanus
1291 508 1533 561 ingeniorum
1556 513 1800 564 quorundam

58 596 85 616 „
116 578 201 606 mos
228 564 303 605 est:
331 562 395 604 sed
415 575 509 602 vero
538 573 579 601 ut
599 561 783 601 talentum
815 560 926 601 unice
946 575 990 601 ac
1010 572 1196 615 perpetuo
1215 561 1265 601 ad
1296 562 1372 603 Dei
1402 562 1557 605 referret
1587 566 1798 620 honorem,

59 650 87 671 ,‚
116 620 320 673 ausamque
337 615 531 671 praeberet
551 614 709 656 subinde
727 615 926 670 cogitandi
947 631 991 656 ac
1013 616 1232 670 inquirendi
1253 617 1407 658 ulterius
1427 618 1468 657 in
1498 619 1643 660 sensum
1674 623 1799 664 diver-

60 705 87 726 „
115 675 240 715 sorum
260 669 450 713 sacrorum
469 670 684 712 locorum”.
738 669 926 724 Expreffit
943 671 1113 711 Textum
1137 670 1296 722 Reme,
1327 672 1380 713 ita
1401 684 1444 713 ut
1462 673 1526 714 vix
1546 675 1661 717 vicies
1682 677 1729 717 ab
1748 693 1798 720 eo

61 729 270 779 recederet,
305 726 517 767 editionem
537 725 722 780 Stephani
740 737 805 766 aut
823 727 1090 767 annotationes
1112 727 1237 774 Bezae
1255 726 1420 777 secutus,
1451 729 1645 771 interdum
1669 742 1798 774 tamen

58 786 174 826 etiam
204 783 421 835 conjeEkura
450 780 650 828 indu&u85
680 792 723 821 ut
751 780 908 820 Matth.
940 781 1094 822 XXIII.
1132 795 1193 822 11.
1226 782 1357 824 Marc.
1386 781 1500 823 XVI.
1534 797 1568 823 1.
1598 785 1697 827 Luc.
1726 787 1797 831 VI.

61 853 126 892 23.
155 838 224 891 Jo.
252 837 343 884 VII.
375 850 440 888 ²9·
470 835 585 876 Rom.
616 835 729 876 XIII.
764 848 826 874 11.
854 836 976 890 Apoc.
1004 836 1034 876 I.
1069 837 1130 876 18.
1160 837 1207 877 ΙΙ.
1244 850 1275 884 5.
1316 837 1428 879 nullis
1461 852 1554 879 vero
1583 840 1798 885 Codicibus

57 893 203 948 scriptis
229 891 393 946 adjutus.
447 891 572 943 Qiod
600 891 737 932 ultimo
765 889 854 930 loco
885 891 991 937 dixi,
1019 890 1267 933 confirmatur
1297 893 1412 933 etiam
1440 907 1487 934 ex
1518 907 1611 936 nota
1644 896 1727 950 ejus
1754 900 1796 939 in

60 948 150 990 Gal.
183 946 233 987 V.
264 959 299 1000 7.
353 976 380 998 ,‚
409 945 551 987 Codex
583 946 740 1000 quidam
770 945 967 998 impressus
985 949 1008 963 ”
1027 977 1038 996 ‚
1069 948 1194 999 inquit
1213 978 1224 997 ‚
1252 979 1278 998 ,‚
1307 944 1350 987 τὲ
1380 945 1428 996 μὴ
1459 962 1540 988 non
1560 949 1686 993 habet.
1744 955 1797 994 Et

57 1034 83 1056 „
110 1002 262 1046 videtur
282 1002 368 1043 sane
386 1002 514 1043 omitti
536 1001 652 1055 posse.
681 1000 790 1040 Nam
815 1000 907 1040 ficut
929 1001 1091 1042 dicimus
1117 1001 1316 1043 ἀνακόπτω
1336 1020 1374 1042 σε
1392 1002 1456 1045 τῖς
1474 1000 1573 1054 &pl-ck
1598 1020 1606 1044 :
1635 1007 1688 1048 ita
1718 1008 1797 1049 dici

57 1088 85 1111 „
112 1058 239 1112 poss‘et
258 1057 314 1099 τίς
334 1054 495 1108 ἀνέκοψεν
515 1054 606 1103 ὑμὶς
630 1052 733 1110 [τοῦ]
757 1053 939 1095 πείθεσθαι
955 1088 966 1107 ,
994 1059 1084 1110 quis
1115 1057 1289 1097 inhibuit
1318 1071 1392 1097 vos
1425 1060 1467 1098 in
1495 1060 1679 1102 credendo
1698 1063 1721 1104 ,2
1748 1064 1796 1105 In

55 1140 83 1165 ‚,
112 1114 188 1161 hoc
208 1125 336 1154 tamen
358 1115 398 1152 ὃ(
417 1111 596 1152 similibus
615 1109 776 1150 Codices
794 1111 942 1164 vetusti
961 1112 1230 1167 Manuscrt'pti
1248 1112 1367 1166 effent
1383 1113 1501 1154 utiles
1512 1116 1545 1154 ''.

351 1221 430 1263 DE
476 1222 768 1263 Enii-mun
811 1233 1133 1262 PROPOSITA
1181 1222 1489 1277 BENTLEJL

69 1337 76 1342 ‘
124 1381 128 1385 ,
167 1333 254 1375 Um
273 1332 385 1373 initio
404 1332 496 1372 anni
528 1335 648 1384 1716.
679 1331 803 1372 virum
824 1331 886 1372 Cl.
905 1330 1152 1374 Richardum
1172 1327 1399 1389 Bentssjum
1418 1333 1691 1394 Cantabrigiae
1720 1342 1794 1395 pri-

184 1402 289 1430 mum
310 1388 349 1428 in
370 1387 552 1442 Collegio
571 1388 797 1437 Trinitatis,
826 1386 969 1428 deinde
1001 1388 1173 1429 Londini
1201 1390 1242 1429 in
1271 1389 1513 1432 Bibliotheca
1539 1392 1688 1448 Regia,
1718 1411 1794 1449 qua
1826 1427 1828 1429 »

52 1455 155 1496 erat,
182 1458 272 1500 erga
301 1455 451 1484 exteros
478 1443 681 1497 praecipue
699 1473 711 1492 ‚
741 1442 978 1483 humanitate
998 1477 1009 1493 ‚
1038 1443 1270 1485 familiariter
1300 1444 1471 1487 viderem
1488 1480 1500 1497 ‚
1530 1461 1597 1501 per
1626 1451 1794 1492 occasio-

54 1502 144 1541 nem
166 1500 218 1539 illi
237 1497 417 1552 exposui,
446 1511 544 1551 quos
562 1498 603 1537 in
622 1497 750 1537 Gallia
781 1497 837 1537 N.
857 1497 908 1538 T.
932 1497 1104 1539 Codices
1132 1513 1220 1539 cum
1248 1498 1362 1540 editis
1391 1502 1641 1545 contulissem.
1698 1508 1795 1561 Quo

54 1555 187 1596 audito
216 1553 349 1604 suasit,
377 1559 443 1603 ut,
471 1566 569 1607 quae
599 1553 638 1592 in
669 1551 830 1593 Schedis
851 1552 1012 1593 collecta
1038 1554 1217 1595 haberem
1239 1581 1250 1600 ‚
1277 1555 1361 1609 ipso
1379 1555 1562 1610 juvante,
1592 1559 1633 1599 in
1671 1561 1794 1604 lucem

53 1610 242 1664 publicam
260 1610 482 1650 emitterem.
538 1608 642 1648 Cum
661 1622 753 1648 vero
771 1610 812 1646 δε
831 1608 964 1648 aetatis
979 1609 1158 1662 juvenilis
1178 1613 1216 1649 &
1234 1612 1420 1664 temporis
1440 1614 1698 1668 peregrinanti
1726 1631 1793 1671 pa-

54 1660 138 1705 rum
167 1662 363 1705 commodi
393 1666 432 1703 ὃς
463 1663 576 1703 nimis
605 1663 753 1717 angusti
782 1661 1025 1704 excusatione
1054 1676 1200 1711 uterer,
1230 1670 1502 1721 rogaremque‚
1532 1681 1574 1709 ut
1594 1670 1671 1724 ipse
1691 1672 1794 1714 hunc

54 1720 222 1760 laborem
246 1719 285 1758 in
307 1718 344 1759 se
362 1717 586 1770 susciperet,
613 1718 783 1771 meisque
802 1716 1044 1763 colleffaneis
1061 1730 1251 1764 uteretur,
1283 1722 1457 1774 permovi
1478 1723 1635 1771 tandem
1667 1727 1791 1768 virum

52 1772 303 1827 χςιτιχὼτατον
319 1804 331 1824 ,
357 1784 398 1813 ut
417 1772 560 1812 edendi
580 1771 637 1812 N.
656 1772 729 1821 T.‚
749 1771 799 1811 de
820 1785 899 1825 quo
920 1773 1025 1825 prius
1045 1786 1243 1828 nunquam
1262 1775 1444 1828 cogitasse
1467 1777 1687 1830 videbatur,
1701 1797 1795 1823 con-

55 1830 177 1870 silium
197 1839 356 1882 caperet.
398 1827 696 1868 communicavi
716 1826 831 1880 igitur
850 1839 938 1866 curn
960 1826 1026 1867 illo
1047 1840 1225 1882 excerpta
1245 1824 1331 1869 m‘ea
1351 1843 1398 1871 ex
1418 1831 1572 1873 Codice
1595 1835 1664 1884 C.‚
1695 1852 1794 1891 quae

53 1899 144 1925 orae
172 1883 353 1925 editionis
374 1881 606 1923 Oxoniensis
636 1882 676 1921 in
707 1882 848 1922 o&av0
878 1880 958 1935 ipse
981 1881 1202 1937 adscripsit5
1234 1887 1274 1923 δε
1293 1899 1381 1925 cum
1407 1886 1604 1941 voluptate
1624 1891 1795 1934 observa-

52 1940 131 1990 vi't,
160 1939 262 1979 hunc
281 1937 454 1978 codicem
473 1950 560 1977 curn
582 1935 848 1977 Alexandrino
869 1937 1093 1991 plerumque
1120 1939 1328 1980 convenire
1348 1961 1361 1988 ;
1389 1953 1508 1993 porro
1536 1944 1576 1982 in
1599 1944 1793 1990 Editionis

53 1993 377 2049 Cantabrigienfis
392 2005 531 2046 parvae
551 1992 721 2047 margine
742 1990 919 2044 descripfi
932 2022 943 2041 ,
956 2005 1054 2046 quae
1072 2004 1120 2034 ex
1139 1993 1354 2035 Codicibus
1364 1994 1616 2039 Coislinianis
1637 2001 1795 2057 aliisque

54 2049 383 2104 deprehenderam
391 2066 404 2092 ,-
437 2047 568 2101 postea
597 2047 636 2086 in
664 2045 746 2100 ejus
777 2048 936 2100 gratiam
968 2046 1064 2087 redii
1094 2046 1288 2089 Lutetiam
1320 2049 1569 2101 Parisiorum,
1600 2054 1795 2100 Codicem

54 2104 103 2145 C.
132 2105 266 2146 iterum
287 2106 327 2143 &
347 2113 533 2158 quantum
551 2101 633 2142 fieri
662 2100 784 2156 posset
804 2102 1075 2143 accuratissime
1097 2103 1321 2154 collaturus,
1351 2105 1460 2159 quod
1493 2110 1532 2147 &
1562 2107 1656 2159 feci;
1687 2112 1795 2154 deni.

53 2173 128 2213 que
155 2158 348 2200 Codicem
379 2158 534 2198 Graeco
563 2156 743 2197 Latinum
774 2157 1019 2210 epistolarum
1049 2159 1179 2209 Pauli,
1209 2173 1326 2213 quem
1353 2165 1414 2200 A0.
1451 2175 1569 2213 1717.
1600 2165 1638 2204 in
1660 2167 1794 2210 itinere

54 2213 334 2268 Heidelbergae
365 2212 619 2265 inspexeram‚
649 2213 684 2252 ei
715 2216 754 2252 &
784 2212 985 2263 indicavi,
1017 2216 1057 2253 ὅ(
1076 2245 1089 2265 ‚
1117 2225 1160 2255 ut
1187 2228 1276 2255 eum
1306 2215 1612 2268 nancisceretur,
1653 2225 1793 2266 curavi.

56 2269 179 2323 Cujus
199 2270 253 2310 rei
269 2267 387 2309 fidem
410 2267 500 2308 facit
519 2267 678 2322 sequens
700 2266 880 2321 epistola:

55 2377 267 2430 Clartffi‘mo
297 2380 386 2418 viro
416 2376 465 2424 ἐφ’
489 2375 759 2432 jucundifflmo
790 2379 933 2419 Amico
953 2379 1028 2432 βω
1057 2379 1127 2432 Jo.
1158 2378 1311 2434 Jacobo
1343 2376 1554 2435 Wssenio
1574 2385 1613 2429 S.
1642 2389 1696 2430 P.
1728 2389 1791 2431 D.

697 2431 927 2473 Richardus
955 2434 1173 2488 Bentlejus.
1557 2476 1560 2481 ,
1777 2475 1779 2478 .

107 2488 253 2530 Literas
282 2499 364 2529 tuas
391 2488 543 2542 accepi,
574 2487 740 2534 Bafileae
771 2489 879 2530 datas
906 2489 1001 2531 VII'
1020 2490 1109 2543 Jan.
1143 2493 1264 2541 1718.
1287 2523 1299 2542 ,
1330 2506 1404 2547 pro
1432 2495 1568 2548 quibus
1586 2499 1725 2552 gratias
1745 2501 1792 2541 ti-

54 2543 93 2584 bi
120 2559 194 2599 ago
223 2557 338 2598 quam
367 2544 559 2584 maximas.
615 2542 769 2586 Eodem
797 2543 973 2598 die‘quo
1001 2558 1065 2585 eas
1095 2559 1314 2601 acceperam
1343 2548 1469 2603 scripfi
1500 2551 1551 2591 ad
1586 2553 1793 2609 Cognatos

57 2610 142 2641 tuos
179 2598 420 2641 Wetstenios
460 2597 739 2640 Amstelodami
759 2632 770 2648 ,
800 2611 842 2640 ut
879 2598 1071 2640 Codicem
1109 2601 1214 2642 illum
1253 2603 1494 2645 Paulinarum
1534 2608 1793 2662 Epistolarum

57 2653 405 2695 Graeco-Latinum
434 2654 529 2694 mihi
560 2652 849 2704 venundarent,
878 2668 958 2709 quo
976 2655 1118 2697 vellent
1141 2658 1266 2711 pretio
1288 2659 1574 2707 aestimandum.
1630 2665 1689 2706 Illi
1722 2667 1791 2707 sta·

56 2709 125 2748 tim
156 2708 416 2762 rescripserunt
436 2736 446 2755 ‚
476 2709 543 2749 sibi
570 2709 706 2749 librum
734 2709 840 2750 illum
867 2709 1072 2752 constitisse
1103 2725 1198 2762 250.
1227 2712 1386 2754 florenis
1416 2714 1663 2759 Hollandicis
1682 2752 1694 2771 ,
1725 2721 1791 2762 sed

57 2763 108 2803 ob
125 2763 308 2805 beneficia
329 2778 351 2803 a
368 2778 430 2804 me
448 2764 586 2819 partim
608 2766 763 2818 accepta
782 2765 919 2819 partim
942 2765 1067 2807 adhuc
1088 2766 1234 2820 sperata
1254 2767 1290 2808 se
1310 2768 1450 2810 eodem
1471 2774 1596 2824 pretio
1617 2774 1696 2815 fine
1713 2777 1792 2817 ullo

55 2817 161 2858 lucro
182 2818 278 2860 mihi
301 2818 534 2860 vendituros.
593 2818 684 2859 Misi
713 2820 828 2874 igitur
856 2820 929 2860 illis
956 2834 1041 2860 earn
1068 2835 1313 2863 nummorum
1334 2823 1518 2866 summam
1553 2829 1792 2871 Amsteloda-

57 2885 185 2923 mum,
215 2877 253 2913 ὃ(
271 2874 407 2915 librum
429 2875 527 2915 intra
548 2887 689 2929 paucos
709 2875 792 2916 dies
810 2874 999 2929 exspesto.
1028 2877 1153 2918 Beasti
1173 2892 1266 2932 ergo
1289 2893 1372 2930 me,
1402 2891 1444 2920 ut
1466 2882 1574 2923 vides
1587 2915 1597 2931 ‚
1617 2899 1703 2925 cum
1725 2886 1791 2927 illo

56 2934 126 2966 tuo
144 2929 298 2968 nuntio:
330 2932 369 2968 δε
389 2928 416 2969 fi
438 2929 532 2984 quid
552 2929 743 2983 ejusmodi
762 2932 985 2971 veterrimae
1016 2945 1130 2974 notae
1149 2934 1188 2973 in
1208 2933 1288 2975 aliis
1317 2935 1535 2990 regionibus
1552 2938 1647 2979 Tibi
1677 2941 1790 2982 inno-

58 2982 192 3026 tuerit,
220 2982 358 3036 quaeso
377 2996 419 3024 ut
439 2999 500 3025 me
518 2984 632 3025 facias
651 2986 861 3026 certiorem.
906 2986 1167 3029 Gratiffimum
1188 2988 1264 3039 est,
1294 2991 1402 3044 quod
1425 2991 1699 3036 Correstiones
1727 2997 1791 3036 Bi-

53 3035 152 3075 bliae
181 3035 400 3092 descripsisti
419 3054 428 3078 ε
456 3041 522 3081 vix
546 3051 674 3080 tamen
693 3040 921 3082 crediderim
939 3042 1105 3084 eundem
1125 3042 1200 3084 esse
1219 3045 1414 3085 auctorem
1440 3061 1527 3088 cum
1549 3049 1674 3090 Lucae
1697 3051 1791 3091 Bru-

56 3089 179 3145 genfis
197 3090 286 3141 illo,
316 3106 430 3146 quem
447 3092 741 3149 Epanorthoten
769 3107 893 3137 vocat.
949 3097 1102 3154 Magno
1127 3098 1214 3140 sane
1231 3102 1388 3140 emerim
1403 3131 1414 3151 ‚
1446 3102 1569 3155 ipsum
1590 3104 1695 3145 illum
1714 3107 1790 3145 Lu-

55 3158 121 3186 cae
152 3145 288 3186 librum
314 3148 497 3192 nancisci:
526 3163 617 3191 nam
636 3153 676 3190 δε
704 3151 821 3207 longe
838 3152 1009 3247 optimixiss
1028 3153 1105 3205 est,
1135 3157 1198 3204 δε,
1226 3165 1268 3196 ut
1287 3156 1387 3197 nosti
1404 3189 1416 3206 ‚
1445 3157 1567 3198 Lucas
1586 3158 1627 3198 in
1654 3171 1790 3252 notain-

1761 3226 1792 3253 is
