1976 3519
413 209 1397 256 PRoLEGoMENA.
1733 221 1806 263 151

83 299 224 341 tini-ana
246 312 333 341 cum
354 301 671 354 interpretatione
691 296 940 337 interlineari
962 294 1116 335 Latina
1143 297 1262 345 1584.
1284 297 1324 335 in
1344 295 1461 347 folio,
1483 311 1568 339 cum
1595 310 1670 353 qua
1691 301 1806 344 etiam

81 356 292 395 editionem
324 355 582 410 Raphelengit'
609 351 751 394 Leidae
772 354 838 392 ΑΟ.
875 363 990 400 1591.
1020 350 1058 389 in
1094 362 1157 401 24.
1184 363 1392 404 congruere
1411 352 1680 405 deprehendi,
1719 355 1806 398 licet

82 424 239 463 utraque
258 425 279 450 a
299 411 419 464 prima
448 411 486 450 in
506 408 743 461 Evangeliis‚
764 406 930 446 Astis&
953 404 1133 458 Epistolis
1153 406 1352 445 minimum
1373 408 1514 448 centies
1533 408 1722 459 discedat,
1752 411 1803 453 ad

82 465 227 505 Erasmi
256 469 294 505 δε
328 464 510 519 Stephani
539 463 750 504 editionem
783 459 1013 500 deflestens:
1044 472 1122 499 tum
1155 460 1321 513 denique
1352 460 1523 502 editione
1545 464 1668 504 Petri
1689 465 1738 506 de
1763 466 1804 507 la

82 519 253 560 Rovzere
274 520 456 560 Genevae
478 521 541 559 A0.
577 521 698 557 1620.
727 527 853 556 curata
873 527 959 555 cum
978 515 1079 553 notis
1100 514 1263 566 Jofephi
1285 513 1485 568 Scalzgeri.
1514 518 1602 558 Hac
1632 520 1803 564 editione

81 587 122 614 ut
141 575 342 628 plurimum
363 573 480 614 hodie
498 584 652 614 utuntur
666 603 677 621 ,
699 571 766 625 qui
786 570 851 610 sub
871 569 1137 609 dominatione
1157 570 1367 610 Turcarum
1387 571 1544 620 vivunt,
1559 573 1718 616 Graeci:
1746 576 1802 618 se-

81 630 208 683 quitur
227 641 350 669 autem
370 628 647 668 Plantinianam
667 627 819 667 alteram
832 655 843 672 ,
872 624 1043 679 exceptis
1059 623 1309 678 quadraginta
1337 624 1484 665 circiter
1506 627 1798 680 Evangeliorum

80 686 265 724 Astorum
287 686 326 722 ὅ(
349 683 600 736 Epistolarum
621 681 734 731 locis,
764 681 900 734 quibus
923 678 1065 719 Erasmi
1083 679 1294 719 editionem
1317 681 1512 732 praetulit,
1544 685 1714 736 quisquis
1736 687 1800 728 ille

79 738 173 787 fuit,
205 738 349 778 Editor.
404 738 450 778 In
472 735 700 791 Apocalypsi
723 748 816 775 vero
841 734 951 774 Arias
971 734 1184 774 Montanus
1206 733 1359 788 pressius
1380 734 1646 788 Complutensi
1660 740 1800 782 adhae-

79 793 144 842 sit,
172 794 223 832 ita
243 804 384 831 tamem
403 804 444 833 ut
460 793 575 832 etiam
605 792 668 831 hic
689 790 914 845 quadragies
922 819 935 839 ,
964 786 992 829 si
1012 789 1112 829 reste
1141 790 1359 840 numeravi,
1395 803 1439 830 ea
1461 790 1632 833 editione
1654 793 1800 838 deserta

78 847 307 889 Erasmicam
327 846 554 901 sequeretur.

459 959 536 999 DE
578 957 875 997 Eum-iona
916 965 1089 993 nomn
1131 953 1417 995 Rsscnpu.

168 1122 366 1180 descripsi,
402 1123 576 1164 nondum
606 1135 732 1162 tamen
751 1155 762 1171 ‚
801 1118 909 1173 quod
937 1120 1082 1160 mireris
1101 1150 1112 1170 ‚
1149 1119 1199 1160 de
1220 1118 1408 1160 Edztione
1426 1120 1540 1161 hodie
1558 1134 1708 1178 recepta
1729 1129 1802 1182 egi.

175 1182 283 1222 Haec
310 1181 414 1221 enirn
443 1178 598 1219 demum
620 1176 765 1232 prodiit
785 1176 850 1216 ΑΟ.
887 1179 1004 1225 1624.
1032 1188 1076 1214 ex
1098 1174 1251 1215 officina
1274 1172 1571 1216 Elzeviriana:
1600 1179 1647 1219 ab
1668 1194 1716 1220 eo
1739 1197 1802 1222 ve·-

75 1251 119 1277 ro
148 1248 345 1290 tempore,
370 1236 540 1275 certatim
562 1237 601 1272 &
623 1235 670 1272 ab
693 1230 949 1280 Elzeviriis,
978 1233 1018 1269 &
1039 1230 1086 1269 ab
1107 1230 1284 1270 omnibus
1307 1230 1345 1269 in
1366 1229 1503 1286 Belgio
1521 1237 1800 1289 typographis,

73 1295 114 1331 &
141 1307 163 1332 a
193 1292 233 1332 S.
271 1289 489 1330 Curcellaeo
509 1323 519 1339 ,
560 1288 608 1341 J.
641 1285 768 1337 Fello‚
798 1286 846 1339 J.
877 1283 1080 1325 Leusde'no
1110 1282 1132 1339 ζ
1142 1285 1208 1338 qui
1238 1283 1448 1325 versionem
1480 1286 1656 1328 Latinam
1687 1293 1801 1333 Asiae

73 1347 277 1395 Montani„
298 1355 384 1386 cum
404 1344 480 1385 hoc
500 1343 629 1384 Textu
651 1343 805 1383 Graeco
825 1352 964 1395 parurn
980 1339 1305 1389 consentientem,
1334 1340 1534 1394 apposuit)
1558 1342 1726 1398 denique
1749 1347 1799 1388 G.

71 1415 98 1440 a
125 1400 339 1454 Mastricht
367 1399 437 1440 fuit
461 1399 641 1453 repetita3
673 1399 724 1437 ita
748 1407 788 1438 ut
810 1396 947 1436 nullius
968 1395 1194 1436 recensionis
1217 1395 1323 1448 plura
1345 1396 1384 1435 in
1403 1397 1576 1438 manibus
1595 1398 1797 1443 hominum

73 1457 265 1497 versentur
294 1455 556 1507 exemplaria,
586 1454 756 1506 haecque
776 1451 874 1492 adeo
896 1450 1029 1491 Editio
1047 1464 1152 1490 nunc
1167 1464 1325 1504 regnum
1346 1451 1520 1492 obtinere
1540 1452 1659 1494 videri
1677 1455 1801 1509 poffit.

74 1512 136 1553 De
158 1517 238 1566 quo
255 1511 368 1551 etiam
391 1510 599 1564 gloriantur
614 1506 873 1562 Typographi
894 1506 933 1545 in
955 1505 1194 1559 praefatione
1219 1504 1484 1557 Editionibus‚
1544 1521 1607 1549 uas
1627 1510 1713 1564 post
1727 1512 1803 1565 pri-

75 1580 165 1606 nam
195 1566 426 1607 excuderunt
458 1564 613 1618 (prima
643 1563 745 1603 enim
775 1560 1051 1615 praefationem
1078 1560 1218 1601 nullam
1251 1560 1397 1603 habet)
1427 1521 1592 1616 praehxa
1629 1595 1654 1615 „
1685 1565 1805 1617 Trpo-

72 1651 98 1672 ,‚
121 1621 267 1677 graphi
297 1619 516 1662 Letioribus
535 1618 584 1659 de
605 1618 676 1658 hac
697 1617 889 1658 Editione.
946 1616 1052 1656 Anni
1071 1616 1151 1669 jam
1172 1615 1256 1656 sunt
1276 1616 1445 1670 aliquot,
1477 1632 1523 1658 ex
1544 1632 1623 1673 quo
1649 1620 1803 1663 Foedus

74 1706 102 1728 ,‚
132 1689 275 1716 novum
304 1689 353 1714 ex
391 1674 530 1727 Regiis
561 1672 608 1716 (y
638 1675 801 1712 caeteris
831 1669 1114 1721 Editionibus,
1145 1685 1243 1725 quae
1275 1672 1439 1712 maxime
1469 1686 1514 1712 ac
1537 1687 1627 1727 prae
1646 1678 1812 1718 caeteris

75 1761 102 1782 „
132 1730 310 1771 NUNC
350 1728 615 1770 OMNIBUS
652 1725 1018 1767 PROBANTUR
1048 1747 1129 1756 -·—--
1164 1725 1341 1765 dedimus
1367 1726 1695 1783 expressimusque.
1725 1753 1807 1764 ----—

77 1816 104 1837 ,‚
131 1786 299 1826 Textum
316 1798 409 1839 ergo
428 1783 541 1823 habes
563 1781 742 1823 NUNC
773 1781 844 1821 AB
875 1779 1144 1820 OMNIBUS
1173 1780 1520 1830 RECEPTUM,
1549 1784 1589 1823 in
1610 1798 1689 1838 quo
1708 1786 1805 1827 nihil

77 1870 103 1891 ,‚
132 1841 370 1880 immutatum
390 1850 456 1878 aut
476 1851 693 1892 corruptum
716 1835 849 1876 damus
859 1838 893 1875 ”.
937 1834 1092 1888 Operae
1114 1836 1227 1889 igitur
1253 1835 1417 1889 pretium
1447 1835 1559 1878 fuerit
1578 1869 1591 1889 ,
1621 1851 1703 1880 tum
1725 1855 1805 1896 quo

76 1896 218 1945 modo,
249 1907 330 1936 tum
351 1909 372 1934 a
391 1907 470 1947 quo
491 1894 583 1933 haec
605 1890 736 1932 Editio
756 1889 867 1930 fuerit
885 1901 1031 1939 curata,
1060 1891 1261 1944 inquirere.

131 1948 348 2003 Qiomodo
368 1947 411 1988 sit
430 1959 577 1992 curata,
606 1945 751 1986 indicat
768 1944 924 1985 Titulus
952 1945 1153 1994 „Novum
1173 1943 1463 1986 Testamentum
1484 1960 1531 1986 ex
1553 1946 1688 2003 Regiis
1708 1951 1807 1992 aliis-

76 2031 102 2056 „
133 2019 206 2059 que
225 2004 381 2057 optimis
402 1999 644 2043 Editionibus
660 2014 748 2041 ,cum
767 2013 853 2039 cura
874 1998 1131 2053 expressum’'.
1161 2028 1164 2030 v
1190 1998 1299 2050 (Ubi
1328 2014 1396 2053 per
1425 2000 1626 2043 Editiones
1654 2004 1806 2059 Regias

77 2074 158 2100 non
180 2059 398 2113 intelligitur
422 2055 718 2110 Antwerpiensis
739 2054 908 2108 Philippi
936 2054 985 2095 ΙΙ.
1000 2085 1012 2104 ,
1041 2066 1082 2094 ut
1113 2055 1151 2094 in
1173 2054 1412 2096 Bibliotheca
1435 2056 1546 2097 Sacra
1577 2058 1806 2107 affirmatum

78 2113 143 2155 sed
169 2113 356 2169 Stephani
386 2115 529 2162 tertia,
560 2125 606 2152 ex
639 2110 875 2151 Bibliotheca
906 2110 1007 2163 regia
1027 2136 1039 2155 ‚
1068 2111 1170 2163 typis
1198 2110 1316 2164 regiis·
1333 2142 1344 2160 ‚
1375 2125 1395 2150 a
1413 2114 1661 2166 typographo
1686 2116 1808 2170 Regis

78 2169 230 2219 excusa,
251 2172 289 2209 &
308 2169 480 2210 Henrico
500 2166 548 2207 ΙΙ.
579 2167 788 2206 Galliarum
812 2165 914 2219 Regi
936 2164 1131 2205 dedicata:
1160 2179 1229 2219 per
1251 2165 1452 2206 Editiones
1473 2180 1598 2208 autem
1618 2169 1722 2217 alias
1749 2173 1808 2211 in·

78 2226 257 2279 telligitur
275 2223 397 2264 editio
419 2223 608 2277 postrema
629 2221 670 2260 Τ.
702 2220 869 2270 Bezae.)
928 2220 989 2260 De
1012 2219 1081 2260 hac
1102 2220 1274 2261 editione
1292 2220 1339 2272 J.
1368 2220 1528 2261 Asillius
1558 2225 1652 2276 prol.
1688 2239 1700 2263 1
1714 2238 1807 2278 707.

81 2310 107 2331 ‚,
136 2281 159 2318 ‘l
176 2292 282 2320 extus
301 2278 398 2333 ipse,
427 2281 581 2332 inquit,
605 2276 654 2316 ad
677 2290 794 2316 unum
817 2274 1291 2328 Stephanianumvtertium
1309 2287 1412 2316 totus
1432 2277 1623 2330 expressus
1644 2280 1808 2333 videtur,

79 2365 105 2386 „
135 2347 394 2389 praeterquam
415 2333 621 2373 duodecim
642 2333 679 2370 in
701 2332 818 2375 locis,
850 2331 888 2369 in
910 2331 1045 2384 quibus
1065 2330 1178 2379 solis,
1195 2343 1393 2384 -quantum
1425 2332 1562 2382 video,
1592 2349 1613 2374 a
1647 2335 1810 2389 Stepha-

82 2417 108 2441 ,‚
138 2392 226 2430 nico
245 2389 419 2429 recessere
448 2388 578 2429 Mire.
610 2387 679 2427 lX.
715 2389 776 2439 38.
811 2385 904 2425 Luc.
940 2384 1026 2426 VII.
1059 2399 1121 2426 12.
1151 2386 1245 2429 XV.
1280 2389 1343 2427 26.
1371 2386 1466 2427 Ati.
1494 2387 1566 2429 IX.
1601 2402 1664 2442 35.
1693 2391 1810 2435 XXI,

82 2475 109 2496 ‚,
143 2459 174 2487 2.
210 2444 348 2484 1.Cor.
378 2443 467 2485 VIl.
501 2457 565 2490 29.
599 2456 631 2482 2.
653 2441 738 2482 Cor.
773 2441 840 2481 XI.
879 2453 940 2481 10.
976 2440 1118 2482 =.Pet.
1148 2442 1197 2482 11.
1231 2454 1294 2482 21.
1327 2441 1441 2493 2.J0.
1477 2457 1511 2494 5.
1539 2445 1661 2498 Apoc.
1691 2444 1739 2487 ΙΙ.
1774 2460 1806 2498 5.

82 2527 108 2551 ,‚
137 2498 231 2540 XX.
262 2511 299 2550 4.
316 2501 338 2516 '’
368 2520 379 2546 3
417 2498 538 2538 Aliter
565 2496 712 2550 judicat
740 2496 947 2550 Bengelius
976 2495 1192 2538 Introduc?
1222 2510 1258 2550 p.
1289 2500 1385 2549 436.
1443 2524 1470 2543 ‚‚
1502 2499 1551 2539 Et
1580 2511 1729 2551 tamen,
1752 2504 1812 2542 in-

83 2580 107 2606 „
136 2557 250 2610 quit,
283 2554 387 2594 Beza
416 2553 570 2593 demum
592 2583 603 2602 ,
633 2551 657 2592 si
693 2553 864 2605 quaeris,
895 2564 1030 2603 parens
1059 2552 1112 2591 est
1144 2552 1317 2592 leffionis
1348 2551 1468 2593 hodie
1499 2567 1702 2608 receptae:
1735 2555 1812 2598 Be-

83 2634 109 2660 „
137 2624 218 2649 zae
245 2610 347 2650 enim
375 2621 519 2648 textum
539 2642 549 2657 ‚
588 2607 680 2661 quin
712 2607 825 2647 etiam
855 2607 1124 2647 annotationes
1153 2607 1279 2647 Bezae
1299 2637 1310 2656 ,
1349 2610 1389 2646 &
1420 2607 1621 2649 Henricus
1651 2610 1813 2665 Stepha-

84 2695 109 2714 ‚,
139 2678 239 2714 nus,
279 2668 315 2703 ὃ(
357 2663 567 2704 Elzevtrii
587 2694 598 2712 ,
628 2663 748 2716 magis
784 2676 898 2716 quam
929 2661 1044 2702 ullum
1083 2662 1198 2701 alium
1228 2662 1497 2703 antecessorem
1528 2663 1612 2705 sunt
1641 2665 1754 2708 secuti
1781 2669 1813 2708 ’'.

84 2719 245 2772 Propius
265 2733 356 2759 vero
377 2718 543 2765 Minius»,
571 2717 659 2758 licet
689 2717 792 2757 enim
818 2717 939 2757 editio
964 2716 1234 2756 Elzeviriana
1263 2732 1309 2757 ex
1340 2717 1552 2770 Stephani,
1582 2724 1705 2760 tertia
1724 2722 1814 2775 sbla

87 2788 167 2813 non
197 2774 241 2814 sit
269 2774 517 2818 concinnata,
547 2773 690 2827 saepius
709 2783 836 2812 tamen
856 2771 1090 2826 Stephanum
1114 2785 1228 2826 quam
1247 2771 1389 2812 Bczam
1411 2773 1585 2827 sequitur.
1627 2776 1724 2816 Non
1750 2790 1815 2818 au-

88 2839 163 2867 tem
184 2860 194 2876 ‚
223 2841 263 2869 ut
286 2829 430 2869 Millius
458 2829 629 2882 putavit,
660 2827 892 2874 Elzevirius‚
921 2828 984 2868 ubi
1014 2842 1034 2867 a
1065 2827 1262 2881 Stephano
1283 2826 1444 2868 discessit
1463 2856 1474 2875 ‚
1504 2829 1648 2870 secutus
1669 2832 1723 2870 est
1750 2843 1816 2873 aut

92 2883 258 2923 Codices
288 2883 389 2923 MSS
410 2914 422 2933 ,
462 2896 525 2924 aut
554 2883 756 2924 Editiones
785 2881 1101 2935 complutensem
1123 2909 1133 2928 ‚
1175 2883 1384 2924 Erasmicas
1406 2910 1418 2929 ‚
1460 2884 1551 2924 Aldi
1571 2915 1582 2934 ‚
1614 2885 1816 2937 Colinaei,

93 2940 130 2973 &
162 2937 344 2989 Stephani
376 2940 520 2992 priores
539 2969 550 2988 ‚
588 2937 651 2978 sed
681 2939 792 2978 unice
822 2937 1046 2978 Editionem
1068 2937 1195 2977 Bezae
1223 2968 1234 2987 ,
1264 2952 1379 2992 quam
1415 2937 1613 2989 diximus·,
1650 2942 1818 2995 exceptis

93 2989 354 3032 varietatibus.
389 3005 421 3032 1.
440 2994 520 3034 Pet.
550 2993 598 3034 II.
630 3006 691 3033 21.
723 3007 822 3047 quae
849 3006 894 3033 ex
920 2992 1021 3032 nulla
1051 2992 1266 3033 editionum
1293 2994 1601 3047 praecedentium
1622 3026 1634 3045 ,
1663 2995 1727 3036 sed
1759 2995 1818 3035 vel

92 3059 140 3085 ex
169 3045 400 3087 aberratione
427 3048 685 3103 Typographi
715 3047 774 3089 vel
805 3061 851 3088 ex
871 3047 1142 3088 emendatione
1169 3046 1372 3089 Editorum
1393 3049 1613 3091 suntortae.
1674 3050 1819 3105 Repeti

93 3111 222 3141 tamen
253 3101 420 3153 (praeter
447 3117 494 3143 ea
521 3117 618 3156 quae
638 3103 786 3144 Millius
815 3101 964 3156 attulit)
993 3103 1108 3158 paulo
1129 3103 1236 3157 plura
1256 3103 1362 3155 loca,
1392 3105 1432 3144 in
1460 3105 1597 3158 quibus
1615 3104 1736 3146 editio
1757 3102 1824 3164 El-v

1717 3171 1825 3200 zev1·

55 1071 218 1213 JAm
239 1069 486 1110 novendecim
506 1094 518 1114 ‚
548 1067 584 1108 h.
615 1081 670 1117 e,
699 1065 823 1120 plures
845 1077 960 1118 quam
982 1063 1096 1104 initio
1114 1076 1334 1118 putaveram
1349 1092 1359 1110 ‚
1388 1065 1590 1108 Editiones
1610 1068 1802 1126 principes
