1976 3519
425 212 1412 261 PROLEGOMENA.
1690 229 1771 273 ¹45

45 307 82 344 &
116 305 216 345 Beza
249 301 443 343 testaretur
470 332 480 351 ‚
505 301 694 355 exemplar
721 300 883 342 Henrici
912 300 1095 352 Stephani
1116 302 1163 340 ab
1189 316 1238 342 eo
1259 317 1345 343 cum
1371 303 1505 345 XXV.
1534 303 1617 359 plus
1645 307 1769 347 minus

42 353 252 400 Codicibtis
284 356 563 411 diligentislime
591 357 766 396 collatum
796 353 925 395 fuisse?
958 355 1215 408 Respondeo:
1246 356 1353 398 facile
1385 359 1478 398 haec
1508 364 1546 399 &
1576 361 1699 402 secum
1728 366 1769 401 δε

41 429 125 456 cum
157 413 314 455 veritate
344 412 536 451 conciliari
567 410 694 464 poste,
725 411 750 451 fi
781 410 970 458 dicamus,
1002 410 1123 450 Henr.
1151 412 1384 464 Stephanum
1407 414 1501 453 ultra
1527 416 1663 457 XXX.
1686 418 1769 470 qui-

40 470 127 510 dem
145 468 296 508 codices
317 466 474 517 vidiffe,
505 465 569 505 sed
590 465 738 505 nonnisi
765 465 875 506 XVI.
897 480 918 504 a
938 465 1062 518 capite
1082 465 1130 504 ad
1150 467 1291 506 calcem
1311 480 1397 507 cum
1418 468 1529 509 editis
1546 472 1768 524 contztlffl5

39 524 150 566 verba
171 537 262 564 vero
283 520 524 576 hyperbolica
548 521 672 560 Bezae
693 519 766 561 esse
787 519 991 559 commoda
1018 520 1330 573 interpretatione
1362 523 1579 564 mollienda.
1634 527 1767 568 Altera

37 579 238 619 difficultas
257 578 310 617 est
330 576 378 615 de
399 588 558 614 numero
580 575 806 615 Lestionum
832 574 1068 613 variantium.
1120 576 1222 616 Cum
1243 579 1346 615 enim
1373 576 1474 617 Beza
1495 579 1666 620 editione
1689 582 1767 622 Ro.

37 634 221 687 Stephani
242 633 280 671 in
302 631 395 670 folio
417 628 527 669 fuerit
545 629 651 678 ustis,
682 634 720 668 &
743 630 944 669 Leffiones
961 630 1147 669 variantes
1165 645 1211 671 ex
1231 631 1311 683 ejus
1334 633 1502 685 margine
1532 633 1640 688 saepe
1669 646 1767 677 artu·-

37 689 140 737 lerit‚
168 689 280 727 etiam
299 685 361 725 ubi
373 684 683 737 Typothetarum
696 684 791 724 vitio
814 685 853 723 in
874 697 1033 723 numero
1054 686 1197 725 codicis
1215 687 1424 726 aberratum
1443 688 1519 734 est3
1551 691 1766 741 quaeritur,

36 744 138 783 unde
156 742 256 782 idem
290 741 390 780 Beza
412 739 593 778 lestiones
614 739 861 792 Stephanicas
886 738 1067 788 hauserit,
1098 754 1195 793 quae
1217 741 1255 780 in
1280 742 1449 794 margine
1478 742 1659 784 editionis
1684 746 1765 786 Ro-

34 798 128 838 berti
150 810 229 836 non
253 795 507 848 reperiuntur,
537 808 582 833 ex
604 794 738 834 codice
758 794 1036 845 stecundosbx,
1065 806 1111 833 ex
1132 796 1272 835 ottavo
1293 796 1557 849 quadraginta
1589 807 1690 844 tres,
1719 812 1765 840 ex

33 852 207 893 omnibus
237 849 474 903 Stephanicis
505 850 543 888 in
578 848 664 889 solis
696 849 912 903 Evangeliis
943 849 1141 889 minimum
1173 860 1324 889 centum
1350 849 1396 895 ἔγ
1428 850 1655 892 duodecim?
1685 855 1764 895 Re-

33 905 228 961 spondeo:
260 905 402 945 Bezam
422 916 567 956 praeter
587 903 798 944 editionem
820 903 983 944 Roberti
1006 903 1188 958 accepisse
1210 906 1325 945 etiam
1353 905 1472 959 ipsum
1506 907 1665 948 Henrici
1698 909 1762 948 ἆυ·

33 960 224 1011 τέγραιφον,
255 974 299 999 ex
320 973 399 1013 quo
422 959 636 1007 Robertus,
668 959 794 998 multis
817 958 1017 1011 neglestis‚
1050 960 1235 1012 quaedam
1260 975 1331 1014 pro
1351 960 1504 1001 arbitrio
1525 976 1700 1015 excerpta
1722 967 1763 1006 in

30 1017 238 1070 marginem
263 1014 346 1054 suae
363 1013 544 1054 editionis
564 1011 787 1066 conjecerat.
818 1013 941 1066 Quod
960 1013 1074 1053 etiam
1095 1014 1307 1055 observavit
1336 1015 1383 1068 J.
1409 1017 1591 1057 Marinus
1613 1020 1762 1061 Exere.

29 1071 132 1112 Bibl.
162 1085 198 1124 p.
225 1082 291 1121 41.
347 1097 372 1118 „
403 1069 525 1120 Qus,
555 1069 701 1122 inquit,
731 1068 851 1108 varias
869 1081 1004 1108 omnes
1028 1068 1229 1110 Leffiones
1252 1082 1360 1110 tanto
1393 1084 1551 1111 numero
1574 1087 1651 1113 non
1685 1088 1763 1115 cre·⁴

29 1156 54 1177 ‚,
84 1125 190 1166 deret
220 1124 433 1164 Robertum
465 1122 701 1176 Stephanum
732 1123 806 1163 effe
837 1122 1105 1174 complexum?
1136 1124 1211 1164 Sed
1232 1125 1346 1179 longe
1364 1126 1469 1166 aliter
1491 1126 1527 1167 se
1551 1142 1607 1168 res
1628 1129 1760 1170 habet:

29 1211 54 1231 „
84 1179 316 1221 Theodorus
333 1179 436 1219 enirn
450 1178 550 1217 Beza
568 1177 723 1218 eosdem
737 1177 907 1218 Codices
929 1176 971 1232 [i.
985 1193 1017 1219 e.
1028 1179 1240 1219 eorundem
1255 1179 1450 1220 Codicum
1471 1182 1713 1239 collationes]
1739 1201 1761 1226 a

21 1262 55 1286 ,‚
82 1235 198 1276 sodali
218 1245 427 1282 mutuatus,
458 1245 499 1273 ut
515 1247 646 1273 eorum
667 1246 743 1286 ope
764 1245 909 1274 textum
934 1233 1131 1274 Graecum
1165 1234 1221 1274 N.
1247 1235 1298 1275 T.
1329 1235 1556 1283 recenseret,
1587 1242 1627 1277 ὃς
1656 1253 1761 1280 com-

26 1317 53 1340 ,‚
83 1302 327 1338 mentaretur‚
340 1287 539 1328 nonnullas
561 1289 607 1328 ab
626 1302 674 1328 eo
695 1289 914 1341 praeteritas
938 1288 987 1328 ad
999 1290 1191 1335 notavit”;
1205 1292 1243 1328 &
1266 1301 1354 1330 ante
1374 1290 1516 1344 ipsum,
1530 1292 1588 1332 vel
1609 1292 1758 1345 saltem,

27 1357 114 1386 ante
141 1359 254 1399 quam
288 1343 585 1384 Exercitationes
614 1341 861 1396 prodiissent,
893 1344 1032 1383 eodem
1055 1356 1249 1398 tempore,
1273 1345 1493 1399 Stephanus
1514 1348 1761 1388 Curcellaeur

28 1428 53 1450 ‚,
81 1399 235 1450 praefat.
265 1398 317 1438 N.
335 1398 385 1438 T.
407 1398 678 1452 Stephanicae,
707 1398 854 1452 inquit,
874 1398 1064 1438 editiones
1087 1414 1223 1453 magna
1246 1413 1332 1440 cum
1354 1399 1551 1455 diligentia
1574 1402 1623 1442 ad
1645 1404 1758 1447 XVI.

29 1481 55 1501 ‚,
81 1451 232 1495 ‘Graeca
250 1453 475 1506 exemplaria
494 1453 652 1493 collatae
674 1451 848 1502 fuerunt,
880 1456 919 1492 &
940 1454 980 1492 in
1003 1454 1146 1506 majore
1166 1475 1230 1484 ω·
1252 1454 1434 1508 plurimae
1465 1456 1503 1496 in
1534 1457 1608 1497 istis
1633 1472 1760 1499 exem-

31 1535 54 1560 ,‚
82 1510 242 1563 plaribus
263 1510 440 1548 inventae
459 1507 662 1549 Variantes
682 1508 864 1548 leffiones
885 1508 932 1547 ad
950 1509 1159 1563 marginem
1184 1509 1267 1550 sunt
1289 1509 1516 1564 descriptae:
1546 1511 1609 1552 sed
1631 1525 1758 1555 tamen

25 1590 52 1611 ,‚
82 1579 160 1604 non
189 1577 343 1612 omnes,
373 1577 470 1617 quae
494 1563 570 1603 illic
601 1563 832 1603 habebantur
842 1585 854 1612 ;
887 1574 927 1603 ut
949 1565 1121 1604 constare
1141 1565 1262 1616 potest
1284 1576 1330 1605 ex
1356 1566 1481 1606 Bezae
1500 1570 1761 1609 annotationi-

24 1647 51 1670 „
81 1620 169 1669 bus,
195 1620 260 1673 qui
278 1618 413 1658 iisdem
432 1631 517 1658 cum
538 1618 714 1659 Roberto
733 1617 931 1672 Stephano
954 1617 1149 1659 codicibus
1170 1620 1275 1670 usus,
1305 1620 1489 1675 quasdam
1509 1623 1549 1662 in
1568 1623 1648 1677 ejus
1677 1625 1758 1666 edi-

25 1705 52 1726 „
82 1675 187 1714 tione
220 1673 490 1727 praetermissis
521 1673 728 1713 recenset'’.
1502 1702 1504 1705 v
1760 1688 1762 1691 ’

84 1742 118 1768 2.
145 1728 344 1782 Quicquid
372 1727 587 1778 Stephanus
618 1729 654 1767 in
681 1728 801 1780 prima
822 1730 861 1766 δε
885 1727 1048 1768 secunda
1074 1727 1256 1768 Editione
1280 1729 1419 1782 jactet,
1449 1743 1587 1784 nempe
1606 1730 1654 1772 ad
1678 1730 1758 1775 Re-

26 1784 112 1839 gios
131 1783 299 1823 Codices
320 1781 515 1822 recensitas
534 1782 630 1831 esse,
661 1795 789 1821 revera
811 1780 938 1822 tamen
960 1782 1110 1822 nonnisi
1135 1783 1336 1833 rarissime,
1366 1789 1403 1824 ὃς
1433 1786 1497 1825 ubi
1528 1798 1663 1828 omncs
1692 1798 1764 1830 aue*

26 1839 196 1892 plerique
221 1837 373 1878 codices
404 1849 536 1876 contra
566 1837 826 1877 Erasmianam
855 1837 1142 1891 conspirabant,
1172 1838 1211 1877 in
1233 1839 1374 1879 Textu'
1394 1840 1640 1881 emendando
1671 1844 1760 1884 illos‘

25 1894 218 1942 adhibuit,
248 1893 352 1946 cujus
372 1891 517 1932 consilii
539 1891 659 1944 ipsum
680 1892 718 1930 in
738 1892 847 1931 tertia
870 1891 1051 1932 Editione
1082 1893 1132 1931 ita
1155 1893 1353 1945 poenituit,
1383 1906 1425 1934 ut
1447 1895 1587 1948 ubique
1607 1897 1684 1938 fere
1706 1898 1756 1939 ad

22 1948 190 1989 Textum
206 1948 348 1988 Erasmi
368 1945 657 2000 exprimendum
676 1946 837 1991 rediret,
855 1949 895 1985 δε
909 1975 920 1996 ,
934 1946 1061 1986 Millio
1080 1946 1326 2000 supputante,
1347 1948 1408 1988 vix
1430 1950 1544 1989 vicies
1565 1951 1611 1990 ab
1632 1967 1679 1992 eo
1701 1968 1763 1994 ree·

25 2003 195 2053 cederet,
223 2003 336 2043 etiam
368 2013 499 2042 contra
532 2000 657 2054 pleros
686 2014 756 2046 ue,
789 2001 869 2041 imo
897 2001 1089 2041 interdum
1121 2014 1254 2042 contra
1284 2016 1419 2043 omnes
1441 2004 1611 2046 Codices
1644 2008 1764 2048 MSS.-

24 2058 130 2112 quod
143 2057 222 2111 jam
242 2056 485 2096 Curcellaeus
514 2056 552 2095 in
575 2069 664 2109 prae
683 2056 811 2096 atione
830 2055 887 2096 N.
909 2056 959 2096 T.
981 2056 1216 2102 observavit,
1247 2068 1362 2112 atque
1391 2058 1457 2099 suo
1483 2060 1567 2113 jure
1600 2062 1765 2104 miratus'

24 2113 87 2154 est.
132 2111 255 2167 Qlod
282 2123 405 2152 autem
438 2110 584 2151 Millius
617 2111 712 2164 prol.
749 2123 865 2158 1159.
896 2111 981 2164 post
1011 2112 1061 2152 R.
1092 2111 1306 2151 Simonium
1334 2113 1520 2160 affirmat,
1542 2114 1763 2171 deciesque·

24 2168 177 2221 repetit:
194 2198 232 2218 ,‚,
264 2165 547 2220 Complutensis
574 2165 766 2205 Editionis
790 2166 960 2206 Textum
989 2166 1093 2207 illum
1115 2166 1234 2220 ipsum
1258 2167 1362 2208 fuisse
1383 2195 1394 2213 ‚
1425 2183 1539 2223 quem
1561 2184 1606 2210 ex
1636 2172 1765 2224 MSS..-

23 2248 48 2273 „
76 2223 145 2263 suis
165 2219 386 2263 recensuerit
410 2221 602 2262 Robertus
616 2251 626 2270 ‚
657 2225 697 2260 &
719 2220 768 2260 ad
789 2221 893 2273 cujus
915 2235 1044 2267 oram,
1075 2233 1281 2276 antequam
1300 2222 1522 2264 Editionem
1554 2225 1655 2266 suam
1679 2229 1754 2280 pri-

23 2305 48 2327 „
75 2292 175 2317 mam
208 2275 442 2326 adornasset,
476 2276 676 2316 Variantes
713 2276 869 2316 istorum
893 2276 1072 2317 librorum
1100 2277 1281 2318 lectiones
1305 2278 1530 2331 conjecerat.
1561 2284 1600 2320 ὃ(
1636 2295 1752 2333 1177.

22 2360 46 2382 ,,
76 2332 256 2373 Editione
275 2330 539 2385 Complurensi
559 2345 626 2370 ceu
648 2330 768 2370 fundo
789 2332 962 2371 innixura
982 2344 1061 2371 erat
1081 2331 1174 2372 haec
1198 2333 1438 2386 Stephanica.
1467 2358 1533 2365 ----
1565 2336 1753 2390 Complu-

22 2413 47 2437 ‚‚
75 2387 166 2428 tensi
197 2401 265 2427 ceu
293 2386 366 2427 basi
399 2386 562 2426 insistere
592 2400 674 2425 eam
706 2384 943 2426 manifestum
970 2386 1025 2426 est
1046 2387 1085 2426 in
1108 2387 1348 2441 Evangeliis,
1379 2389 1487 2429 Astis
1511 2393 1549 2429 &
1571 2392 1752 2444 Epistolis

22 2467 47 2490 ,‚
82 2444 198 2494 1187.
234 2455 247 2480 1
263 2447 352 2482 226.
382 2440 582 2494 Hispanici
604 2441 684 2480 libri
707 2438 820 2488 ἐδάφει
842 2441 1028 2481 insistebat
1046 2442 1139 2481 haec
1160 2442 1281 2488 editio
1292 2445 1322 2481 '’.
1377 2443 1423 2483 In
1446 2444 1521 2484 hoc
1542 2449 1580 2484 ὃ(
1600 2461 1620 2485 a
1641 2446 1675 2486 se
1695 2448 1752 2500 ip-

23 2495 62 2536 so
83 2500 120 2536 ὃς
143 2513 163 2537 a
179 2497 334 2537 veritate
354 2496 543 2543 distentit3
575 2509 659 2535 cum
683 2495 782 2548 ipse,
806 2494 1072 2549 supputatione
1091 2497 1205 2546 inita,
1228 2497 1408 2548 fateatur,
1433 2498 1655 2540 Editionem
1676 2500 1752 2555 pri-

24 2565 120 2591 mam
148 2551 329 2605 Stephani
360 2551 540 2591 sexcentis
573 2551 720 2590 circiter
743 2551 836 2590 locis
854 2566 874 2590 a
905 2550 1172 2604 Complutensl
1202 2553 1397 2602 recedere,
1428 2557 1467 2593 &
1489 2555 1749 2599 Erasmianani

23 2605 146 2659 sequi,
175 2611 212 2646 &
235 2607 390 2660 quidem
411 2606 583 2645 ducentis
601 2606 640 2644 in
664 2605 756 2645 locis
779 2619 974 2659 perperam
997 2609 1035 2644 St
1057 2618 1191 2646 contra
1213 2621 1347 2648 omnes
1365 2608 1423 2648 vel
1445 2609 1647 2664 plerosque
1667 2613 1750 2652 Co-

23 2660 133 2702 dices.
161 2661 223 2715 (in
245 2662 378 2715 quibus
397 2662 511 2700 etiam
531 2661 695 2700 occurrit
716 2660 807 2699 illud
841 2659 944 2713 καιςῷ
975 2661 1094 2701 Rom.
1126 2660 1216 2702 XII.
1254 2676 1314 2702 11.
1347 2666 1387 2702 ὃς
1417 2662 1471 2702 ἒσὶν
1490 2663 1517 2702 εἰ
1546 2668 1585 2703 &
1606 2664 1750 2720 &ootegh-

22 2731 66 2754 σει
104 2718 226 2769 Apoc.
254 2716 387 2757 XXII.
422 2729 482 2763 19.
511 2716 648 2768 aliique
679 2729 822 2755 errores
849 2714 1141 2770 typographici)
1200 2747 1224 2766 „
1246 2717 1289 2756 In
1318 2718 1601 2772 Apocalypseos
1621 2722 1748 2763 Textu

22 2798 48 2822 „
77 2771 317 2811 conficiendo
347 2770 553 2811 luculenter
586 2770 671 2810 satis
698 2769 829 2824 prodit
855 2771 936 2810 libri
967 2771 1078 2823 hujus
1107 2783 1306 2812 contextus
1329 2802 1340 2821 ,
1372 2772 1567 2813 Editorem
1597 2775 1747 2816 suorum

24 2855 48 2876 ‚‚
77 2825 268 2866 Codicum
290 2826 477 2879 ipfiusque
496 2826 593 2865 adeo
621 2825 906 2878 Complutenfis
936 2824 1034 2866 adeo
1065 2827 1240 2879 exiguam
1270 2826 1330 2866 seu
1360 2829 1487 2880 potius
1515 2830 1655 2869 nullam
1680 2831 1747 2871 ha⁴

24 2909 49 2930 ,‚
76 2879 188 2919 buisse
209 2882 247 2920 in
271 2882 398 2920 Textu
417 2881 481 2920 suo
502 2880 784 2920 statuminando
808 2881 991 2920 rationem
1005 2911 1015 2930 ,
1047 2893 1087 2920 ut
1108 2881 1249 2933 rejecto
1269 2881 1362 2921 locis
1389 2882 1471 2935 plus
1499 2883 1748 2928 CCCCXL.

25 2959 50 2984 ‚,
80 2934 227 2974 Codice
238 2935 500 2988 Complutensi
524 2958 588 2965 ----
617 2935 831 2975 universum
848 2935 1132 2990 Apocalypseos
1148 2936 1316 2976 Textum
1334 2937 1615 2978 conformatum
1632 2939 1749 2980 dede*

24 3018 49 3039 ,‚
82 2989 128 3027 rit
143 2988 191 3026 ad
204 2989 421 3030 Editionem
442 2991 615 3044 quintam
629 2990 907 3030 Frobenianam
919 3021 930 3040 ,
943 2988 979 3028 h.
994 3005 1025 3030 e.
1039 2991 1336 3031 Erasmianam''.
1375 2991 1482 3031 Idem
1495 3006 1548 3045 pr.
1567 3007 1580 3032 1
1595 3006 1685 3039 229.
1699 2995 1748 3035 de

27 3043 134 3083 tertia
156 3042 334 3084 Editione
353 3045 472 3085 afferit
493 3045 638 3084 Millius
658 3045 906 3098 conquestus,
937 3075 961 3093 „
993 3045 1042 3085 de
1062 3045 1270 3098 Stephani,
1300 3060 1387 3086 cum
1409 3046 1628 3087 Editionem
1649 3048 1748 3089 hanc

28 3123 54 3148 „
81 3097 303 3148 adornaret,
332 3099 452 3140 nimio
478 3099 518 3139 in
547 3100 722 3154 quintam
752 3099 1032 3195 FrobenianaIm
1061 3099 1186 3141 studio
1200 3103 1234 3141 ’'.
1296 3101 1416 3155 Supra
1433 3112 1557 3143 autem
1579 3102 1747 3195 dixegan

999 3186 1001 3188 ,
1695 3168 1749 3197 te·
