1976 3519
448 189 1440 236 PROLEGOMENA.
1768 209 1828 252 45

90 281 211 321 Marc.
242 279 312 321 IV.
370 291 407 331 4.
437 278 588 320 addidit
610 279 661 317 τέ
680 279 780 329 aputu&
799 292 846 318 ex
870 276 1056 318 Vei-sione
1074 276 1260 331 Vulgata.

240 334 308 376 VI.
341 348 404 388 31.
436 331 679 387 ἀναπαύεσθε]
713 331 983 373 ἀναπαύσασθε.

219 393 255 431 V
260 390 307 430 ΙΙ.
370 405 403 431 2.
433 390 605 429 addidit:
639 384 847 439 ἐμέμψαντο
863 402 910 428 ex
930 386 1119 428 Versione
1141 387 1329 441 Vulgata.
1527 436 1530 439 Ι

87 444 178 485 Luc,
265 445 313 485 H.
341 458 409 497 43,
439 442 521 492 ’έγνω
553 441 676 490 Ἰωσὴφ
703 441 763 483 καὶ
791 441 807 485 ἦ
839 440 973 496 μῖντης]
1006 440 1151 490 ’έ-γνωσοιν
1180 439 1209 482 οἱ
1228 441 1329 491 ’γονεῖς
1355 457 1400 484 ex
1429 442 1614 488 Verfione
1645 439 1823 502 thgata

439 504 477 538 &
501 497 641 537 Codice
657 500 794 549 primo.

77 554 223 609 Joann.
285 554 313 594 Ι.
348 555 410 593 28.
439 549 617 607 Βηθανίᾳ]
648 551 832 604 Βηθαξοιρᾷ
860 567 906 592 ex
926 551 1216 608 Codiceprimo.

143 611 199 649 Ex
230 609 304 648 hoc
333 609 449 648 etiam
471 608 644 658 Codice,
677 621 814 662 paucas
832 607 1020 662 quasdam
1041 607 1225 649 lestiones
1245 607 1371 649 secum
1389 611 1690 654 communicatas
1717 614 1823 656 exhi-

86 665 150 704 bet
169 664 215 716 J.
247 664 300 704 A.
328 661 551 716 Bengelius.

147 732 180 770 3.
210 718 350 758 Codex
384 718 690 759 membranaceus
717 719 757 758 in
785 730 923 773 quarto
942 718 1118 759 continet
1134 730 1298 773 quatuor
1316 720 1543 771 Evangelia,
1572 723 1694 764 Aitus
1715 725 1824 779 Apo-2

85 774 300 818 stolorum,
332 774 521 826 Epistolas
555 774 778 814 Cathoncas
812 777 850 813 ει
881 773 1068 814 Paulinas.
1126 774 1218 814 Fuit
1248 775 1341 814 oiim
1371 764 1541 831 Coiiegu
1570 777 1825 821 coRsEN.

82 827 409 868 DONCENSIS
430 829 469 867 in
495 830 743 882 Qiempinia.
773 829 833 868 Eo
853 829 938 870 usus
958 829 1012 868 est
1026 828 1243 880 Erasmus,
1272 831 1338 883 qui
1361 829 1456 870 haee
1477 832 1514 870 in
1537 832 1660 885 prima
1682 836 1823 890 pagina

82 882 245 936 scripsit:
273 913 299 932 ‚‚
329 883 422 923 Hoc
440 883 645 937 exemplari
671 884 750 924 sum
772 884 855 924 usus
874 885 915 923 in
941 883 1125 924 Editione
1147 883 1310 925 secunda
1329 885 1443 926 Novi
1466 886 1727 940 Testamenti,
1757 890 1822 932 sed

83 964 111 984 ,‚
140 952 225 979 curn
244 938 324 977 aliis
343 938 470 978 multis
510 939 618 979 Nam
641 939 716 979 hoc
736 938 915 992 quidem,
937 950 978 978 ut
998 938 1093 978 belle
1111 938 1310 993 scriptum,
1330 940 1384 981 ita
1403 943 1575 995 comperi
1595 957 1726 996 parum
1747 945 1822 987 effe

82 1019 110 1043 2,
138 993 383 1047 castigatum,
412 993 518 1047 quod
537 1006 694 1047 apparet
724 994 791 1033 illo
814 995 1008 1034 neminem
1038 993 1155 1034 usum.
1211 995 1389 1036 Erasmus
1427 996 1717 1040 Roterodamus
1745 1000 1822 1041 hoc

81 1078 108 1098 ,‚
138 1060 288 1100 meapte
330 1062 444 1088 manu
472 1049 687 1103 conscripsi.
717 1050 783 1088 ΑΟ.
813 1049 872 1088 Μ.
907 1049 957 1089 D.
991 1061 1053 1097 19.
1088 1062 1151 1098 15.
1182 1049 1267 1089 Cal.
1290 1050 1385 1103 Julii
1403 1053 1436 1091 ’'.
1493 1053 1544 1091 Et
1565 1053 1614 1092 ad
1635 1053 1749 1095 finem
1771 1056 1823 1097 E-

83 1103 247 1157 vangelii
272 1103 477 1143 secundum
495 1103 660 1144 Lucam:
690 1134 715 1153 „
743 1099 804 1143 >toti
823 1097 924 1153 τέτῳ
942 1100 1068 1151 &Chio
1089 1102 1283 1155 ἐχρησάμην
1314 1103 1340 1143 ἐν
1368 1106 1415 1156 T?
1443 1105 1586 1158 δευτέρᾳ
1608 1107 1731 1148 ἐκδόσει
1758 1110 1821 1153 ‘tta

82 1184 107 1204 „
134 1157 241 1199 καινῖς
260 1155 410 1203 &affluens
428 1155 516 1209 πρὸς
536 1157 637 1213 δόξαν
656 1158 762 1204 Ἰησοῧ
783 1161 910 1210 xpm-3.
935 1156 1179 1210 Φυλαχθῆτω
1197 1160 1273 1207 γέν.
1293 1160 1339 1199 ‘O
1359 1160 1521 1212 Ἐραῖςμος
1551 1161 1566 1201 ὃ
1596 1164 1823 1216 Ροτεροδοιμός

80 1243 108 1264 ,,
137 1212 275 1261 {notua-3
301 1209 384 1264 χειρὶ
419 1211 568 1265 ἔγραψα.
596 1216 708 1265 raro,
747 1211 814 1253 ’ἐτει
844 1214 904 1254 M.
932 1215 983 1254 D.
1020 1228 1081 1262 19.
1110 1217 1133 1231 '¹
1151 1218 1202 1254 ,ὃς
1221 1215 1357 1255 Tomo
1374 1215 1446 1255 IX.
1474 1231 1510 1269 p.
1535 1221 1597 1264 56.
1626 1221 1822 1275 Apologia

81 1267 131 1307 ad
150 1268 231 1322 Jac.
262 1268 428 1308 Fabrum
459 1271 522 1309 ΑΟ.
558 1282 676 1323 1517.
706 1268 756 1310 ad
789 1269 930 1310 2.Cor.
957 1269 1067 1309 VIII.
1097 1281 1136 1320 4.
1166 1266 1385 1322 »δέξασθαι
1404 1268 1507 1317 ἡμᾶς.
1538 1270 1566 1311 ἐν
1586 1273 1737 1317 πολλοῖς
1756 1275 1824 1318 τῶν

76 1349 107 1374 ,,,
136 1322 354 1375 ἀντιγράφων
370 1321 499 1375 ’έυρομεν
521 1319 624 1367 ἔτεος.
666 1324 713 1365 In
730 1323 928 1366 bellissimo
949 1324 1119 1377 quodem
1137 1325 1344 1379 exemplari
1364 1326 1414 1366 fic
1429 1330 1601 1381 comperi
1621 1330 1797 1386 scriptum
1809 1363 1822 1385 ‚

80 1409 107 1429 ‚‚
137 1379 211 1419 viz.
226 1379 348 1420 verbis
368 1393 414 1419 ex
425 1380 623 1434 marginali
643 1379 765 1434 spatio
784 1380 823 1419 in
835 1379 1004 1420 medium
1026 1391 1250 1421 contextum
1270 1381 1459 1423 translatis
1476 1382 1523 1422 ab
1542 1384 1719 1428 illiterato
1738 1388 1823 1430 scri-

79 1460 108 1484 „
136 1433 183 1473 ba
203 1436 237 1475 ''.
294 1434 344 1474 Et
363 1433 498 1475 clarius
517 1436 556 1475 in
578 1435 706 1476 locum
729 1449 737 1474 :
775 1466 800 1484 ‚,
823 1435 917 1475 Hoc
937 1435 1026 1475 loco
1046 1435 1248 1476 ridiculum
1267 1435 1454 1489 quiddam
1474 1438 1615 1480 accidit
1636 1443 1676 1481 in
1697 1457 1824 1484 exem-

78 1513 108 1539 „
135 1489 230 1542 plari
258 1489 613 1541 Corsendomenfi,
643 1489 778 1531 codice
801 1490 945 1543 alioqui
977 1502 1161 1544 perquam
1190 1490 1385 1545 eleganti,
1415 1492 1480 1532 sed
1505 1494 1667 1547 pulchro
1698 1501 1824 1541 verius

81 1574 109 1595 ‚‚
140 1558 255 1597 quam
273 1544 490 1586 emendato.
530 1545 702 1601 Scriptor
716 1577 727 1596 ‚
755 1557 797 1586 ut
817 1544 927 1586 facile
942 1545 1031 1586 licet
1050 1546 1242 1599 conjicere
1254 1576 1265 1595 ‚
1293 1559 1382 1587 cum
1401 1550 1622 1602 repperisset
1640 1567 1662 1592 a
1681 1553 1825 1595 studio-

74 1628 107 1649 ‚‚
138 1599 178 1639 so
200 1601 384 1654 quopiam
411 1612 637 1643 annotatum
656 1601 856 1656 quippiam
872 1602 912 1642 in
931 1599 1060 1654 spacio
1076 1601 1275 1655 marginali
1296 1632 1308 1651 ‚
1339 1602 1509 1644 credens.
1526 1619 1549 1644 a
1571 1604 1690 1648 scriba
1719 1623 1827 1662 prae.

78 1682 108 1705 „
139 1655 366 1700 termulum,
397 1656 583 1698 transtulit
613 1658 653 1697 in
685 1655 858 1697 medium
884 1655 1031 1698 versum
1055 1655 1106 1697 ad
1129 1656 1232 1702 hunc
1250 1656 1433 1698 modum:
1456 1656 1633 1712 δέξασθαι
1654 1660 1769 1715 ἡμᾶς,
1797 1664 1825 1705 ἐν

79 1738 111 1760 ‚‚
141 1708 294 1752 πολλοῖς
312 1709 378 1750 τᾶν
399 1709 615 1762 ἀντιγράφων
636 1707 728 1753 ἕτως
747 1709 901 1762 εὕρηται,
918 1706 992 1750 καὶ
1012 1712 1033 1749 ἑ
1054 1709 1165 1752 καθὼς
1183 1709 1396 1759 infimum.
1445 1714 1644 1768 Siquidem
1667 1719 1698 1759 is
1727 1720 1826 1761 indi-

78 1793 111 1814 „
140 1779 228 1805 cans
243 1763 335 1812 ἦμοῖς
356 1763 574 1820 [δέξασθαι]
604 1767 646 1805 in
664 1766 853 1819 plerisque
874 1776 957 1805 non
977 1763 1092 1815 addi,
1121 1767 1163 1805 in
1191 1765 1273 1805 aliis
1295 1767 1417 1806 rursus
1447 1768 1563 1819 addi,
1595 1771 1827 1828 asscripstrat

83 1845 112 1870 ‚,
141 1819 243 1860 haec.
273 1820 319 1860 In
343 1820 529 1874 plerisque
557 1819 831 1874 exemplaribus
846 1819 898 1860 fic
919 1819 1121 1860 invenitur.
1155 1819 1216 1860 Ea
1232 1820 1346 1861 verba
1368 1821 1529 1875 scriptor
1548 1825 1730 1869 indoc‘tus
1747 1843 1827 1872 me-

84 1904 113 1925 „
141 1874 209 1914 dio
240 1874 346 1914 Pauli
377 1875 542 1915 sermoni
569 1875 778 1916 admiscuit.
807 1897 874 1906 ----
902 1876 1034 1928 Atque
1060 1875 1156 1915 haec
1186 1888 1275 1915 cum
1296 1876 1344 1915 ab
1365 1876 1523 1918 eruditis
1551 1880 1669 1922 multa
1691 1883 1829 1940 depre-

84 1959 113 1980 „
142 1928 360 1970 henduntur
391 1930 432 1969 in
461 1930 583 1980 libris,
613 1930 679 1984 qui
708 1943 797 1970 cum
817 1929 1019 1970 autoritate
1047 1928 1244 1981 leguntur,
1274 1929 1370 1984 quid
1392 1929 1560 1973 futurum
1579 1935 1805 1981 arbitramur

85 2013 113 2034 „
143 1984 171 2024 fi
191 1984 375 2038 quicquid
394 1998 624 2038 quocunque
645 1983 766 2025 modo
784 1983 888 2024 libris
909 1984 1046 2024 illitum
1069 1983 1205 2034 fuerit,
1235 1985 1328 2025 citra
1344 1984 1534 2039 judicium
1553 1989 1724 2046 citraque
1739 1969 1828 2036 cent

85 2069 113 2091 „
143 2039 264 2080 suram
281 2040 440 2080 velimus
457 2040 649 2093 recipere?
669 2041 800 2094 Atque
820 2038 893 2079 hac
913 2038 1113 2079 occasione
1131 2041 1389 2094 comperimus
1406 2041 1627 2088 innumeros
1637 2047 1744 2090 locos
1752 2051 1828 2092 effi

86 2123 114 2145 ‚‚
144 2095 371 2148 depravatos
381 2098 413 2135 ''.
457 2095 636 2136 Similiter
655 2093 706 2135 ad
739 2093 915 2135 1.Thesst
944 2092 1018 2134 IV.
1050 2107 1086 2147 3.
1113 2094 1225 2135 addit
1244 2095 1285 2135 in
1311 2095 1396 2150 ipso
1424 2110 1606 2141 contextu
1626 2116 1673 2142 ex
1693 2104 1830 2147 Theo..

89 2149 227 2190 doreto
245 2181 257 2200 ,
314 2147 372 2189 διαὶ
405 2146 447 2189 τὸ
479 2148 619 2190 πολλοὶ
648 2146 723 2190 εἶναι
752 2149 814 2191 τῖς
837 2147 1038 2190 ἀκολασίας
1065 2147 1121 2189 τοὶ
1151 2148 1229 2195 εἴδη.
1287 2151 1327 2192 Si
1355 2166 1447 2193 vero
1476 2154 1664 2198 aberratio
1689 2158 1829 2202 librarii

90 2205 208 2245 nostri
222 2206 381 2246 Erasmo
397 2205 481 2259 jure
498 2205 574 2246 visa
594 2205 648 2246 est
669 2205 848 2256 ridicula,
878 2204 1015 2246 dubito
1036 2218 1116 2259 quo
1135 2205 1294 2247 nomine
1312 2208 1503 2261 appellem
1523 2211 1582 2251 vel
1604 2211 1747 2256 factum
1767 2217 1828 2258 vel

89 2260 371 2301 excusationem
388 2261 536 2301 Erasmi
555 2261 693 2314 ipsius-,
719 2274 809 2301 cum
836 2262 940 2301 enim
960 2259 1148 2301 secundae
1176 2259 1358 2303 editionis
1379 2264 1437 2304 N.
1458 2264 1508 2306 T.
1528 2279 1565 2319 p.
1593 2268 1661 2317 98.
1691 2273 1732 2310 ὃς
1759 2283 1828 2321 99.

78 2315 181 2355 -loco
201 2315 325 2356 alieno
347 2317 475 2370 imago
484 2315 708 2362 Trinitatis,
737 2316 762 2355 i.
780 2331 811 2357 e.
839 2315 1015 2357 columba
1031 2316 1328 2370 capitiChristi,
1355 2319 1503 2372 gremio
1515 2321 1589 2361 Dei
1609 2323 1731 2366 Patris
1751 2327 1825 2366 im-

92 2370 225 2424 positi,
256 2371 422 2412 insidens
440 2370 629 2426 fuisset-ex
648 2371 725 2412 hoc
743 2370 878 2412 codice
896 2371 1087 2425 expressa,
1116 2385 1192 2412 una
1207 2386 1296 2412 cum
1316 2373 1550 2416 confeffione
1567 2376 1716 2420 Graeca
1734 2380 1829 2423 fidei

94 2426 354 2474 Christianae3
385 2426 586 2467 Eduardus
606 2441 698 2467 vero
720 2427 818 2467 Leus
839 2427 939 2466 hanc
959 2425 1234 2468 confeffionem
1262 2427 1458 2469 obscuram
1488 2434 1529 2470 δ(
1555 2431 1829 2478 heterodoxiae

82 2480 303 2534 *suspectam
336 2482 634 2535 pronuntiasset,
662 2482 840 2523 Erasmus
869 2482 911 2522 in
943 2482 1172 2536 Apologiae·
1202 2494 1336 2523 contra
1374 2484 1497 2526 Leum
1535 2486 1662 2529 libello
1700 2492 1828 2544 primo

79 2535 232 2590 (quem
250 2536 359 2590 supra
378 2537 427 2576 ad
449 2537 621 2577 codicem
650 2550 681 2578 1.
697 2535 834 2589 citavi)
865 2537 960 2577 haec
977 2536 1196 2591 respondit:
1226 2538 1308 2588 ‚;In
1329 2541 1557 2594 exemplari,
1588 2544 1697 2598 quod
1717 2547 1830 2588 nobis

94 2619 121 2641 ,,
152 2592 415 2632 commodavit
436 2592 658 2632 honorabile
681 2592 900 2646 Collegium
921 2591 1287 2643 Corsendoncenfie,
1316 2594 1416 2635 inter
1434 2597 1556 2638 varias
1574 2600 1740 2651 piAEturas
1761 2602 1829 2643 ha.

81 2657 120 2696 J„
148 2647 302 2687 bebatur
322 2650 362 2686 &
382 2647 475 2687 haec
502 2647 633 2688 divina
652 2644 750 2698 τριοὶς
778 2661 865 2688 cum
887 2647 1139 2688 ambientibus
1157 2649 1381 2703 angelorum
1401 2650 1542 2692 choris.
1572 2654 1650 2695 Sub
1672 2655 1744 2697 hac
1764 2672 1829 2698 au-

95 2727 122 2752 „
151 2703 222 2741 reis
248 2703 362 2742 literis
386 2702 619 2744 habebantur
642 2702 839 2753 distincta,
868 2717 968 2757 quae
996 2702 1047 2744 slc
1077 2703 1300 2745 tribuuntur·
1323 2705 1494 2758 personis
1514 2707 1678 2761 divinis,
1706 2723 1749 2752 ut
1766 2724 1828 2753 ea³

94 2785 121 2806 ‚,
150 2755 239 2796 dem
261 2757 332 2797 sint
351 2758 546 2798 omnium:
579 2757 699 2798 rursus
714 2772 810 2812 quae
830 2772 990 2798 numero
1012 2758 1266 2799 multitudinis
1284 2759 1359 2800 illis
1379 2762 1643 2805 attribuuntur.
1673 2766 1828 2808 Deinde

79 2836 122 2861 .‚,
150 2811 241 2852 fidei
261 2813 506 2867 Symbolum,
536 2813 602 2854 sub
632 2828 711 2867 quo
733 2813 856 2867 pistus
882 2824 962 2854 erat
981 2813 1127 2863 homo,
1155 2814 1337 2854 nonnihil
1360 2815 1522 2858 sublatus
1541 2834 1563 2859 a
1583 2830 1700 2866 terra,
1726 2822 1826 2874 jam-

97 2895 122 2916 „
153 2881 226 2919 que
245 2882 314 2908 ceu
336 2867 427 2908 fidei
444 2869 511 2909 alis
529 2868 724 2922 paullatim
745 2867 908 2909 tendens
928 2870 969 2909 in
989 2869 1143 2909 coelum.
1172 2869 1262 2910 Hac
1281 2871 1430 2924 pifflfflra
1456 2872 1664 2915 delcetatus
1683 2875 1717 2916 F
1719 2877 1829 2918 robe-

98 2950 124 2970 „
152 2922 256 2971 nius,
282 2935 324 2963 ut
343 2924 505 2975 opinor,
535 2923 686 2965 absente
708 2937 821 2978 atque
842 2923 962 2965 inscio
981 2923 1284 2978 me,qu0d'illic
1302 2925 1653 2978 viderat‚·'addidit
1674 2930 1741 2971 suo
1759 2946 1829 2973 vo-

98 3005 124 3024 ,,
154 2975 295 3018 lumini.
336 2978 428 3032 Ejus
448 2978 538 3019 faffi
559 2978 745 3019 invidiam
765 2979 864 3019 Leus
885 2979 1064 3034 impingit
1084 2979 1191 3020 mihi.
1218 2981 1437 3035 .-'---.'Quod
1469 2982 1496 3023 si
1522 2985 1611 3038 quis
1635 3000 1724 3027 eum
1745 2988 1827 3028 Co-

98 3056 126 3079 ,,
155 3029 277 3070 dicem
297 3033 408 3086 hujus
428 3035 595 3086 picturae
613 3035 734 3088 gratia
751 3033 965 3087 suspe&um
981 3035 1119 3076 habeat
1131 3065 1143 3085 ,
1172 3034 1264 3075 sciat
1282 3049 1345 3076 me
1363 3037 1459 3078 nulli
1475 3037 1683 3094 exemplari
1701 3043 1826 3082 minus

100 3114 126 3135 ,‚
153 3084 260 3126 fisum
280 3101 395 3141 quam
415 3089 487 3141 illi,
518 3103 741 3144 quanquam
758 3103 806 3131 eo
827 3089 972 3132 nullum
991 3102 1073 3130 erat
1090 3090 1299 3144 elegantius
1308 3094 1342 3134 '’.

972 3143 1006 3186 F
1038 3157 1059 3198 3
1753 3121 1827 3191 Iste
