1976 3519
449 172 1441 220 PROLEGOMENA.
1776 186 1824 229 ²3

149 267 193 308 13.
223 263 365 307 Codex
394 260 738 306 VATICANUS
771 259 925 302 Veteris
945 258 1133 314 Novique
1154 258 1404 300 Testamenti.
1464 257 1588 301 Vetas
1609 256 1828 311 Testamen-

94 332 178 365 tum
195 331 241 363 ex
264 320 340 361 hoc
362 319 514 360 Codice
531 318 678 359 editum
700 316 754 356 est
773 316 927 355 Romae
953 327 968 354 1
981 316 1029 362 58
1037 327 1074 367 7.
1107 315 1310 355 autoritate
1330 313 1426 354 Sixti
1447 312 1498 355 V.
1538 313 1682 356 Pontif.
1719 314 1826 357 Max.

93 377 144 418 de
162 390 210 417 eo
231 375 383 416 Codice
402 375 605 415 Antonius
617 370 782 423 Caraffa
805 369 1045 419 Cardinalis‚
1077 369 1392 409 Bibliothecarius
1413 371 1451 409 &
1475 368 1632 420 Editor,
1652 368 1828 426 Eptstola

97 433 214 474 Sixto
241 431 455 485 insi-ripn:
485 458 510 478 „
540 426 817 468 Intelleximus,
849 425 995 478 inquit,
1010 425 1247 464 Vaticanum
1268 423 1460 463 Codicem
1482 437 1563 464 non
1585 423 1706 465 solum
1722 437 1829 467 vetu-

93 517 121 538 ,‚
152 486 244 527 state
277 497 406 526 verum
425 483 542 523 etiarn
562 482 735 522 bonitate
753 481 909 520 caeteris
931 480 1074 519 anteire
1094 501 1186 520 --·--.
1203 477 1492 532 Curavi-hujus
1511 479 1596 519 libri
1615 479 1828 522 editionem

93 572 119 593 ,‚
149 541 198 581 ad
231 541 466 581 Vaticanum
496 536 688 591 exemplar
708 533 1013 583 emendandam,
1045 534 1105 574 vel
1128 533 1258 588 potius
1274 533 1467 587 exemplar
1489 533 1634 588 ipsum,
1664 535 1770 588 quod
1791 551 1828 576 e·

95 592 355 703 ’a’ojssffffi
379 592 606 687 &533533‘
634 589 918 685 ²¹¹}3ss2‘1‘issae'iudn5
928 587 1736 685 effrboCggiggbaetffffisffiffiffi
1744 590 1829 685 02¹3*

98 678 101 680 -
140 665 159 690 r
274 679 283 688 .
584 678 593 686 .
993 674 1005 690 ‚
1813 671 1829 679 -

93 736 120 757 „
150 705 282 753 nium,
311 702 377 757 qui
403 713 556 753 extant,
587 676 703 755 loiige
732 699 923 753 optimum
952 698 1050 749 esse,
1081 701 1121 738 ὃ(
1155 712 1296 753 operae
1314 699 1478 752 pretium
1498 697 1602 749 fore,
1632 698 1659 739 fi
1679 698 1729 739 ad
1748 700 1830 754 ejus

91 786 118 812 ,‚
147 758 265 799 fidem
296 771 398 797 nova
428 757 522 797 haec
552 757 685 797 Editio
707 765 900 809 pararetur
922 777 1000 785 -----
1005 785 1014 794 .
1071 753 1194 794 Nunc
1215 755 1288 794 erit
1308 754 1483 807 inprimis
1506 755 1725 794 Vaticanus
1746 755 1830 796 Co-

91 842 119 866 „
146 813 220 854 dex
241 811 529 861 describendus,
561 812 611 851 ad
632 810 738 863 cujus
757 808 1028 863 praescriptum
1050 808 1184 849 Editio
1206 808 1302 849 haec
1322 808 1492 862 expolita
1510 809 1576 849 est.
1631 809 1772 850 Codex
1784 811 1828 860 is,

90 896 117 921 ‚,
146 880 331 923 quantum
352 880 398 907 ex
418 866 542 907 forma
563 866 823 907 charasterum
840 864 981 918 conjici
1004 863 1129 917 potest
1147 894 1158 913 ,
1188 878 1276 904 cum
1298 863 1343 904 fit
1364 863 1829 919 majoribusliteris,quas

90 954 121 976 „
147 937 237 964 vere
256 923 432 976 antiquas
447 933 610 972 vocant,
640 932 834 970 exaratus,
862 930 951 959 ante
972 917 1211 959 millefimum
1234 918 1536 959 ducentesimum
1558 932 1726 970 annum,
1750 921 1830 962 h.e.

89 1006 117 1030 ,-,
146 990 234 1019 ante
262 988 435 1031 tempora
467 977 512 1017 B.
539 975 796 1030 Hieronymi,
828 976 867 1012 &
886 987 967 1014 non
991 972 1111 1023 infra,
1141 973 1300 1028 scriptus
1320 973 1483 1015 videtur.
1512 996 1595 1006 —-·--
1624 975 1749 1017 Recte
1777 974 1827 1017 ad

90 1051 119 1085 ,·,
146 1033 258 1086 hujus
276 1032 359 1073 libri
382 1044 554 1072 normam
572 1031 661 1086 ,qui
677 1031 793 1084 longe
814 1029 987 1070 omnium
1006 1027 1300 1082 antiquissimus,
1330 1028 1429 1069 solus
1455 1030 1560 1083 juxta
1580 1029 1828 1085 Septuaginta

89 1120 118 1141 ‚,
146 1088 380 1136 inscribitur,
410 1086 597 1141 perpolita
630 1086 707 1135 est,
738 1084 797 1124 vel
828 1085 958 1138 potius
990 1083 1189 1124 reffiffime
1203 1083 1296 1124 liber
1316 1083 1395 1138 ipse
1411 1084 1461 1124 ad
1482 1084 1651 1134 literam,
1680 1099 1761 1140 quo
1777 1086 1828 1126 ad

89 1171 117 1195 ,‚
146 1143 227 1184 fieri
254 1143 380 1197 potuit
407 1155 476 1195 per
508 1142 704 1196 antiquam
727 1138 1046 1194 orthographiam
1067 1150 1130 1178 aut
1149 1152 1216 1192 per
1236 1138 1376 1178 librarii
1395 1138 1606 1193 lapsus,est
1625 1141 1827 1193 expressuS.

93 1225 120 1250 ,‚
149 1198 194 1239 N
197 1212 259 1238 am
281 1208 389 1238 vetus
405 1197 466 1237 illa
488 1199 527 1236 &
545 1196 626 1250 jam
645 1195 814 1236 obsoleta
832 1194 914 1248 ejus
936 1195 1068 1234 aetatis
1086 1193 1265 1247 scriptura
1283 1193 1470 1248 aliquibus
1489 1194 1596 1235 locos
1615 1195 1830 1248 repraesen-

90 1283 117 1305 ,‚
146 1264 224 1294 tata
257 1265 338 1293 non
369 1252 447 1300 est;
474 1265 561 1292 cum
580 1263 708 1292 tamen
730 1251 770 1290 in
792 1249 873 1290 aliis
891 1249 1090 1299 omnibus,
1114 1248 1185 1289 nisi
1203 1249 1267 1289 ubi
1288 1248 1507 1289 manifestus
1526 1250 1702 1303 apparuit
1720 1251 1828 1291 libra-

89 1335 117 1359 ‚,
145 1309 191 1349 rii
209 1307 350 1362 lapsus,
385 1320 435 1348 ne
453 1307 569 1349 latum
589 1305 748 1361 quidem
766 1318 956 1359 unguem,
985 1315 1028 1345 ut
1049 1306 1180 1358 ajunt,
1210 1304 1258 1343 ab
1278 1304 1391 1358 hujus
1410 1303 1493 1344 libri
1515 1304 1738 1347 au&oritate
1753 1306 1827 1346 dis·

88 1391 116 1415 „
144 1362 284 1405 cessum
316 1361 373 1402 fit.
415 1384 497 1393 -·--
523 1362 641 1403 Ordo
673 1372 799 1402 autem
829 1361 1010 1400 librorum
1042 1360 1082 1399 in
1116 1361 1310 1399 Vaticano
1329 1359 1538 1413 exemplari
1559 1383 1606 1390 --·
1625 1374 1647 1400 a
1667 1360 1828 1415 vulgatis

89 1449 119 1471 „
145 1417 377 1459 editionibus
394 1417 514 1457 variat
533 1417 573 1457 in
594 1417 694 1466 hoc,
724 1414 831 1470 quod
853 1416 979 1469 primo
998 1414 1114 1455 habet
1133 1413 1342 1455 duodecim
1362 1414 1596 1468 Prophetas,
1627 1419 1665 1455 ὅ(
1678 1415 1750 1457 hos
1770 1417 1828 1471 ip-

89 1504 118 1526 „
146 1473 207 1513 sos
236 1473 340 1514 aliter
367 1471 593 1526 dispositos:
622 1471 765 1512 deinde
792 1471 958 1525 reliquos
985 1481 1159 1525 quatuor.
1188 1491 1271 1502 ----
1316 1471 1367 1510 Et
1393 1483 1482 1510 cum
1506 1482 1594 1511 toto
1619 1471 1831 1525 exemplari

89 1559 116 1582 ‚‚
145 1528 246 1569 nulla
275 1527 443 1582 capitum
471 1526 608 1568 divisio
638 1526 683 1567 fit
711 1548 791 1557 ·--··
820 1526 860 1566 in
883 1526 979 1566 libro
996 1538 1125 1566 tamen
1148 1536 1312 1580 quatuor
1330 1525 1608 1578 Prophetarum
1632 1525 1827 1569 distinctio

90 1614 118 1636 ,‚
147 1582 334 1638 quaedam
366 1593 524 1636 apparet
545 1581 788 1632 subobscura,
817 1581 872 1621 illi
895 1595 994 1635 pene
1015 1580 1169 1632 similis,
1197 1594 1315 1636 quam
1338 1580 1515 1621 describit
1538 1580 1574 1620 S.
1603 1580 1829 1624 Dorotheus

90 1669 118 1691 ,‚
147 1650 309 1693 martyr,
337 1639 404 1692 qui
436 1638 530 1679 vixit
558 1637 624 1679 sub
655 1637 807 1691 Magno
839 1636 1112 1677 Constantino.
1169 1635 1490 1676 Maccahaeorum
1524 1634 1608 1675 libri
1625 1635 1760 1686 absunt
1778 1637 1828 1678 ab

91 1721 120 1745 „
149 1692 225 1733 hoc
242 1692 467 1745 exemplari,
495 1704 611 1745 atque
630 1692 721 1732 item
740 1691 834 1731 liber
853 1690 1015 1731 Genefis
1034 1690 1112 1731 fere
1129 1701 1254 1739 totus;
1282 1704 1373 1730 nam
1394 1691 1516 1744 longo
1538 1704 1634 1730 aevo
1653 1690 1829 1733 consum-

94 1779 122 1801 „
151 1749 199 1788 tis
227 1746 456 1787 membranis
486 1745 679 1786 mutilatus
708 1745 763 1785 est
782 1744 829 1783 ab
850 1745 962 1784 initio
981 1744 1065 1784 libri
1086 1758 1205 1798 usque
1226 1744 1275 1783 ad
1293 1755 1409 1798 caput
1428 1743 1596 1785 XLVII.
1627 1748 1667 1784 ὃς
1687 1745 1781 1787 liber
1796 1746 1829 1787 i-

93 1833 121 1855 „
150 1814 228 1843 tem
255 1801 511 1850 Psalmorum,
541 1800 608 1854 qui
638 1814 660 1839 a
689 1798 840 1840 Psalmo
863 1799 955 1842 CV.
985 1812 1104 1853 usque
1123 1798 1173 1839 ad
1196 1797 1478 1839 CXXXVIII.
1508 1799 1626 1840 nimia
1642 1800 1828 1844 vetustate

93 1888 122 1911 ,‚
149 1869 304 1898 mancus
323 1855 387 1897 est.
444 1855 520 1896 Sed
540 1855 634 1895 haec
653 1868 700 1895 ex
719 1854 879 1894 aliorum
903 1853 1100 1894 Codicum
1118 1853 1324 1894 collatione
1344 1852 1546 1894 emendata
1566 1854 1696 1896 sunt'’.

147 1911 344 1953 Volumen
364 1924 456 1952 vero
475 1909 661 1964 posterius
679 1908 717 1948 h.
746 1922 779 1949 e.
809 1906 977 1948 Novum
1001 1906 1285 1960 Testamentum
1303 1909 1355 1948 ita
1375 1907 1553 1949 describit
1573 1909 1625 1950 L.
1656 1911 1712 1951 A.
1741 1909 1828 1952 Za-

93 1969 276 2021 cagnius‚
304 1964 513 2006 Vaticanae
543 1963 806 2005 Bibliothecae
834 1961 1121 2017 praefe&us‚in
1141 1962 1302 2004 Praefat.
1323 1962 1373 2003 ad
1386 1963 1550 2005 Collest.
1579 1964 1759 2006 Monum.
1788 1980 1828 2021 p.

97 2027 160 2075 56.
198 2053 225 2073 „
248 2020 456 2075 Evangelia
488 2033 560 2061 nec
589 2018 721 2061 titulos
751 2018 894 2059 habent
921 2031 994 2058 nec
1026 2018 1169 2073 Capita
1190 2017 1410 2059 Eusebianis
1430 2019 1658 2060 canonibus
1677 2035 1828 2062 accom-

93 2109 120 2130 „
149 2076 325 2126 modata,
356 2075 420 2117 sed
441 2086 590 2116 tantum
609 2075 738 2115 rubras
760 2087 1003 2115 numerorum
1026 2073 1399 2120 noras,divifionem
1420 2074 1616 2128 quandam
1627 2075 1826 2117 Textusin

93 2164 120 2185 „
149 2133 230 2185 ejus
251 2132 421 2185 margine
440 2130 662 2171 indicantes.
719 2129 942 2170 Matthaeus
960 2129 1064 2169 enim
1086 2129 1201 2169 habet
1219 2143 1398 2169 numeros
1418 2129 1501 2170 CL.
1524 2129 1678 2171 Marcus
1697 2132 1827 2173 LXII.

92 2215 119 2240 ‚‚
150 2189 271 2228 Lucas
302 2186 427 2228 CLII.
459 2186 632 2240 Joannes
663 2184 836 2225 LXXX.
865 2184 967 2224 Asta
1002 2184 1276 2236 Apostolorum
1298 2184 1449 2226 LXIX.
1480 2185 1674 2239 Epistolae
1687 2185 1825 2241 Jacobi

92 2274 121 2295 „
150 2243 224 2284 IX.
251 2242 353 2283 Petri
388 2241 510 2295 prima
538 2240 648 2282 V111.
672 2239 839 2294 Joannis
867 2239 989 2292 prima
1009 2239 1082 2280 XI.
1113 2239 1232 2291 Iudae
1252 2239 1301 2279 II.
1330 2240 1437 2280 Pauli
1458 2252 1585 2280 autem
1609 2241 1824 2294 Epistolae,

93 2329 120 2351 „
148 2298 236 2339 licet
263 2311 339 2338 una
369 2296 519 2337 seorsim
539 2295 586 2336 ab
606 2295 720 2336 altera
740 2295 781 2335 in
799 2294 872 2335 isto
893 2293 1045 2335 Codice
1064 2293 1223 2348 scriptae
1238 2293 1399 2344 fuerint,
1430 2297 1584 2349 propria
1606 2307 1733 2338 tamen
1756 2311 1826 2339 nu-

93 2385 120 2406 „
148 2351 358 2394 meratione
388 2363 539 2400 carent,
569 2351 714 2405 quippe
740 2363 838 2404 quae
858 2362 939 2390 non
960 2350 1169 2403 interrupta
1188 2349 1279 2390 serie
1298 2350 1336 2390 in
1356 2364 1484 2390 earum
1506 2351 1737 2403 marginibus
1758 2367 1825 2394 nu-

94 2439 121 2461 „
150 2421 338 2449 merorum
372 2420 482 2447 notas
510 2406 695 2455 habeant,
723 2404 883 2459 perinde
910 2419 954 2445 ac
975 2403 1002 2444 si
1024 2419 1142 2445 unum
1164 2404 1301 2445 librum
1320 2405 1501 2446 Paulinae
1520 2420 1655 2446 omnes
1674 2407 1825 2461 Episto-

95 2495 123 2515 „
150 2463 207 2503 lae
234 2462 468 2504 conficerent
479 2482 493 2508 5
524 2461 608 2502 sunt
627 2472 752 2501 autem
771 2460 917 2501 numeri
939 2459 1092 2500 XCIII.
1120 2474 1169 2500 eo
1188 2472 1316 2500 tamen
1339 2460 1477 2501 ordine
1495 2460 1688 2515 dispositi,
1718 2474 1760 2502 ut
1782 2463 1823 2503 in

96 2549 122 2570 ,‚
152 2517 228 2558 fine
258 2517 451 2572 Epistolae
479 2516 529 2557 ad
563 2516 720 2557 Galatas
741 2528 918 2556 numerus
939 2514 1045 2555 LIX.
1074 2515 1304 2563 collocetur,
1334 2514 1477 2556 deinde
1497 2529 1674 2556 numerus
1694 2515 1825 2558 LXX.

96 2604 124 2626 „
153 2572 327 2614 succedat
356 2573 468 2613 initio
499 2570 691 2626 Epistolae
711 2570 760 2610 ad
782 2569 990 2624 Ephesios,
1017 2569 1159 2610 omiffis
1178 2569 1310 2611 decem
1331 2571 1517 2621 numeris,
1547 2572 1614 2625 qui
1635 2572 1827 2625 Epistolae

153 2627 204 2668 ad
235 2628 457 2678 Hebraeos,
487 2627 574 2680 post
604 2624 807 2667 secundam
837 2624 888 2665 ad
906 2624 1272 2666 Thessalonicenses
1303 2626 1513 2680 Epistolam
1544 2627 1582 2666 iii
1602 2640 1651 2667 eo
1671 2627 1824 2669 Codice

152 2683 318 2736 positae,
348 2682 579 2736 marginibus
605 2680 876 2722 adscribuntur.
929 2679 1047 2720 Deest
1084 2691 1211 2721 tamen
1244 2681 1283 2720 in
1312 2681 1451 2720 eodem
1472 2680 1626 2722 Codice
1648 2695 1734 2736 pars
1753 2696 1825 2736 po-

154 2738 287 2778 strema
317 2737 509 2791 Epistolae
536 2735 587 2777 ad
615 2736 815 2777 Hebraeos
844 2750 866 2775 a
895 2735 1019 2776 verbis
1047 2734 1185 2776 scilicet
1217 2733 1358 2784 ἄμωμον
1387 2734 1441 2785 τῷ
1470 2734 1541 2785 3εᾷ
1569 2737 1630 2777 Ca
1660 2737 1722 2777 itis
1751 2736 1824 2779 IX.

100 2824 124 2844 „
152 2807 247 2834 vers.
282 2805 342 2844 14.
371 2792 421 2832 ad
443 2792 583 2841 finem,
603 2805 691 2832 cum
711 2791 791 2831 aliis
811 2790 916 2830 Pauli
937 2790 988 2830 ad
1007 2790 1285 2840 Timotheum,
1312 2790 1447 2831 Titum
1460 2822 1472 2841 ‚
1500 2794 1540 2830 &
1558 2751 1825 2833 Phil³em0nem

99 2877 126 2899 „
156 2848 271 2889 literis
283 2878 295 2898 ,
322 2858 480 2901 totaque
497 2845 728 2901 Apocalypsi
743 2879 755 2895 ‚
783 2845 977 2887 nonnullis
998 2844 1137 2886 scilicet
1157 2846 1470 2900 quaternionibus
1489 2860 1580 2900 prae
1590 2844 1752 2888 Codicis
1763 2861 1827 2889 ve-

102 2931 130 2953 „
157 2903 292 2944 tustate
311 2901 540 2956 deperditis:
567 2901 671 2943 unde
693 2911 790 2954 quot
811 2899 977 2955 praecise
997 2900 1174 2942 exiterint
1195 2900 1285 2941 istae
1305 2900 1547 2942 Paulinarum
1570 2901 1825 2955 Epistolarum

102 2986 129 3007 ,‚
156 2956 370 3008 Sestiones,
399 2961 439 2997 &
460 2971 508 2997 an
529 2955 802 3011 Apocalypsis,
831 2955 857 2996 fi
877 2966 1005 2996 tamen
1027 2955 1066 2995 in
1088 2969 1137 2996 eo
1157 2955 1311 2996 Codice
1327 2955 1421 2996 olim
1430 2955 1658 3007 habebatur,
1688 2957 1728 2996 in
1741 2970 1826 3011 par-

101 3041 129 3063 „
155 3023 211 3051 tes
230 3011 395 3053 fimiliter
415 3012 570 3053 dissesta
588 3011 722 3056 fuerit,
756 3010 848 3051 scire
868 3024 948 3050 non
971 3010 1102 3051 licet”.

158 3065 334 3106 Eundem
362 3067 553 3107 Codicem
584 3065 858 3119 descripserunt
889 3064 1048 3105 Paulus
1066 3063 1310 3116 Bombasius,
1341 3065 1602 3108 Bibliothecae
1616 3065 1828 3106 Vaticanae

101 3119 339 3171 Praefectus,
367 3122 538 3176 Epistola
557 3122 608 3163 ad
626 3122 827 3163 Erasmum
848 3121 914 3162 ΑΟ.
939 3133 957 3161 1
970 3128 1062 3172 521.
1075 3119 1212 3175 scripta
1219 3133 1342 3175 ,quae
1351 3121 1405 3165 est
1414 3122 1456 3162 in
1466 3121 1580 3162 editis
1593 3118 1824 3161 DLXXIX.
1843 3146 1845 3148 -

1669 3200 1697 3221 n
1736 3173 1829 3230 Epi-

97 2660 125 2681 3)

97 2715 124 2736 ’2

92 2769 124 2790 θ’
