1976 3519
429 214 1424 262 PROLEGOMENA.
1720 231 1797 261 201

63 312 87 351 'a
116 306 375 350 Celeberrimo
392 305 491 348 Viro
509 305 552 347 T.
582 303 864 358 Hemsterhusto
893 317 1012 357 nuper
1033 301 1237 355 felicissime
1256 303 1480 346 emendatus
1498 303 1574 356 est,

227 360 465 407 Ναυσιβοίτοις
482 359 589 408 Φοιῖνει
609 356 670 401 καὶ
689 359 717 400 ἒν
735 357 833 400 ὕδασι
851 353 1011 411 usim-ogas
1031 355 1162 408 ἄνδρας,

62 418 242 472 Denique
260 416 454 458 sciendum
482 417 535 457 est
555 447 568 467 ,
596 430 659 456 me
685 415 735 455 ad
762 414 915 455 codices
940 412 1197 453 conferendos
1222 425 1302 453 non
1330 428 1416 454 cum
1445 416 1584 459 trutina
1615 413 1655 457 in
1677 428 1794 457 manu

64 472 247 515 accessisse
265 505 277 522 ‚
307 472 370 512 sed
397 472 528 513 omnia
557 485 644 511 cum
671 470 880 524 pulvisculo
909 467 1098 509 corrasisse
1121 498 1132 517 ‚
1161 482 1232 508 nec
1253 480 1331 508 tam
1351 469 1391 508 in
1409 484 1526 524 opere
1545 471 1794 518 exstruendo,

64 542 180 583 quam
200 529 240 568 in
265 531 420 568 materia
441 526 655 580 colligenda
675 536 903 579 occupatum
923 523 1050 564 fuisse:
1081 523 1175 575 quid
1193 524 1273 576 jam
1302 537 1350 563 ex
1369 524 1436 564 ista
1460 525 1549 566 filva
1569 542 1610 567 m
1641 529 1794 582 publico

64 585 349 647 proponerem?
377 595 425 621 an
445 580 635 621 delectum
655 580 840 629 facerem,
871 582 909 616 &
930 577 1085 633 abjeffis
1103 576 1254 631 reliquis
1274 592 1318 619 ea
1346 589 1493 620 tantum
1515 609 1526 628 ,
1555 596 1653 636 quae
1681 583 1796 624 alicu-

61 653 126 693 Jus
145 638 331 678 momenti
351 636 425 676 esse
440 636 674 690 judicarem,
703 635 857 675 ederem
878 636 893 674 ?
924 636 979 674 At
1008 632 1035 673 si
1067 646 1154 673 vera
1184 629 1290 683 sunt,
1323 648 1421 687 quae
1443 635 1515 677 Vir
1543 637 1605 678 Cl.
1628 638 1794 693 scripsit,

64 693 94 734 fi
112 694 238 733 omnis
255 692 321 732 iste
341 691 446 731 labor
464 691 594 731 sterilis
615 694 654 730 δε
675 689 792 730 futilis
811 689 888 738 est,
920 691 959 727 δε
979 701 1117 737 omne,
1148 687 1255 741 quod
1274 687 1327 728 illi
1348 690 1607 742 impenditur,
1638 704 1791 748 tempus

65 748 262 802 perditur,
290 760 369 800 quo
393 745 478 799 jure
497 747 618 786 mein
640 745 743 786 idem
762 744 989 799 ergastulum
1017 742 1147 783 denuo
1175 743 1255 783 vult
1274 743 1426 785 mittere
1454 745 1502 785 ad
1523 760 1623 799 opus
1641 774 1653 795 ,
1683 749 1795 803 quod

64 817 147 844 non
174 803 283 842 unius
304 801 472 841 hominis
494 800 549 841 est
577 804 592 840 ?
621 814 669 841 ne
693 800 773 853 jam
797 800 945 849 dicam,
975 810 1067 839 tunc
1100 797 1153 837 illi
1176 797 1322 852 semper
1345 811 1513 853 paratam
1542 801 1625 843 fore
1656 804 1795 856 aliam,

66 870 184 912 quam
203 856 318 896 toties
332 855 412 909 jam
436 855 606 909 repetiit,
635 855 910 896 accusationem
932 869 939 893 :
961 853 1037 893 hoc
1059 852 1179 893 modo
1197 865 1318 895 totam
1339 868 1418 894 rem
1438 857 1513 896 mei
1535 856 1618 898 fore
1636 860 1794 907 arbitrii,

63 912 184 953 multa
208 910 344 951 nullius
373 911 560 951 momenti
589 925 652 951 me
677 923 891 964 exponere,
921 908 1174 962 suspicionem
1206 909 1319 961 proin
1350 909 1446 956 esse,
1478 925 1540 952 me
1558 926 1639 953 non
1672 929 1794 968 pauca

67 966 223 1021 majoris
241 966 428 1006 momenti
449 966 488 1005 in
509 965 720 1020 quisquiliis
740 963 926 1018 reliquisse
947 967 986 1003 &
1007 964 1160 1017 publico
1181 963 1718 1020 invidisseffiimpliciffimum
1737 985 1794 1011 er-

67 1036 121 1077 go
139 1020 215 1072 est,
247 1021 377 1061 omnia
398 1019 531 1070 edere,
560 1024 600 1060 ὅ(
620 1031 740 1061 totam
767 1019 941 1065 messem,
972 1017 1163 1059 frumenta
1190 1032 1276 1058 cum
1307 1020 1488 1072 zizaniis,
1510 1023 1631 1064 oculis
1655 1025 1795 1068 eruditi

66 1075 217 1118 lec-'toris
238 1074 425 1130 subjicere.
479 1075 587 1116 Licet
606 1088 731 1116 autem
751 1074 938 1128 impedire
956 1087 1037 1113 non
1058 1073 1194 1128 possim
1207 1104 1217 1123 ,
1235 1088 1314 1127 quo
1335 1076 1461 1116 minus
1490 1078 1634 1119 otiosus
1657 1083 1696 1120 &
1717 1095 1796 1121 ma-

66 1133 191 1186 lignus
210 1130 397 1185 spetstator
412 1131 506 1171 haec
525 1131 656 1170 omnia
675 1129 797 1170 rideat
819 1132 859 1169 &
878 1130 918 1169 in
937 1128 1070 1169 ludum
1087 1129 1296 1182 jocumque
1317 1142 1462 1181 vertat,
1475 1133 1643 1174 cordatis
1664 1146 1793 1177 tamen

65 1187 157 1228 viris
177 1186 278 1226 illum
299 1185 336 1226 se
353 1200 435 1226 non
456 1186 701 1239 probaturum
720 1184 901 1234 confido,
922 1183 1138 1238 praesertim
1159 1198 1245 1223 cum
1268 1184 1373 1224 nullo
1392 1200 1560 1237 unquam
1582 1188 1792 1231 documen-

67 1253 110 1283 to
128 1239 354 1291 ostenderit,
385 1241 421 1281 se
438 1239 592 1281 codices
613 1241 784 1281 Graecos
803 1240 915 1280 MSS.
947 1239 1006 1279 vel
1025 1239 1152 1292 legisse
1171 1239 1230 1278 vel
1251 1238 1375 1293 legere
1392 1241 1508 1294 posse.
1565 1242 1704 1283 Πολλοὶ
1722 1262 1795 1294 μω.

67 1295 189 1345 μεῗθαι
207 1294 284 1346 ρᾷὄν
300 1294 371 1340 {esar
389 1292 407 1338 3¹7
428 1293 603 1345 utffieTSoets
653 1295 783 1349 (Vide
802 1296 915 1335 etiam
936 1294 1043 1348 supra
1062 1308 1096 1348 p.
1121 1293 1220 1346 65.)

122 1352 226 1391 Cum
246 1362 371 1391 autem
392 1351 640 1402 videret,ista
661 1350 742 1390 crisi
763 1350 906 1400 sua,de
926 1364 1001 1403 qua
1022 1362 1108 1389 toto
1121 1349 1197 1389 hoc
1219 1349 1368 1391 labente
1388 1366 1515 1403 anno,
1546 1367 1614 1408 per
1638 1355 1795 1398 clientes

67 1410 109 1447 ὃ(
121 1406 270 1446 ancillas
286 1407 400 1446 etiam
412 1437 422 1456 ,
436 1407 475 1446 in
486 1406 662 1446 omnibus
674 1406 765 1446 foris
775 1409 813 1444 ὃ(
824 1405 971 1445 circulis
988 1419 1157 1445 rumores
1172 1404 1348 1458 sparserat
1359 1433 1369 1451 ‚
1382 1408 1574 1449 neminem
1588 1409 1700 1451 valde
1710 1426 1795 1466 per-

67 1461 173 1511 celli,
185 1462 277 1515 quin
299 1473 432 1502 contra
447 1466 469 1502 a
488 1461 776 1515 simplicioribus
783 1461 957 1513 judicari,
971 1459 1045 1500 esse
1066 1461 1358 1514 vitiligationem
1380 1465 1666 1515 grammaticam
1684 1497 1695 1516 ,
1708 1481 1796 1520 pru-

68 1516 304 1557 dentioribus
324 1517 437 1557 etiam
449 1515 757 1570 indignantibus,
770 1515 878 1569 quod
890 1514 995 1555 simul
1009 1515 1190 1555 &eodem
1209 1528 1383 1569 tempore
1400 1518 1578 1571 personas
1598 1518 1795 1562 dive'rfiffi-

68 1585 170 1621 mas,
200 1583 281 1612 tum
298 1570 414 1612 severi
434 1571 685 1626 inquisitoris,
707 1571 914 1625 periculum
936 1570 1123 1610 Ecclesiae
1152 1571 1198 1609 ab
1227 1570 1399 1611 editione
1419 1572 1531 1614 Novi
1552 1575 1793 1618 Testamenti

71 1627 211 1666 Graeci
228 1626 430 1667 imminens
448 1627 726 1666 lamentabili&
737 1625 899 1666 terrifica
916 1640 1013 1667 voce
1032 1626 1260 1679 exponentis
1271 1659 1281 1675 ‚
1294 1637 1375 1666 tum
1389 1661 1398 1676 ‚
1411 1642 1486 1681 qua
1505 1628 1571 1669 fibi
1584 1632 1705 1685 magis
1717 1634 1796 1686 pla-

69 1681 375 1727 cebat‚ludionis
394 1693 507 1734 atque
521 1681 714 1730 derisoris,
729 1681 860 1720 omnia
879 1681 918 1719 in
936 1680 1069 1733 jocum
1090 1682 1290 1729 vertentis,
1310 1681 1511 1729 induisset,
1537 1685 1608 1724 alia
1631 1688 1691 1726 via
1714 1702 1795 1728 rem

72 1735 260 1790 aggressus
279 1735 342 1775 est.
372 1737 476 1775 Cum
497 1736 624 1785 sciret,
649 1750 710 1775 me
731 1747 818 1775 ante
838 1735 1053 1787 complures
1075 1748 1200 1774 annos
1214 1736 1382 1786 repetitis
1401 1737 1545 1778 vicibus
1573 1739 1630 1780 N.
1652 1741 1703 1780 T.
1724 1742 1800 1783 stu-

71 1789 187 1831 diosis
206 1791 352 1830 circiter
372 1790 561 1845 sexaginta
583 1789 821 1844 praelegisse,
849 1793 887 1828 &
908 1789 1153 1842 intelligeret,
1183 1789 1369 1842 quosdam
1393 1793 1609 1844 paucissima
1630 1795 1721 1836 hinc
1739 1797 1797 1837 in-

72 1846 145 1896 de,
175 1859 271 1899 quae
288 1858 367 1885 non
388 1845 618 1885 dictaveram
632 1877 641 1894 ,
654 1845 718 1885 sed
738 1859 784 1884 ex
805 1857 978 1897 tempore
998 1842 1207 1884 effuderam
1221 1871 1230 1888 ‚
1244 1845 1383 1897 partim
1402 1846 1510 1886 domi
1533 1863 1641 1889 meae
1656 1853 1795 1904 partim

72 1901 115 1941 in
135 1900 197 1940 sua
218 1900 383 1940 reversos
395 1911 497 1946 ‚tum
517 1901 663 1940 calamo
686 1904 724 1939 &
745 1912 958 1940 atramento
978 1910 1058 1938 tum
1081 1899 1176 1952 stylo
1197 1899 1377 1951 plumbeo
1390 1927 1401 1946 ,
1422 1913 1486 1941 aut
1506 1904 1545 1942 in
1569 1903 1709 1946 chartis
1729 1921 1797 1948 no-

72 1955 182 2005 tasse,
196 1967 258 1995 aut
277 1955 437 2009 margini
457 1955 514 1995 N.
534 1955 584 1995 T.
614 1955 667 1995 sui
685 1954 937 2007 adscripsisse,
959 1968 1081 1993 novus
1101 1954 1168 1993 iste
1188 1954 1450 1995 Diocletianus
1472 1957 1634 2009 invitos,
1666 1961 1799 2002 adem-

71 2010 218 2050 tionem
238 2009 727 2064 stipendii&ignominiam
745 2010 816 2049 illis
833 2009 1107 2052 comminatus,
1140 2012 1179 2046 &
1199 2009 1528 2062 tergiversantibus
1547 2016 1722 2056 convicia
1743 2017 1798 2057 in-

71 2079 225 2120 gerens,
258 2064 422 2106 Novum
443 2065 495 2106 Te
529 2076 724 2105 amentum
745 2064 848 2104 trad<
859 2078 899 2103 re
922 2064 1050 2118 coegit
1069 2094 1080 2113 ,
1113 2063 1204 2117 quin
1226 2066 1340 2104 etiam
1363 2067 1412 2105 de
1436 2080 1518 2107 mea
1543 2070 1580 2108 in
1605 2070 1797 2112 tradendo

73 2120 314 2161 cun&atione
330 2120 461 2161 acerbe
481 2120 709 2174 conquestus
729 2119 782 2160 est
793 2119 886 2159 Aa.
909 2133 943 2172 p.
962 2131 1052 2170 244.
1083 2145 1107 2167 ,‚
1131 2118 1229 2158 Non
1253 2120 1330 2159 sine
1350 2119 1485 2162 dolore
1507 2121 1637 2174 fateri,
1658 2126 1800 2180 inquit,

75 2206 101 2226 „
129 2176 326 2230 cogimur3
357 2188 442 2215 cum
464 2175 636 2229 inprimis
667 2176 778 2229 plena
801 2174 1030 2216 Tradztiom
1062 2173 1258 2226 Novism'
1281 2173 1517 2227 Tfstamenti
1537 2181 1576 2219 ὃς
1597 2179 1633 2220 se
1655 2184 1691 2219 &
1714 2183 1800 2223 suos

73 2260 99 2281 „
129 2230 233 2270 simul
254 2230 494 2285 tranquillare
514 2231 716 2284 potuisset,
747 2230 867 2283 ipsum
884 2264 893 2278 ‚
918 2229 942 2269 si
967 2244 1044 2269 non
1065 2229 1132 2268 nisi
1156 2229 1281 2269 causas
1315 2230 1512 2273 inferiores
1534 2235 1798 2289 respiciamus,

73 2314 99 2336 „
127 2286 236 2326 unice
256 2285 371 2340 idque
391 2286 514 2326 studio
532 2286 678 2326 causam
699 2286 799 2326 suam
825 2284 1028 2338 perdidisse
1055 2302 1062 2324 ι
1082 2285 1169 2324 licet
1189 2298 1316 2324 revera
1335 2286 1479 2340 aliquid
1497 2288 1606 2330 altius
1626 2291 1689 2332 hic
1709 2307 1800 2334 con-

74 2370 100 2390 „
129 2340 303 2394 spiciatur
325 2345 362 2380 &
383 2340 524 2395 digitus
542 2342 617 2382 Dei
638 2352 817 2395 appareat
838 2355 874 2393 p.
899 2353 992 2390 245.
1020 2354 1086 2393 per
1109 2339 1376 2380 Tradjtz'onem
1396 2342 1497 2383 illam
1518 2344 1658 2386 laboris
1684 2347 1736 2387 sui
1758 2349 1799 2388 in

73 2424 99 2445 „
127 2395 183 2436 N.
204 2396 254 2436 T.
277 2410 362 2436 cum
383 2398 643 2437 contemtione
669 2400 707 2436 &
728 2395 898 2437 irrisione
926 2395 1053 2437 nostra
1082 2408 1258 2449 negatam
1289 2397 1406 2437 totius
1423 2400 1570 2454 negotii
1592 2403 1803 2444 conclusio-

73 2475 101 2500 „
130 2464 218 2490 nem
238 2451 409 2492 consulto
431 2464 597 2493 moratus
620 2453 684 2493 est.

129 2506 209 2546 Hic
229 2506 266 2546 se
284 2507 465 2547 invenisse
484 2522 563 2547 non
587 2507 692 2561 quod
713 2509 819 2561 pueri
840 2508 878 2547 in
900 2506 983 2557 faba
1003 2505 1189 2546 clamavit.
1221 2506 1296 2547 Sed
1318 2508 1455 2562 nejam
1477 2509 1628 2564 dicam,
1650 2513 1800 2568 sapien-

78 2559 212 2600 tiffima
233 2573 347 2615 atque
364 2563 578 2615 aequissima
601 2563 683 2616 lege
706 2563 803 2616 (qua
824 2564 937 2603 etiam
963 2561 1126 2616 insignes
1147 2561 1344 2617 Theologi
1365 2564 1538 2606 Helvetii
1557 2568 1605 2620 J.
1628 2572 1682 2609 A.
1704 2569 1803 2612 Tur.

78 2618 250 2656 rettinus
278 2621 316 2656 ὃ(
338 2617 384 2670 J
406 2616 515 2658 Frid.
540 2617 814 2669 oster-valdius
835 2618 885 2658 usi
910 2618 1016 2669 sunt,t
1047 2618 1084 2656 in
1108 2616 1242 2671 Belgio
1263 2618 1439 2660 statutum
1461 2621 1559 2672 esle,
1577 2624 1719 2665 distata
1733 2626 1808 2666 stu—

78 2669 269 2712 diosorum
281 2673 592 2726 Praeceptoribus
611 2674 790 2726 imputari
812 2687 891 2713 non
912 2672 1243 2719 debere30bservo
1262 2674 1302 2712 in
1324 2675 1446 2727 prima
1466 2678 1704 2720 accusatione
1722 2694 1804 2721 non

80 2725 150 2765 nisi
171 2730 322 2766 unicum
342 2727 472 2768 teslem
498 2728 590 2768 Aa.
613 2743 649 2782 p.
673 2741 791 2779 451„
823 2741 886 2769 aut
906 2728 1091 2767 summum
1114 2727 1232 2777 duos,
1264 2727 1327 2767 sed
1350 2743 1430 2768 non
1459 2730 1508 2770 de
1526 2733 1661 2774 eadem
1684 2750 1723 2775 re
1754 2749 1810 2777 te..

78 2779 235 2832 stantes,
255 2782 464 2836 produ&os
485 2782 611 2834 fuisse,
643 2783 750 2837 quod
768 2795 973 2837 praecepto
995 2781 1173 2834 Apostoli
1198 2796 1230 2823 1.
1250 2782 1355 2823 Tim.
1374 2798 1409 2825 v.
1437 2798 1497 2834 19.
1528 2789 1729 2830 manifesto
1750 2805 1808 2832 re·

81 2847 248 2888 pugnat;
277 2851 400 2891 eoque
422 2839 565 2892 magis,
597 2840 685 2892 quia
707 2838 768 2879 ille
793 2852 891 2878 rmus
918 2837 997 2891 ipsc
1026 2836 1136 2877 fassus
1166 2837 1240 2888 est,
1272 2853 1358 2878 cum
1393 2839 1601 2894 aliquando
1632 2845 1811 2886 schedam

83 2889 185 2928 suam
207 2891 245 2929 in
268 2893 459 2933 auditorio
481 2893 708 2947 reliquisset,
739 2908 759 2933 a
780 2908 841 2933 me
866 2892 1050 2947 postridie
1081 2892 1229 2932 reddita
1253 2894 1392 2934 scheda
1412 2896 1539 2937 multis
1559 2900 1817 2951 praesentibus

83 2942 468 3000 admonitumvfuisse,
499 2960 539 2988 ut
559 2960 703 2989 attente
724 2949 870 2988 audiret
892 2948 1018 3001 potius
1040 2961 1154 3001 quam
1175 2947 1371 2999 scriberet,
1399 2950 1597 3006 exscripto
1617 2956 1722 2994 enim
1740 2970 1810 3009 ap-

83 3011 215 3050 parere
231 3025 241 3043 ‚
270 2996 372 3040 illum
392 3015 559 3043 mentem
579 3018 702 3043 meam
728 3004 890 3043 omnino
909 3017 987 3042 non
1011 3003 1217 3056 percepisse
1239 3000 1333 3043 A&
1346 3005 1389 3058 p.
1416 3007 1477 3047 28.
1509 3008 1612 3049 Illius
1634 3023 1749 3050 notae
1766 3023 1814 3050 ex

82 3053 258 3092 universo
276 3054 400 3097 Novo
428 3057 679 3098 Testamento
708 3058 918 3112 produfkae
941 3058 1025 3098 sunt
1056 3059 1203 3097 circiter
1234 3060 1371 3112 viginti
1390 3062 1581 3116 quinque,
1613 3065 1814 3117 pleraeque

82 3108 193 3147 unius
221 3119 284 3148 aut
313 3108 474 3157 duorum
497 3143 508 3161 ,
535 3112 748 3166 longissima
776 3113 955 3154 undecim
978 3113 1151 3153 versuum
1175 3127 1183 3152 ε
1214 3114 1337 3164 alter,
1357 3118 1462 3167 cujus
1485 3119 1655 3171 quinque
1675 3119 1733 3158 vel
1752 3118 1823 3160 sex.

83 3173 198 3204 notae
212 3161 458 3217 exhibentur,
485 3166 538 3208 ita
557 3167 746 3221 impedito
779 3168 877 3223 stylo
899 3167 1060 3220 scriptae
1080 3195 1092 3215 ‚
1121 3179 1163 3211 ut
1189 3169 1254 3212 vix
1280 3169 1443 3224 intelligi
1460 3171 1595 3225 possit,
1624 3184 1704 3214 erat
1724 3186 1818 3232 puer

937 3221 976 3262 C
988 3236 1008 3261 c
1701 3236 1818 3271 trium
