1976 3519
145 200 195 254 38
527 194 1524 238 PROLEGOMENA.

137 287 187 326 ris
216 283 455 327 excusatione
477 282 709 331 defendant;
740 283 804 323 sed
823 296 987 336 quanam
1008 282 1078 322 alia
1096 281 1338 323 excusatione
1359 285 1536 322 utentur?
1565 282 1650 336 quis
1670 282 1752 323 illos
1770 284 1876 324 causa

135 355 218 380 non
251 339 405 394 cognita
438 342 477 377 δε
508 337 585 378 stne
618 339 773 392 praevio
805 338 979 378 examine
1011 337 1234 377 sententiam
1263 336 1439 389 injustam
1462 339 1501 375 &
1529 335 1656 376 falsam
1687 339 1877 391 approba-

139 410 179 435 re
200 397 349 455 coegit,
380 407 466 433 cum
487 404 564 433 tam
585 392 713 442 facile,
744 404 944 432 momento
965 393 1075 432 unius
1095 391 1271 441 horulae,
1300 392 1439 446 viginti
1464 391 1536 434 illis
1559 392 1653 432 locis
1681 392 1720 431 in
1743 394 1874 433 Millio

136 450 315 503 inspeftis
329 479 341 497 ,
371 462 502 489 verum
525 461 606 488 non
627 447 756 488 videre
775 460 856 486 non
877 447 1109 500 potuissent?

190 506 413 558 Antequam
444 503 562 543 finem
593 502 749 552 faciam,
777 501 967 555 scrupulus
995 499 1217 542 eximendus
1240 498 1294 540 est
1312 499 1360 552 J.
1391 501 1445 541 A.
1477 500 1660 555 Bengelio
1684 530 1696 551 ,
1726 502 1792 555 qui
1813 500 1881 542 In-

137 559 304 599 trodufz‘.
338 559 379 598 in
403 556 525 609 Cristn
549 556 605 598 N.
639 557 682 599 T.
703 570 746 612 p.
777 569 871 606 445.
902 555 993 596 Nos
1014 555 1193 611 quidem,
1223 555 1370 609 inquit,
1394 565 1551 608 praeter
1573 564 1744 595 caeteras
1766 556 1882 609 diff}-

100 623 101 628 ’
138 616 267 654 remia
301 612 487 667 impedit,
517 626 614 666 quae
635 620 865 650 memoratur
892 613 934 650 in
965 623 1054 651 var.
1085 609 1180 651 Aa.
1199 610 1313 651 XVI.
1347 622 1409 661 35.
1429 610 1506 663 fid
1524 624 1585 650 eos
1606 612 1732 650 minus
1761 613 1881 666 impe-

141 668 246 719 diet,
276 670 343 723 qut'
364 668 486 721 ipsum
509 666 687 706 codicem
710 667 826 706 Cant.
857 667 1102 721 inspexerint.
1162 665 1244 704 Res
1266 665 1319 704 ita
1342 664 1377 705 se
1397 664 1530 706 habet:
1561 668 1598 705 &
1613 665 1749 705 Editor
1772 666 1882 707 Oxo-

137 723 276 764 niensis
298 726 336 762 &
360 721 504 762 Millius
526 722 745 763 varietatem
777 720 939 761 eandem
963 725 1000 760 δε
1031 720 1117 760 satis
1137 719 1292 773 quidem
1315 732 1491 773 magnam
1524 731 1602 760 turn
1626 734 1672 760 ex
1697 720 1883 774 Stephani

140 778 294 820 Codice
312 779 352 822 β.
381 789 460 818 tum
481 792 525 817 ex
546 775 849 830 Cantabrigiensi
869 775 1094 823 attulerunt,
1125 774 1255 827 postea
1278 787 1369 814 vero
1394 775 1561 825 Millius,
1590 776 1629 815 in
1651 776 1882 828 Appendice

139 834 177 874 se
196 833 316 887 ipsum
338 846 536 886 perperam
558 832 773 885 corrigens,
787 827 1326 883 addidit,Cantabrigiensem
1349 828 1541 870 Codicem
1563 830 1739 870 omittere
1767 831 1882 871 verba

138 883 199 928 {vri
230 885 271 928 τὸ
301 883 390 926 &ui-b
421 885 465 928 εἷς
486 884 545 929 τὴν
576 884 704 937 ἀγορὰν
725 919 736 935 ,
766 899 862 938 quae
891 886 931 924 in
971 884 1154 938 Stephani
1176 885 1214 927 β.
1246 883 1498 937 reperiantur,
1529 883 1713 938 Stephani
1732 899 1823 925 vero
1843 887 1883 929 β.

137 944 276 984 habere
295 940 457 991 λέγοντες
470 972 482 991 ,
513 940 576 981 ubi
596 942 635 980 in
653 939 958 994 Cantabrigiensi
979 939 1022 980 sit
1043 936 1225 987 λέγοντας.
1259 939 1479 992 Utrumque
1503 938 1617 987 fals03
1647 953 1736 978 nam
1755 944 1794 979 &
1816 940 1878 981 illa

139 998 201 1039 sex
232 998 343 1038 verba
373 996 513 1037 eodem
544 995 664 1036 modo
694 994 928 1036 disertissime
970 996 1009 1034 in
1032 994 1184 1033 Codice
1206 993 1508 1046 Cantabrigiensi
1529 1005 1680 1041 extant;
1709 996 1748 1032 &
1770 1009 1814 1034 ex
1837 994 1882 1035 fi-

138 1053 261 1093 lentio
286 1051 494 1105 Stephani,
524 1049 591 1104 qui
612 1050 661 1090 ad
682 1064 816 1090 vocem
839 1046 999 1099 λέγοντες
1020 1049 1114 1088 nihil
1146 1063 1191 1088 ex
1221 1047 1387 1088 secundo
1408 1048 1474 1089 suo
1497 1048 1648 1090 Codice
1673 1061 1883 1091 annotave-

141 1119 221 1157 rat,
251 1121 331 1147 non
354 1106 618 1160 consequitur,
650 1105 843 1146 Codicem
864 1107 902 1149 β.
934 1119 1019 1145 cum
1049 1103 1162 1144 editis
1182 1102 1402 1144 consentire.

191 1164 281 1204 Hac
298 1162 411 1202 etiam
430 1160 628 1201 occasione
649 1161 763 1214 paulo
778 1159 989 1200 distinstius
1007 1157 1233 1213 explicanda
1252 1157 1358 1208 sunt,
1388 1172 1485 1212 quae
1515 1173 1550 1214 p.
1586 1172 1648 1211 31.
1677 1158 1726 1200 de
1764 1158 1880 1200 Coeli-

143 1218 239 1257 colis
269 1216 371 1266 dixi,
401 1215 539 1256 scilicet
566 1215 672 1256 fuiffe
694 1216 870 1255 homines
899 1215 1040 1255 nullam
1067 1214 1291 1269 religionem
1316 1215 1518 1254 revelatam
1549 1214 1624 1254 five
1655 1228 1783 1255 veram
1805 1214 1881 1256 five
1942 1229 1947 1233 ·

139 1273 268 1314 falsam
293 1271 559 1321 admittentes,
590 1269 654 1311 sed
672 1270 790 1310 solam
811 1270 1042 1319 naturalem,
1071 1283 1186 1323 quarn
1211 1267 1331 1308 Ratio
1350 1269 1492 1319 dietat,
1521 1269 1698 1310 colentes.
1728 1271 1881 1311 Contra

137 1342 253 1383 quam
282 1327 636 1380 interpretationem
658 1326 716 1367 vir
734 1325 871 1365 dofiws
892 1325 1057 1378 objecit,
1088 1324 1180 1364 tales
1200 1323 1376 1364 homines
1396 1323 1443 1363 ab
1473 1337 1569 1364 aevo
1600 1324 1761 1366 condito
1788 1325 1884 1365 sem-

138 1398 206 1438 per
226 1380 404 1432 extitisse,
435 1381 653 1420 Honorium
673 1395 765 1421 vero
795 1392 910 1434 atque
932 1379 1187 1435 Augustinum
1216 1377 1266 1418 de
1286 1377 1496 1419 Coelicolis
1529 1379 1636 1432 loqui
1655 1410 1667 1429 ,
1698 1391 1881 1434 tanquam

138 1439 188 1479 de
210 1438 319 1478 Secta
339 1451 451 1476 nova.
485 1438 539 1476 At
561 1449 642 1476 non
668 1434 823 1475 difficile
843 1435 897 1475 est
918 1434 1012 1475 haec
1033 1435 1073 1474 in
1092 1433 1340 1475 concordiam
1362 1433 1555 1488 redigere:
1586 1434 1779 1475 Homines
1800 1435 1882 1488 qui-

137 1494 229 1534 dem
262 1490 484 1545 singulares,
515 1492 567 1531 ita
599 1491 648 1531 de
678 1490 863 1543 religione
893 1489 1114 1538 sentientes,
1147 1504 1168 1528 a
1197 1489 1330 1541 priscis
1359 1488 1593 1541 temporibus
1611 1487 1782 1538 fuerunt,
1811 1487 1878 1529 sed

138 1546 249 1590 Secta
279 1545 350 1587 fuit
381 1561 503 1596 nova,
534 1546 556 1585 i.
584 1560 615 1586 e.
645 1545 780 1586 Seculo
801 1545 957 1586 demum
982 1545 1095 1584 tertio
1118 1543 1331 1584 Coelicolae
1348 1543 1506 1597 seipsos
1531 1558 1552 1583 a
1576 1543 1790 1594 Gentibus,
1812 1544 1883 1597 Ju-

136 1603 242 1644 daeis
261 1605 299 1641 &
320 1601 549 1642 Christianis
571 1597 787 1657 segregare,
818 1603 857 1639 δε
879 1601 919 1639 in
942 1600 1171 1640 Societatem
1191 1599 1292 1639 coire
1317 1610 1549 1651 coeperunt,
1577 1598 1699 1639 eleeto
1721 1599 1885 1650 Majore

136 1659 201 1700 seu
219 1656 459 1706 Patriarcha,
488 1659 527 1696 &
549 1654 622 1696 ritu
642 1656 829 1709 Baptismi
847 1655 1042 1705 instituto,
1066 1668 1145 1708 quo
1166 1655 1207 1693 in
1230 1653 1434 1694 Ecclesiam
1453 1653 1560 1693 istam
1581 1667 1722 1693 novam
1746 1653 1884 1694 admita'

136 1725 315 1755 terentur.
345 1712 391 1751 In
411 1712 491 1760 his,
522 1724 620 1764 quos
640 1711 782 1750 Graeci
800 1706 1035 1761 ’Υψιτῖαςῖους
1065 1720 1271 1758 vocarunt,
1299 1721 1443 1748 nornen
1464 1708 1570 1748 suum
1590 1707 1774 1762 profess‘us
1803 1719 1884 1750 erat

137 1769 179 1810 in
204 1770 404 1821 juventute
426 1765 661 1819 Gregorius,
682 1765 794 1804 Pater
817 1764 999 1818 Gregorii
1019 1763 1276 1803 Nazianzeni.

191 1823 235 1863 E.
286 1822 325 1862 Si
342 1821 425 1875 jure
445 1820 659 1874 querimur,
691 1818 863 1859 Codices
887 1817 1170 1858 Vetustiffimos
1191 1831 1238 1858 ex
1254 1815 1442 1858 Verfione
1460 1817 1554 1858 Itala
1575 1816 1680 1858 fuisse
1698 1818 1751 1858 ita
1771 1818 1886 1859 inter-

138 1878 313 1933 polatos,
345 1887 387 1916 ut
418 1875 510 1915 inde
539 1873 589 1913 ad
618 1873 879 1914 stabiliendam
907 1887 1036 1913 veram
1067 1873 1292 1913 Leffionem
1323 1886 1455 1926 parum
1479 1873 1605 1913 auxilii
1635 1874 1714 1925 peti
1752 1873 1886 1927 poffit,

138 1933 260 1976 multo
283 1931 403 1984 magis
422 1928 634 1969 dolendum
659 1928 731 1978 est,
760 1942 841 1968 non
872 1938 1021 1967 tantum
1043 1928 1167 1967 nullos
1188 1928 1383 1980 aequales,
1414 1926 1479 1967 sed
1509 1942 1558 1967 ne
1580 1927 1736 1981 quidem
1766 1930 1884 1969 inter·

137 1988 240 2029 vallo
257 1986 388 2035 unius,
418 1984 604 2033 duorum,
633 1983 713 2022 imo
744 1983 857 2022 trium
882 1981 1103 2022 Seculorum
1128 1982 1346 2035 proximos,
1368 1996 1414 2022 ex
1446 1982 1581 2036 quibus
1603 1983 1678 2022 hoc
1696 1982 1881 2024 damnum

136 2043 353 2090 sarciretur,
382 2039 564 2080 haftenus
585 2049 755 2092 repertos
774 2035 890 2079 fuisse.
950 2037 1054 2077 Cum
1073 2037 1176 2077 enim
1198 2036 1350 2077 codices
1370 2049 1533 2091 quatuor
1556 2038 1701 2090 primae
1723 2038 1885 2084 Classis,

138 2111 237 2152 quos
257 2093 457 2149 descripsi,
489 2093 560 2134 sint
578 2093 702 2147 quarti
725 2094 764 2132 &
783 2092 910 2146 quinti
929 2091 1069 2142 seculi,
1101 2091 1297 2132 Codicum
1330 2091 1517 2132 secundae
1551 2091 1709 2142 Classis,
1738 2094 1804 2146 qui
1834 2093 1888 2134 se-

139 2164 307 2207 quuntur
328 2178 340 2197 ,
381 2163 430 2190 ne
455 2163 572 2189 unum
601 2148 760 2202 quidem
789 2148 913 2188 seculo
945 2161 1053 2187 nono
1087 2147 1341 2201 antiquiorem
1373 2146 1446 2187 esse
1475 2148 1728 2200 pronunciare
1758 2147 1885 2188 aufim.

197 2208 368 2248 Primum
398 2206 496 2245 inter
525 2204 615 2244 istos
651 2204 778 2243 locum
820 2202 995 2243 concedo
1037 2202 1181 2243 Codici
1218 2201 1521 2242 BASILIENSI
1561 2202 1685 2243 Num.
1724 2202 1767 2243 B.
1812 2202 1884 2243 VI.

139 2275 204 2303 21.
234 2263 353 2302 Hunc
376 2260 556 2311 Joannes
577 2257 621 2297 de
645 2258 834 2311 Ragnſjo,
863 2258 1086 2298 auctoritate
1119 2257 1290 2297 Concilii
1323 2257 1533 2298 Basilienfis
1558 2257 1608 2298 ad
1632 2258 1807 2298 Graecos
1837 2258 1888 2298 le-

138 2329 247 2371 gatus
276 2316 425 2364 mimis,
456 2314 586 2366 postea
606 2327 627 2353 a
650 2313 777 2354 Felice
802 2313 906 2367 Papa
926 2324 1071 2353 creatus
1090 2312 1310 2352 Cardinalis
1332 2312 1369 2353 S.
1393 2311 1511 2362 Sixti,
1542 2326 1629 2353 cum
1651 2312 1782 2353 multis
1808 2313 1891 2354 aliis

140 2372 402 2414 Bibliothecae
441 2368 627 2409 Coenobii
660 2367 970 2408 Praedicatorum
1004 2367 1169 2408 Bafileae
1202 2367 1429 2408 testamento
1463 2366 1602 2420 legavit
1631 2398 1642 2417 ,
1682 2368 1787 2408 unde
1818 2371 1886 2408 ΑΟ.

145 2441 161 2468 1
176 2441 223 2479 55
231 2441 268 2477 9.
297 2428 337 2466 in
367 2424 647 2466 Bibliothecam
669 2423 857 2477 publicam
880 2422 1037 2465 tranfiit.
1092 2421 1243 2462 Eodem
1270 2421 1353 2463 usus
1372 2422 1425 2463 est
1444 2422 1610 2463 Polanus
1633 2424 1672 2462 in
1693 2421 1884 2463 adornan-

144 2482 196 2522 da
214 2481 403 2523 Versione
425 2479 667 2520 Germanica.
708 2476 873 2518 Constat
901 2490 967 2529 40.
999 2477 1311 2532 quaternionibus
1329 2478 1369 2517 in
1392 2477 1532 2518 ottavo
1553 2477 1709 2530 majori;
1737 2478 1827 2518 Luc.
1860 2477 1893 2518 I.

144 2541 210 2586 69.
242 2536 291 2576 ad
312 2536 361 2576 II.
391 2547 429 2586 4.
458 2535 596 2575 iterum
631 2533 811 2574 insertum
830 2533 884 2574 est
914 2532 1049 2573 folium
1077 2532 1198 2573 aliena
1225 2546 1341 2572 manu
1372 2532 1551 2586 scriptum
1572 2533 1610 2572 in
1634 2532 1760 2572 locum
1788 2544 1891 2573 vete-

141 2593 190 2631 ris
226 2590 415 2644 deperditi
447 2624 457 2640 ‚
497 2604 519 2630 a
554 2589 653 2642 Cap.
683 2589 751 2629 111.
780 2601 817 2640 4.
848 2587 898 2628 ad
941 2601 1003 2639 1⁴5.
1034 2587 1166 2628 deficit
1187 2615 1198 2634 ‚
1241 2602 1262 2627 a
1293 2587 1387 2627 XII.
1419 2589 1480 2638 58.
1509 2586 1559 2627 ad
1586 2587 1697 2628 XIII.
1734 2600 1795 2626 12.
1824 2588 1887 2627 in-

141 2646 281 2687 sertum
317 2646 372 2686 est
408 2644 543 2685 folium
577 2645 649 2684 alia
677 2658 793 2684 manu
825 2643 1003 2697 scripturn
1025 2677 1038 2692 ‚
1078 2643 1247 2698 itemque
1274 2657 1295 2682 a
1324 2641 1420 2683 XV.
1454 2643 1488 2682 8.
1518 2642 1566 2682 ad
1600 2655 1660 2681 20.
1692 2657 1735 2682 ac
1767 2643 1889 2683 rursus

141 2701 274 2742 deficit
313 2715 335 2740 a
370 2698 529 2742 XXIV.
561 2711 628 2751 47.
665 2697 760 2739 folio
789 2712 873 2739 uno
909 2697 1075 2738 absciffo.
1129 2698 1175 2737 In
1207 2697 1284 2738 fine
1317 2693 1455 2735 Τῖτλων
1486 2696 1611 2737 Marci
1639 2700 1679 2736 &
1704 2696 1891 2750 Joannis,

142 2771 259 2797 manu
299 2755 440 2796 recenti
477 2753 665 2808 adscripta
705 2754 759 2794 est
799 2754 980 2808 pericope
1019 2767 1065 2794 ex
1106 2752 1176 2792 111.
1215 2756 1253 2792 &
1293 2751 1364 2791 IV.
1404 2752 1546 2805 Capite
1585 2751 1887 2805 Apocalypseos.

143 2812 314 2865 Scriptus
343 2809 398 2850 est
434 2809 474 2849 in
505 2808 610 2849 usum
650 2808 839 2850 Ecclesiae
868 2809 1023 2862 alicujus
1044 2839 1055 2859 ,
1083 2808 1145 2848 cui
1177 2808 1291 2848 etiam
1320 2805 1515 2856 inserviit,
1545 2817 1586 2846 ut
1613 2820 1659 2846 ex
1687 2807 1799 2846 variis
1824 2808 1891 2846 in-

143 2866 254 2907 diciis
285 2864 457 2914 constat,
486 2863 600 2904 habet
626 2860 823 2912 ἄναγνῶσεις
854 2864 1016 2916 margini
1045 2874 1247 2903 annotatas
1276 2859 1319 2902 εἷς
1349 2858 1483 2906 ἑκάς-ην
1513 2858 1722 2912 παννυχίδα.
1751 2859 1815 2902 ‘ris
1845 2859 1891 2900 ἆ-

145 2919 229 2970 ἷγῖοις
262 2917 450 2969 flentium),
479 2916 522 2959 εἷς
554 2913 596 2957 το
625 2915 760 2967 γενέσιον
788 2917 850 2960 τῖς
882 2916 991 2967 ἁγίας
1021 2915 1209 2963 &eoi-<imin
1237 2914 1279 2958 εἷς
1299 2914 1425 2968 ὕψωσιν
1453 2914 1515 2954 τοῧ
1540 2913 1642 2964 ἁγίου
1666 2915 1821 2968 φαυςοῧ,
1847 2915 1893 2958 εἷς

145 2973 206 3019 τὴν
233 2972 492 3025 μεταμὸρφωσιν
510 3000 522 3020 ‚
561 2971 604 3014 εἷς
631 2970 690 3015 τὴν
720 2970 832 3025 εὔςεσιν
860 2972 922 3014 ’riis
951 2970 1072 3021 τιμίας
1098 2970 1253 3021 κεφαλῧς
1280 2973 1330 3011 ri}
1353 2968 1541 3022 προδρόμου
1573 2972 1622 3009 τέ
1653 2970 1769 3021 Κυρίου
1790 2998 1800 3016 ‚
1839 2971 1889 3011 vs}

147 3028 251 3080 ἆγῖου
281 3027 456 3069 Διονυσίου.
488 3029 580 3069 item
609 3025 676 3067 τῶν
708 3024 814 3075 ἁγίων
841 3026 984 3068 πάντων
1007 3031 1047 3066 &
1079 3025 1120 3068 ἒις
1149 3024 1206 3070 τὴν
1237 3022 1360 3074 μνῖιμην
1390 3021 1621 3069 Κωνς-οιντῖνου
1644 3022 1703 3064 καὶ
1734 3022 1894 3076 Ἑλένης,

148 3100 247 3141 quae
265 3084 345 3126 duo
364 3084 554 3139 postrema
575 3082 667 3122 festa
688 3082 758 3122 alia
778 3096 893 3123 manu
916 3083 1143 3122 indicantur.
1203 3079 1393 3121 Videntur
1423 3093 1548 3121 autem
1579 3096 1600 3121 a
1632 3081 1893 3121 Constantino

146 3141 520 3197 Porphyrogenneta
540 3141 580 3179 ὃ(
601 3136 751 3181 Helena
777 3151 893 3181 uxore
915 3137 1022 3179 fuisse
1041 3136 1231 3188 instituta,
1265 3135 1373 3191 quod
1394 3135 1562 3189 conjicio
1583 3149 1631 3177 ex
1648 3135 1892 3230 ceremopiali

1752 3203 1892 3243 ipius,
