1976 3519
145 260 196 304 V.

620 260 842 295 ΚΑΤΑ
895 256 1396 291 ’ΜΑΤΘΑΙΟΝ

1773 253 1855 306 285

120 416 139 443 1
226 397 305 440 Δῶν
332 397 367 438 δὲ
396 397 473 441 τοὺς
499 397 651 449 Ἄχλους,
680 395 781 442 ἀνέβη
808 393 851 437 εἷς
880 389 923 434 τὲ
951 391 1030 444 ’σ’ρος·
1060 388 1120 431 καὶ
1153 390 1354 433 καθίσαντος
1383 393 1493 433 αὐτοῦ
1525 420 1537 440 ,
1577 392 1763 445 macheu»
1791 395 1853 434 αὖ·

122 472 143 498 2
176 455 230 506 τῷ
271 452 299 495 οἷ
335 451 488 503 μαθηταὶ
527 453 646 492 αὐτοῦ.

117 525 138 566 3
171 522 248 561 γων·

755 447 823 491 Kal
854 446 988 501 ἀνοίξας
1017 443 1059 487 τὸ
1089 445 1195 496 τῖόμοι
1223 447 1331 486 αὐτοῦ
1352 478 1364 496 ,
1403 446 1574 488 ἐδίδασκεν
1602 448 1726 491 αὐτοὺς
1745 477 1756 496 ,
1792 450 1852 489 λέ-

1365 500 1374 511 ,

1301 500 1322 508 ω

361 507 532 560 Μακάριοι
570 505 598 547 οἵ
636 504 789 559 πτωχοὶ
827 504 879 555 τῷ
919 501 1106 550 πνεύματι·
1140 502 1195 542 ’ότι
1223 503 1336 541 αὐτων
1364 518 1435 545 ετῖιν
1463 501 1480 546 ἦ
1507 502 1675 549 βασιλεία,
1705 503 1771 545 τᾶν
1799 507 1852 545 οὐ·

1745 559 1852 612 ρανὲἶν.

157 630 182 649 1,
197 616 244 656 Ji]
265 621 302 653 -Ι-
315 620 396 649 Ino-034
412 618 456 646 28.
476 628 518 655 30.
538 617 633 645 Versio
649 621 705 657 Syr.
718 617 795 654 Vulg.
810 615 898 655 Chrys.
917 614 955 642 est
970 613 1080 641 initium
1097 612 1236 640 Lee'tionis
1252 611 1455 642 Ecclesiasticae.

154 669 181 688 2.
197 656 345 692 gaiana]
365 654 469 691 {assia
486 659 520 686 n.

157 708 184 735 3.
201 698 260 734 τῷ]
279 709 331 717 -
347 698 384 724 D.
401 705 416 723 a
430 696 517 733 prima
532 704 626 724 manu.

116 774 169 810 yis.
209 771 358 813 Decapoli
380 771 481 812 Syriae
502 781 643 812 perquam
667 781 790 812 parvae,
811 779 866 802 nec
884 779 954 810 cap-

116 817 179 858 pari
193 815 316 852 majores
333 839 343 855 ,
368 824 454 844 carne
470 823 567 844 tamen
583 815 845 845 commendantur.
862 815 895 845 &
915 813 955 843 V.

119 860 168 890 16.
201 857 340 897 jungitur
355 857 381 886 ei
401 855 572 898 [judaeae]
597 856 684 888 latere
700 857 800 898 Syriae
815 856 956 896 Decapo-

115 900 204 931 litana
220 901 320 939 regiO,
340 909 357 929 a
382 909 508 929 numero
533 898 738 940 oppidorum,
758 901 787 929 in
812 908 875 940 quo
896 907 959 928 non

115 951 222 974 omnes
243 940 344 972 eadem
369 941 544 973 observant:
568 941 689 982 plurimi
713 950 813 973 tamen
830 941 960 972 Damas-

115 994 188 1016 cum
211 993 245 1014 ex
268 991 358 1024 epoto
384 985 473 1024 riguis
487 993 574 1015 amne
592 983 798 1026 Chrysorrhoa
813 983 938 1014 fertilem
949 1005 960 1022 ‚

117 1025 352 1067 Philadelphiam
368 1050 379 1067 ,
407 1027 583 1068 Raphanam
601 1051 612 1068 ‚
641 1028 744 1058 omnia
767 1027 796 1056 in
820 1026 963 1057 Arabiam

115 1069 280 1100 recedentia
297 1081 303 1100 :
335 1069 535 1110 Scythopolin
550 1088 613 1094 -—
631 1069 748 1101 Gadara
771 1069 964 1100 Hieromiace

116 1112 313 1152 praefluente,
335 1113 369 1144 &
381 1114 443 1151 jam
460 1110 574 1142 dietum
591 1111 738 1153 Hippon,
762 1111 847 1142 Dion
860 1134 870 1150 ‚
892 1111 962 1143 Pel-

117 1154 178 1185 lam
199 1155 280 1194 aquis
304 1154 448 1196 divitem,
468 1154 624 1192 Galasam,
644 1155 823 1186 Canatham.
867 1154 962 1185 Inter-

118 1196 234 1227 cursant
255 1198 435 1238 cinguntque
452 1196 502 1227 has
525 1198 612 1227 urbes
628 1197 840 1236 Tetrarchiae‚
865 1199 962 1238 regio-

120 1248 194 1269 num
220 1237 308 1269 instar
333 1239 474 1280 singulae,
496 1239 529 1270 &
551 1241 583 1270 in
609 1250 696 1282 regna
713 1241 963 1280 contribuuntur,

121 1280 314 1312 Trachonitis
330 1303 340 1319 ‚
363 1281 472 1312 Paneas
488 1305 498 1319 ,
525 1282 556 1311 in
580 1292 637 1324 qua
662 1282 800 1314 Caesarea
816 1306 827 1322 ,
857 1282 963 1321 Abila,

122 1322 219 1363 Arca,
238 1323 445 1365 Ampeloessa,
467 1323 564 1355 Gabe.

170 1375 197 1396 1.
223 1365 293 1398 ἀνέξῃ
318 1371 347 1400 εἰς
367 1367 395 1396 τὲ
418 1365 491 1409 ἔρος]
513 1367 541 1397 τὲ
564 1366 615 1407 ἔρος
633 1368 775 1409 significat
792 1376 908 1400 certum
931 1368 965 1399 &

124 1417 231 1439 notum
258 1417 412 1446 montem,
433 1409 590 1440 Taborem
613 1412 756 1452 intelligo.
802 1412 898 1442 Lucas
916 1411 967 1441 ad-

125 1450 188 1490 dit,
209 1461 246 1482 eo
267 1450 368 1490 Jesum
384 1451 558 1483 concessisse
581 1461 614 1484 ut
635 1464 731 1486 oraret
754 1454 811 1487 VI.
834 1464 880 1484 12.
907 1454 965 1484 vid.

126 1493 217 1523 etiam
241 1493 357 1523 Matth.
373 1493 476 1525 XVII.
495 1505 521 1525 1.
563 1495 607 1527 Ita
632 1497 735 1528 Moses
759 1505 894 1529 montem
922 1497 968 1527 Si-

127 1535 175 1566 nai
198 1535 386 1576 conscendit,
406 1536 628 1577 primo·s01us‚
647 1538 715 1570 dein
736 1542 896 1571 comitatus
916 1538 969 1569 Se-

127 1578 261 1609 nioribus
284 1579 378 1609 Exod.
404 1579 496 1610 XIX.
524 1589 550 1621 3.
577 1580 699 1613 XXIV.
720 1591 746 1614 1.
775 1584 853 1613 unde
873 1582 935 1613 Lex
954 1584 969 1613 a

129 1619 201 1651 Deo
227 1621 412 1663 promulgata
435 1622 485 1653 est.
528 1623 613 1660 Quin
639 1625 673 1656 &
695 1625 917 1656 benedictiones
933 1626 968 1655 δε

128 1662 350 1693 maledictiones
371 1673 406 1694 ex
429 1665 581 1696 montibus
603 1666 679 1697 Ebal
702 1668 736 1698 ὃ(
753 1667 881 1698 Garizin
898 1676 971 1707 pro-

130 1706 287 1736 nunciatae
309 1705 444 1746 leguntur
470 1709 561 1738 Dent.
586 1707 725 1740 XXVII.
751 1718 800 1740 12.
828 1719 876 1749 13.
903 1710 967 1739 &c.

131 1746 214 1777 Philo
230 1747 266 1778 de
277 1745 435 1788 Decalogo
450 1748 530 1779 T.2.
547 1758 577 1789 p.
596 1749 673 1789 180,
687 1759 733 1790 13.
753 1750 784 1781 13.
801 1751 922 1790 inquirit
937 1752 968 1780 in

131 1789 283 1828 caussam,
302 1800 356 1821 cui·
374 1790 438 1820 Lex
453 1800 515 1822 non
532 1791 562 1821 in
580 1792 652 1823 urbe
666 1792 754 1824 sedin
771 1792 881 1824 deserto
897 1802 969 1833 pro-

131 1832 261 1873 mulgata
277 1832 329 1874 sit,
351 1833 386 1864 &
411 1831 566 1874 respondet
587 1834 626 1864 ἔτι
649 1834 677 1864 ἂι
693 1835 796 1865 πολλαὶ
811 1839 858 1866 τῶν
876 1836 969 1865 πέλειαν

131 1875 271 1912 ἀμυθήτων
292 1878 374 1904 κακῶν
397 1879 444 1905 εἰσ-ι
465 1876 559 1913 pascal,
581 1876 627 1906 καὶ
649 1881 696 1907 τῶν
719 1878 776 1916 τρὶς
792 1878 820 1907 τὲ
836 1881 899 1908 θεῖον
913 1879 967 1907 δινο-

133 1916 315 1957 σικργημιάτων
337 1917 382 1947 xxi
406 1920 451 1946 τῦν
465 1918 522 1956 πρὶς
538 1919 653 1952 &vniam
673 1919 839 1957 alimaniam»
934 1924 966 1953 εἰς

131 1957 153 1987 ἓ
169 1963 265 1999 πρῶτον
286 1959 377 1990 oza-ihu
390 1959 435 1996 ἔξω
451 1960 546 1993 πέλεως
560 1960 662 1994 ἔέελῆθη
675 1966 809 1999 rapaton-22⁹⁹.
833 1961 913 1993 addit
934 1971 966 2002 p.

135 2000 192 2042 183
205 2022 214 2039 ‚
231 2011 259 2038 9.
278 2001 318 2032 C.
335 2001 365 2032 σί)
378 2001 402 2030 θ’
417 2006 474 2031 εἶα-ιν
490 2005 510 2031 ἓν
527 2009 675 2041 coxae-,wok
691 2003 777 2034 εἰκόσιν
796 2006 879 2036 ahsa.
894 2005 967 2039 >ufb-

131 2056 206 2082 μιενικι
222 2044 275 2083 περ)
291 2047 324 2073 ri?
338 2044 529 2083 ὧοιτορηθέντος.
546 2044 593 2078 τὰς
606 2045 655 2086 γὰρ
662 2047 764 2080 ἀλῃθεῒς
779 2047 824 2080 θεὶς
834 2047 968 2086 οῗᾶὶμιὲνος.

134 2103 138 2108 ⁴
172 2086 318 2120 καθίσαντος
390 2085 515 2118 Thomas.
543 2087 636 2127 καθίζω
660 2087 711 2124 ἓνὲν
734 2087 779 2119 καὶ
802 2091 966 2130 καθιξομιοιι,

131 2127 179 2158 καὶ
201 2129 301 2168 καθίζω
322 2131 400 2169 ἕτερον.
431 2129 460 2159 τὲ
482 2129 508 2159 d}
532 2131 632 2170 καθίζω
652 2133 668 2160 ἐ
692 2132 760 2169 μένον
779 2132 837 2162 οἰντῖ
850 2135 882 2162 ri}
899 2132 970 2172 ἕτερον

132 2173 199 2200 aasz
222 2171 332 2211 καθίζειν
349 2195 356 2205 ,
385 2170 459 2201 ἄλλέι
483 2172 528 2202 καὶ
550 2173 669 2210 {photinam
697 2176 820 2205 Lucian.
846 2174 967 2206 soloec.

135 2221 184 2244 11.
205 2214 234 2242 τ),
250 2213 275 2243 δὲ
291 2214 384 2254 καθίζω
400 2217 434 2244 r?
455 2215 606 2254 καθέζομαι
622 2215 671 2255 ἄρα
686 2230 729 2246 σοι
745 2216 816 2247 δοκεῖ
831 2222 911 2257 μιικρξὶ
928 2232 967 2247 τι-

129 2254 149 2285 n*
164 2255 278 2295 δὶκφέρειν
289 2280 296 2290 ,
325 2257 383 2295 εἴπερ
400 2257 428 2286 τὶ
444 2256 489 2294 ,wir
503 2256 574 2296 ἕτερον
589 2257 680 2297 Alfium
695 2260 724 2289 τὲ
752 2259 862 2300 καθίζειν
878 2261 967 2296 ,λε’γω,

131 2297 160 2328 τὶ
176 2298 201 2328 δῖ
214 2299 288 2337 μιόνες
301 2302 370 2337 ἡμᾶς
387 2299 466 2332 &urim
480 2299 509 2329 τὲ
525 2299 691 2340 καθέζεσθαι.

148 2343 307 2383 προσῆλθον]
314 2343 433 2382 propius
442 2341 865 2385 accefferuntdiscipuli‚quam
873 2345 967 2377 turba.

171 2392 201 2413 2.
217 2383 314 2420 ἀνοίξαις
325 2384 353 2413 τὲ
369 2384 456 2426 ςόμωι]
473 2394 524 2415 ore
540 2394 641 2426 aperto
657 2386 802 2426 loqui‚est
820 2388 897 2418 clara
913 2398 970 2421 ,vo-

131 2433 167 2455 ce
191 2425 225 2456 &
251 2434 322 2456 cum
347 2425 456 2457 fiducia
481 2427 583 2468 loqui:
605 2431 767 2469 opponitur
783 2431 808 2460 ei
825 2431 875 2470 qui
891 2431 970 2462 clam

131 2466 278 2505 muffitat,
300 2477 349 2499 aut
365 2478 531 2500 murmurat
547 2492 557 2508 ,
576 2471 610 2501 &
626 2472 655 2500 in
672 2482 772 2502 aurem
789 2473 905 2503 alterius
919 2474 970 2504 ali-

130 2509 202 2550 quid
229 2509 392 2542 insusurrat.
412 2511 520 2544 Ezech.
537 2512 630 2547 XXI.
648 2523 699 2547 22.
721 2514 842 2550 δὶανοῖΞ-αι
863 2515 935 2554 ςὸμια-
950 2520 970 2546 ἒν

128 2551 190 2593 ἶοῇ,
212 2553 320 2589 ἶνψᾶσ-οιι
341 2554 411 2590 φωνὴν
430 2554 501 2592 'msa->z
523 2558 636 2593 κραυγῗῖς.
660 2556 777 2588 Matth.
803 2556 893 2589 XIII.
921 2565 968 2599 35

131 2595 203 2624 Act.
230 2594 273 2627 Χ.
298 2604 347 2635 34.
373 2606 404 2628 2.
421 2599 484 2627 Cor.
501 2596 557 2627 VI.
578 2607 626 2629 11.
645 2598 721 2638 Eph.
740 2599 794 2630 VI.
817 2610 864 2641 19.
883 2604 971 2631 Bere-

122 2635 221 2677 schith
236 2636 278 2667 R.
294 2637 381 2669 VIII.
398 2648 425 2680 7.
451 2639 533 2669 Cum
551 2639 654 2672 Moses
671 2641 795 2674 venisset
810 2642 848 2673 ad
863 2643 971 2674 sectio-¹

128 2682 200 2710 nem
223 2679 319 2718 hanc,
340 2682 392 2712 ubi
413 2682 522 2713 dIcitur
539 2693 546 2713 ε
576 2683 732 2715 Faciamus
754 2685 911 2717 hominem
934 2686 970 2717 ad

129 2721 290 2763 imaginem
312 2723 444 2755 nostram
471 2725 505 2755 &
521 2725 557 2755 ad
582 2724 800 2758 fimilitudinem
819 2727 972 2767 nostram,

130 2761 223 2794 dixit:
238 2764 374 2797 Domine
390 2767 494 2797 mundi
512 2776 566 2798 cur
584 2776 616 2799 tu
627 2768 676 2800 das
692 2770 743 2805 ΠΒ
761 2772 869 2821 ῙἹΠΠΒ
887 2781 970 2813 aper-

130 2806 244 2852 tionem
260 2808 319 2838 oris
333 2808 484 2841 haereticis
497 2809 508 2839 ?
527 2811 560 2842 &
573 2810 601 2842 8.
620 2812 841 2848 Quaesivcrunt
857 2812 972 2853 Epicu·

130 2856 172 2877 rei
186 2857 221 2878 ex
232 2849 272 2880 R.
285 2849 393 2882 Samlai
409 2864 415 2883 :
446 2852 534 2890 Qiot
551 2853 591 2882 dii
608 2863 782 2886 creaverunt
799 2856 969 2888 mundum?

130 2907 197 2914 —-
215 2891 402 2931 Respondit:
441 2903 576 2930 crearunt
600 2896 656 2927 Dii
676 2907 738 2928 non
757 2896 900 2938 scriptum
924 2899 972 2931 sed

130 2934 240 2964 creavit
257 2933 348 2965 Deus.
377 2936 412 2966 In
430 2940 609 2978 quocunque
625 2939 697 2969 loco
717 2941 823 2980 reperis
841 2943 971 2982 apertio-

128 2983 200 3004 nem
216 2975 274 3006 oris
290 2975 440 3016 Epicureis
455 2979 553 3011 datam
578 3002 588 3017 ,
618 2982 726 3023 reperis
749 2982 968 3023 responsionem

129 3015 166 3046 ad
179 3017 261 3047 latus.
283 3019 402 3051 Lucian.
415 3021 600 3064 Philopseud.
621 3032 671 3064 33.
691 3025 763 3055 {nesus
781 3025 826 3063 μὲν
842 3025 867 3056 ἕν
883 3025 970 3059 &aaa

131 3060 150 3088 κ’
166 3058 238 3089 aar&
253 3060 281 3089 τὶ
304 3061 377 3091 κοινὲν
391 3069 440 3097 τοῖς
455 3070 561 3098 πολλοῖς
586 3065 686 3103 ‘'fiii-numa·
708 3080 772 3096 ‘revoc
783 3066 871 3103 vairhs,
892 3068 969 3099 ἀλλά

129 3113 180 3139 μοι
195 3103 241 3132 καὶ
253 3102 373 3139 ’ἔχρησενᾶ
389 3104 490 3143 Μέμινων
505 3108 579 3140 adrias
592 3107 690 3144 Σινοῖξοις
705 3109 734 3137 τὶ
750 3109 824 3148 siphea
848 3115 867 3140 ἐν
888 3111 970 3141 ’ἔπεα-ιν

128 3144 203 3174 ἑπτὰ.
227 3144 371 3185 Aristoph.
396 3146 479 3178 A'v‘es
499 3149 595 3188 1716.
623 3149 698 3179 ἀλλὰ
726 3151 768 3189 χρὴ
792 3155 854 3186 θεᾶς
877 3153 969 3187 Μέσνϊς

130 3185 229 3221 ἀνοίγειν
246 3188 296 3227 ἱερὶν
310 3187 420 3225 ἐὐφήμων
439 3190 519 3227 siphae.
540 3190 670 3231 Aefthyl.
690 3191 844 3224 Prometh.
864 3195 970 3227 Vinffil‘.

131 3225 193 3260 612
208 3247 273 3257 ...-
290 3233 370 3269 ἁτλᾷ
394 3230 461 3269 λόγῳ
477 3231 555 3273 ὥσπερ
569 3232 732 3274 &statoria-tp&
751 3243 828 3273 φίλκς
844 3237 913 3272 οἷὲγειν
928 3238 971 3269 ςέ-

997 780 1050 806 μοι.
1071 768 1193 797 Aeneid.
1210 767 1249 798 II.
1268 767 1342 807 246.
1372 766 1467 797 Tunc
1485 767 1574 798 etiam
1590 766 1654 798 fatis
1671 769 1763 809 aperit
1776 769 1851 801 Cas-

998 809 1098 840 sandra
1117 810 1221 841 futuris
1239 810 1304 841 Ora
1319 810 1381 841 Dei
1400 809 1493 850 jussu.
1690 830 1693 834 -

1041 861 1069 893 3,
1091 853 1238 895 μακάριοι]
1267 852 1405 882 Thomas-⁶
1427 850 1511 886 ss'aCiog
1526 875 1534 886 ‚
1558 853 1574 881 ἐ
1591 852 1724 891 μακάριος.
1755 853 1850 885 Aliter

1001 904 1100 926 autem
1118 895 1183 926 vult
1201 897 1282 933 usus,
1306 905 1395 936 quem
1411 904 1502 936 penes
1522 895 1677 925 arbitrium
1694 895 1736 926 est
1753 897 1788 927 &
1801 898 1849 936 jus

1003 938 1038 968 &
1055 947 1161 969 norma
1179 937 1331 978 loquendi.

1041 981 1167 1019 μακάριοι
1185 1000 1249 1005 ——
1267 985 1302 1020 τῷ
1318 980 1464 1022 πνεύματι]
1482 979 1621 1011 Christus
1637 989 1697 1020 quo
1713 982 1854 1013 attentio-

1007 1031 1050 1052 res
1078 1023 1180 1053 reddat
1207 1022 1366 1053 Auditores
1383 1046 1393 1062 ‚
1414 1022 1585 1054 doetrinam
1612 1022 1693 1053 suam
1709 1027 1854 1066 proponit

1007 1074 1058 1105 per
1075 1066 1233 1096 enunciata
1248 1064 1390 1105 quaedam
1404 1065 1540 1104 παράθοξα,
1556 1088 1563 1098 ,
1585 1074 1658 1104 quae
1674 1067 1771 1105 prima
1788 1069 1855 1108 qui-

1007 1107 1078 1138 dem
1100 1108 1195 1149 specie
1220 1107 1288 1138 falsa
1307 1107 1463 1147 videntur,
1489 1106 1742 1139 considerantibus
1754 1119 1853 1141 autern

1004 1150 1152 1180 verissima
1167 1149 1225 1181 esse
1244 1150 1452 1192 agnoscuntur.
1474 1146 1632 1180 Possumus
1647 1159 1746 1182 autem
1763 1162 1854 1193 genus

1004 1192 1171 1223 humanum
1190 1194 1220 1223 iri
1237 1202 1294 1224 tres
1311 1191 1412 1223 claffes
1430 1192 1580 1233 dividere,
1596 1193 1627 1222 in
1643 1193 1766 1233 vulgus,
1788 1205 1855 1236 per-

1005 1234 1197 1275 spicaciorem
1219 1236 1253 1267 &
1270 1234 1430 1275 discipulos
1444 1234 1571 1266 Christi.
1613 1234 1728 1275 Vulgus
1745 1246 1854 1269 temere

1007 1287 1044 1307 ex
1060 1279 1159 1319 primo
1177 1277 1312 1319 aspectu,
1331 1278 1364 1308 &
1382 1277 1608 1319 praeconceptis
1625 1279 1721 1317 pravis
1736 1281 1857 1320 opinio*

1008 1321 1094 1351 nibus
1112 1321 1266 1360 judicans„
1291 1320 1462 1351 felicitatem
1487 1320 1517 1350 in
1545 1320 1683 1360 praesenti
1701 1322 1855 1362 voluptate

1009 1365 1042 1394 δε
1067 1364 1216 1394 miseriam
1240 1365 1272 1394 in
1297 1364 1440 1404 praesenti
1460 1362 1564 1393 dolore
1588 1363 1720 1394 collocat
1735 1385 1745 1401 ‚
1768 1365 1856 1405 idque

1010 1407 1098 1437 unice
1113 1405 1235 1437 sectatur
1243 1405 1326 1446 quod
1344 1405 1470 1436 sensibus
1486 1414 1602 1447 gratum
1613 1428 1623 1445 ‚
1635 1406 1663 1436 id
1682 1407 1757 1447 fugit
1773 1409 1855 1448 quod

1011 1449 1169 1479 molestum
1184 1449 1235 1480 est.
1281 1448 1493 1480 Prudentiores
1511 1457 1586 1478 vero
1609 1449 1643 1479 ὃ(
1661 1449 1857 1489 perspicacio-

1011 1501 1074 1529 τες,
1104 1492 1202 1522 levem
1228 1492 1262 1522 ὃ(
1287 1491 1410 1522 brevem
1436 1490 1606 1522 molestiam
1632 1492 1662 1521 in
1686 1491 1773 1523 lucro
1796 1503 1853 1533 po-

1011 1543 1104 1572 nunt,
1127 1534 1147 1565 si
1163 1534 1243 1564 illam
1260 1533 1382 1565 ferendo
1399 1541 1448 1564 aut
1466 1542 1609 1574 magnum
1628 1533 1738 1564 malum
1755 1536 1858 1566 immi·

1013 1586 1086 1607 nens
1105 1577 1210 1615 vitari,
1230 1585 1280 1607 aut
1297 1585 1440 1617 magnum
1456 1575 1576 1616 aliquod
1602 1576 1718 1607 bonum
1743 1580 1857 1619 acquiri

1011 1619 1126 1659 potest:
1143 1627 1254 1650 contra
1268 1619 1384 1650 lucrum
1401 1619 1520 1659 aliquod
1538 1618 1667 1659 praesens
1686 1620 1857 1662 negligunt,

1011 1670 1061 1691 aut
1087 1661 1272 1700 voluptatem
1297 1661 1428 1691 oblatam
1450 1660 1633 1702 aversantur,
1653 1661 1672 1691 fi
1687 1663 1859 1702 praevident

1012 1712 1047 1732 ex
1065 1703 1116 1732 illo
1134 1703 1220 1733 luci-0
1243 1703 1343 1742 ingens
1369 1703 1515 1733 damnum
1540 1703 1574 1733 &
1589 1713 1625 1733 ex
1641 1704 1688 1734 illa
1706 1705 1858 1746 voluptate

1013 1754 1156 1784 magnum
1180 1744 1316 1774 dolorem
1339 1743 1440 1785 postea
1461 1744 1668 1776 enasciturum.
1709 1746 1795 1777 Haec
1815 1748 1858 1779 est

1012 1785 1134 1827 Epicuri
1152 1787 1248 1828 regula
1268 1809 1277 1825 ‚
1306 1796 1395 1827 quam
1413 1795 1513 1817 tamen
1528 1787 1603 1818 ultra
1617 1788 1755 1828 angustos
1772 1790 1859 1830 hujus

1011 1830 1088 1859 vitae
1103 1829 1210 1859 limites
1222 1839 1284 1859 non
1302 1829 1440 1860 extendit.
1462 1829 1610 1869 Discipuli
1628 1830 1747 1862 tandem
1765 1832 1858 1864 Chri-

990 1894 995 1901 .
1012 1870 1048 1901 sti
1063 1872 1166 1902 omnia
1184 1872 1219 1902 ad
1235 1880 1384 1902 aeternam
1401 1873 1478 1902 vitae
1494 1871 1609 1902 alterius
1621 1871 1792 1904 felicitatem
1811 1886 1859 1905 re·

1008 1913 1124 1952 ferunt,
1145 1913 1179 1944 &
1194 1922 1283 1954 prout
1300 1923 1431 1954 quaeque
1448 1923 1491 1943 res
1506 1913 1542 1944 ad
1561 1923 1627 1944 eam
1647 1915 1694 1945 vel
1711 1916 1793 1947 ducit
1812 1918 1860 1949 vel

1008 1956 1046 1985 ab
1060 1965 1095 1986 ea
1109 1955 1232 1986 abducit
1249 1980 1259 1995 ,
1288 1957 1324 1986 ad
1341 1957 1422 1997 suam
1440 1956 1486 1987 vel
1502 1955 1672 1987 felicitatem
1695 1958 1744 1989 vel
1772 1961 1858 1991 mise-

1009 1999 1084 2028 riam
1099 1999 1243 2038 pertinere
1258 1999 1431 2029 arbitramur.
1476 1997 1563 2029 Haec
1589 1999 1630 2029 est
1646 1998 1783 2040 sapientia
1800 2003 1857 2043 spi-

1010 2040 1119 2071 ritualis
1143 2042 1177 2072 ὃς
1200 2041 1354 2080 coelestis,
1376 2051 1451 2082 quae
1472 2041 1692 2082 philosophiam
1714 2043 1800 2083 hujus
1815 2045 1858 2077 sev

1011 2082 1070 2113 culi
1088 2092 1173 2116 tanto
1190 2083 1346 2114 intervallo
1362 2085 1428 2125 post
1445 2082 1472 2113 se
1490 2082 1628 2124 relinquit
1641 2109 1650 2125 ‚
1682 2095 1794 2126 quanto
1811 2089 1858 2129 ip-

1010 2124 1037 2155 sa
1063 2126 1135 2157 haec
1158 2126 1346 2167 philosophia
1367 2125 1449 2167 vulgi
1469 2126 1633 2166 imperitiae
1650 2127 1684 2158 ὃ(
1701 2130 1858 2163 temeritati

1012 2169 1144 2208 praestat.
1189 2169 1282 2200 Aliter
1301 2168 1415 2209 judicat
1437 2168 1552 2208 spiritus
1577 2169 1656 2210 Dei,
1676 2170 1758 2202 aliter
1775 2173 1861 2214 spiri-

1012 2220 1056 2242 tus
1073 2211 1225 2252 hominis,
1243 2212 1322 2247 five,
1334 2219 1366 2242 ut
1383 2212 1523 2251 scriptura
1539 2211 1690 2252 loquitur,
1703 2223 1789 2244 caro:
1807 2218 1859 2256 qui

1012 2255 1093 2284 carni
1109 2255 1174 2286 sunt
1193 2253 1307 2290 miseri,
1328 2254 1439 2294 spiritui
1455 2254 1520 2284 sunt
1542 2255 1636 2295 beati3
1659 2255 1789 2297 spiritui,
1811 2260 1858 2289 in-

1012 2305 1102 2336 quam
1120 2321 1131 2338 ‚
1157 2297 1218 2328 Dei
1234 2321 1243 2336 ‚
1264 2298 1317 2337 qui
1331 2296 1445 2337 spiritus
1463 2297 1592 2328 veritatis
1609 2297 1670 2338 est,
1691 2300 1741 2339 qui
1756 2303 1860 2332 omnia

1011 2340 1117 2370 intime
1134 2339 1308 2382 cognoscit,
1329 2339 1363 2370 &
1379 2338 1540 2380 praesentia
1555 2349 1627 2380 quae
1645 2341 1802 2382 videntur,
1823 2345 1858 2375 &

1012 2382 1110 2413 futura
1136 2393 1210 2421 quae
1233 2393 1297 2413 non
1320 2381 1469 2413 videntur.
1494 2382 1554 2413 vid.
1582 2385 1698 2414 1.Petr.
1723 2385 1778 2416 IV.
1808 2396 1857 2428 14.

1013 2428 1104 2465 ΛΡΜ.
1124 2425 1215 2457 XIV.
1237 2434 1284 2466 13.
1318 2424 1422 2466 Jungo
1442 2424 1529 2465 igitur
1546 2427 1668 2465 μακάριοι
1684 2431 1719 2466 τῷ
1733 2430 1860 2466 πνεύματι

1016 2467 1096 2498 Beati
1121 2469 1186 2499 sunt
1209 2468 1336 2508 spiritui3
1360 2477 1435 2507 quae
1459 2467 1566 2508 phrasis
1589 2468 1690 2499 similis
1714 2469 1756 2500 illi
1781 2473 1858 2510 Virg.

1014 2509 1082 2541 Ecl.
1102 2510 1158 2541 III.
1185 2520 1256 2551 103.
1279 2511 1335 2541 eris
1360 2509 1434 2540 mihi
1457 2519 1580 2551 magnus
1603 2511 1723 2550 Apollo.
1752 2515 1861 2545 Horat.

1015 2552 1073 2593 Ep.
1092 2552 1114 2584 I.
1136 2554 1182 2584 16.
1200 2553 1249 2583 66.
1273 2552 1338 2588 Qui
1356 2560 1488 2583 metuens
1504 2554 1598 2590 vivit,
1620 2553 1693 2584 liber
1706 2555 1782 2585 mihi
1796 2566 1860 2587 non

1014 2598 1070 2625 erit
1087 2604 1217 2636 unquam
1238 2597 1295 2634 56.
1314 2595 1473 2626 Damnum
1495 2595 1538 2625 est
1564 2606 1625 2626 non
1650 2597 1764 2628 facinus
1786 2599 1861 2630 mihi

1014 2637 1102 2678 pasto
1122 2638 1217 2668 lenius
1234 2638 1302 2668 isto,
1319 2637 1417 2678 Epist.
1434 2637 1474 2668 II.
1492 2647 1520 2668 2.
1541 2637 1590 2678 89>
1607 2638 1744 2670 Grachus
1761 2650 1793 2671 ut
1809 2642 1860 2673 hic

1013 2681 1053 2711 illi
1065 2702 1073 2717 ,
1094 2681 1172 2712 foret
1189 2681 1259 2711 huic
1276 2688 1308 2711 ut
1323 2680 1440 2711 Mutius
1454 2680 1511 2710 ille.
1530 2682 1644 2710 Ennius
1660 2682 1768 2714 Annal.
1787 2683 1860 2716 XII.

1011 2723 1148 2755 Hostem
1169 2725 1220 2763 qui
1245 2722 1329 2753 feriet
1352 2724 1427 2753 mihi
1449 2723 1503 2752 erit
1529 2722 1787 2765 Carthaginiensis.
1804 2729 1859 2758 Cic.

1010 2766 1157 2797 Paradox.
1176 2766 1216 2798 V.
1233 2776 1263 2798 2.
1285 2766 1335 2796 An
1352 2765 1398 2796 ille
1416 2765 1489 2795 mihi
1506 2764 1597 2805 liber,
1613 2770 1662 2797 cui
1680 2769 1785 2798 mulier
1801 2770 1862 2800 im—

1015 2810 1118 2849 perat?
1140 2828 1205 2833 —-
1229 2818 1286 2849 ego
1306 2818 1382 2839 vero
1407 2807 1495 2838 istum
1524 2819 1586 2838 non
1609 2809 1701 2840 modo
1724 2810 1860 2849 servum,

1015 2846 1061 2881 led
1082 2850 1293 2892 nequissimum
1311 2851 1427 2882 servum
1448 2848 1655 2890 appellandum
1671 2861 1745 2893 puto
1763 2855 1860 2886 Marc.

1008 2892 1075 2925 XI.
1105 2904 1153 2934 17.
1175 2896 1245 2925 Luc.
1274 2893 1352 2925 XX.
1383 2892 1431 2934 38.
1449 2894 1510 2922 All
1537 2893 1614 2924 XX.
1632 2904 1681 2925 22.
1704 2898 1802 2927 1.C0r.
1820 2897 1861 2928 11.

1007 2946 1067 2975 ⁷14.
1093 2937 1166 2975 Jon.
1191 2936 1245 2967 Ili.
1273 2946 1299 2967 1.
1326 2935 1405 2976 Efizi.
1423 2934 1579 2966 XXVIII.
1599 2947 1628 2966 2.
1647 2938 1736 2968 Ruth.
1752 2937 1792 2968 11.
1812 2949 1861 2971 10.

1010 2984 1129 3010 -1.Sam.
1146 2976 1218 3011 XV.
1239 2989 1283 3020 13.
1300 2979 1377 3018 Jud.
1390 2977 1493 3009 XVII.
1513 2988 1542 3008 2.
1562 2978 1681 3017 Judith.
1698 2978 1788 3011 XIII.
1812 2982 1857 3011 18.

1010 3026 1116 3054 -2.Cor.
1136 3022 1176 3052 X.
1193 3031 1223 3062 4.
1246 3023 1319 3052 Aa.
1336 3021 1406 3053 VII.
1424 3031 1474 3052 20.
1518 3021 1660 3062 Pauperes
1683 3022 1785 3063 spiritu
1809 3032 1860 3054 ve-

1012 3074 1046 3094 ro
1066 3088 1076 3104 ,
1096 3074 1129 3096 ut
1146 3065 1239 3105 vulgo
1260 3065 1350 3096 verba
1367 3063 1572 3102 constituunt,
1592 3074 1736 3104 nusquam
1754 3064 1861 3104 legun-

1007 3115 1077 3146 ‘tur3
1112 3109 1146 3139 ὃ(
1163 3107 1182 3136 si
1202 3109 1263 3137 vim
1280 3108 1444 3139 verborum
1461 3108 1494 3137 &
1512 3106 1677 3146 analogiam
1694 3107 1859 3146 sequimur,

1009 3148 1202 3190 ‘vituperandi
1219 3150 1317 3190 potius
1334 3158 1423 3188 quam
1440 3147 1576 3178 laudandi
1593 3148 1674 3186 sunt,
1693 3157 1765 3178 cum
1782 3151 1861 3178 Bar-

1012 3192 1104 3222 nabas
1130 3191 1186 3230 Ep.
1203 3193 1229 3232 §.
1253 3202 1299 3231 19.
1322 3192 1352 3220 in
1367 3190 1451 3220 laude
1477 3198 1569 3230 ponat
1589 3190 1635 3221 'Ao-n
1651 3192 1735 3222 έιπλές
1752 3192 1787 3231 τῇ
1801 3205 1860 3230 καρ-

1011 3234 1056 3274 δίᾳ
1075 3232 1252 3305 negantia-ios
1267 3238 1303 3271 τῷ
1316 3234 1458 3271 πνεύμονι-ι,
1475 3232 1558 3263 Philo
1573 3240 1647 3263 vero
1663 3231 1699 3262 de
1716 3231 1805 3264 Mose
1815 3233 1858 3264 Τ..

1145 3284 1164 3304 n
1187 3283 1201 3314 3
1832 3285 1863 3306 2.
