1976 3519
129 260 207 302 108
511 247 1506 294 PROLEGOMRNA.

126 342 361 399 Hieronymi
381 338 704 390 emendatiffima,
732 351 847 393 quam
866 350 954 379 ante
974 336 1048 377 hos
1067 349 1190 376 annos
1208 335 1367 390 triginta
1387 347 1569 375 unacum
1581 334 1706 376 Novo
1724 336 1860 377 Testa·

121 415 254 443 mento
273 401 427 440 Graeco
447 396 497 437 ad
519 396 688 450 praelum
712 405 933 449 paraverat,
965 396 1004 432 &
1018 391 1141 432 fratris
1159 390 1240 430 filio
1259 389 1450 430 edendam
1472 391 1639 430 moriens
1658 392 1859 445 reliquerat

125 459 199 499 Vir
229 452 479 509 sagacissi'mus
501 449 730 490 Richardus
754 447 961 501 Bentlejus
981 479 994 498 ,
1032 446 1189 488 tandem
1218 444 1427 499 aliquando
1457 446 1496 484 in
1525 445 1648 485 lucem
1669 446 1858 498 prodiret!

178 511 269 552 Post
288 511 381 550 haec
402 508 532 548 omnia
554 504 780 560 prodierunt
803 503 949 543 Romae
979 505 1044 543 ΑΘ.
1077 514 1195 553 1740.
1223 500 1263 540 in
1291 499 1388 541 folio
1411 500 1453 540 V
1447 499 1617 540 indiciae
1646 500 1861 542 canonica-

125 580 210 607 rum
220 567 511 620 scripturarum
528 560 722 615 Vulgatae
736 559 912 598 Latinae
931 557 1136 607 editionis,
1156 556 1232 609 seu
1253 564 1392 594 vetera
1410 556 1611 607 fiacrorum
1643 554 1861 595 Bibliorum

111 624 344 677 fragmenta
351 619 485 672 juxta
506 616 701 657 Latmum
724 615 929 666 antiquam
948 612 1121 661 Italam,
1141 609 1400 664 duplicemque
1421 608 1460 648 S.
1475 610 1707 662 Hieronymi
1726 620 1862 651 trans·-

123 678 334 726 lationem,
365 675 495 727 Opera
520 670 568 716 &0
586 669 707 721 fludio
724 667 1004 721 ‘JOSEPHI
1029 663 1401 708 BLANCHINI
1429 665 1653 715 Veronensis
1674 697 1685 715 ,
1710 666 1864 718 presby.

126 734 206 774 teri
227 729 550 784 Congregationis
572 726 753 766 Oratorii
777 722 967 773 Romani,
990 721 1131 762 Tomus
1157 722 1332 773 primus,
1362 721 1428 774 qui
1447 721 1598 761 nonnisi
1619 715 1864 776 Prolegonie-

128 803 198 834 na,
226 785 525 832 dissertationes,
557 785 595 820 &
624 778 869 834 quorundum
895 778 1091 818 Codicum
1124 775 1375 816 Charaeteres
1396 775 1572 825 exhibet,
1602 779 1643 814 &
1668 776 1770 817 solus
1796 777 1865 818 ha&

126 846 257 885 &enus
275 841 324 881 ad
344 839 520 880 notitiam
540 835 706 876 nostram
729 834 913 888 pervenit.
944 833 1082 873 Editor
1101 831 1292 885 promittit
1307 831 1374 883 fhx
1395 831 1487 870 alios
1498 830 1674 881 Tomos,
1698 845 1863 886 quorum

126 906 312 955 quartus,
325 894 392 950 qui
411 892 564 949 proprie
585 891 661 930 huc
681 890 866 943 pertinet,
895 887 1164 942 complefft'etur
1175 885 1311 939 plures
1330 888 1533 940 utriusque
1552 884 1725 925 boederis
1745 886 1866 929 libros

116 952 329 1009 secundum
362 948 522 990 Italam*
541 944 784 998 Vefflonem:
816 957 914 998 quos
942 942 970 983 fi
1002 942 1224 982 haberemus
1243 970 1255 990 ,
1284 940 1422 981 certius
1448 940 1618 993 judicare
1653 940 1865 995 possemus,

127 1008 223 1063 quid
241 1007 504 1059 Hieronymus
525 999 807 1049 emendaverit,
838 1002 878 1038 &
899 997 994 1052 quid
1016 996 1302 1037 inemendatum
1331 995 1532 1048 reliquerit.
1563 995 1625 1036 Ur
1652 1008 1778 1037 autem
1808 997 1866 1039 in-

130 1064 402 1116 telligeremus,
415 1054 551 1112 quibus
571 1054 742 1095 subsidiis
761 1053 963 1094 instructus
974 1053 1111 1093 Editor
1121 1051 1170 1091 ad
1187 1064 1286 1104 opus
1308 1050 1520 1101 accesserit,
1539 1050 1716 1093 describit
1738 1052 1866 1106 primo

131 1118 302 1159 Codices
315 1112 511 1155 versionis
526 1110 696 1159 Italicae,
711 1109 1006 1163 Evangeliorum
1025 1108 1217 1162 quinque,
1242 1105 1517 1157 Vercellensem
1537 1105 1718 1160 scriptum
1752 1121 1868 1148 manu

127 1174 165 1215 S.
194 1170 354 1220 Eufhbii
374 1166 555 1222 Episcopi
582 1162 1070 1216 Secu101V.,Perustnum
1091 1161 1227 1202 Seculo
1246 1161 1318 1203 VI.
1346 1160 1600 1215 adscriptum,
1628 1161 1870 1203 Brixianam

129 1232 210 1270 Sec.
231 1221 342 1270 Vl-II.
376 1221 697 1273 VindobonenJem
726 1220 805 1260 Sec.
825 1218 896 1260 VI.
920 1219 1169 1271 Veronensem
1192 1216 1273 1256 Sec.
1293 1215 1342 1256 V.
1372 1216 1507 1270 quibus
1524 1216 1653 1271 jungit
1671 1231 1791 1257 unum
1807 1217 1869 1258 Ee

122 1282 352 1340 pistolarum
372 1277 498 1320 ‘Pauli
527 1276 650 1317 Seculi
671 1275 762 1317 VII.
781 1288 828 1314 ex
851 1273 1091 1314 Bibliotheca
1114 1271 1157 1311 V
1151 1273 1340 1311 aticana:
1369 1272 1436 1325 qui
1452 1272 1654 1324 praecipue
1675 1271 1869 1313 notandus

97 1373 99 1375 ,
130 1339 207 1389 est,
237 1335 343 1392 quod
363 1347 451 1374 cum
469 1331 622 1373 codices
640 1330 936 1384 Evangeliorum
949 1329 1087 1378 ,etiam
1106 1339 1251 1368 veteres
1262 1357 1275 1377 ,
1289 1326 1363 1367 sint
1380 1327 1467 1366 satis
1486 1326 1614 1377 obvii,
1634 1328 1867 1381 reliquorum

132 1394 188 1435 N.
216 1394 269 1434 T.
300 1391 485 1431 librorum
499 1386 727 1440 exemplaria
748 1384 870 1425 multo
890 1384 1007 1424 rarius
1026 1382 1270 1436 reperiantur.
1320 1382 1379 1422 Ex
1401 1382 1581 1422 brevibus
1603 1395 1626 1421 a
1647 1381 1871 1425 Elam-hino

134 1447 331 1504 productis
363 1442 630 1499 speciminibus
660 1440 829 1489 constat,
849 1451 999 1479 autores
1017 1437 1215 1480 Verfionis
1241 1436 1393 1478 Italicae
1414 1441 1451 1476 &
1471 1437 1648 1478 librarios·
1660 1450 1746 1478 tum
1766 1437 1871 1479 ordi-

134 1519 224 1546 nem
246 1502 449 1544 verborum
461 1499 698 1538 Graecorum
718 1509 798 1535 non
820 1494 1088 1542 servaffe,tum
1107 1493 1200 1532 hinc
1219 1491 1311 1532 inde
1333 1491 1521 1545 quaedam
1542 1491 1705 1533 omifisse
1725 1493 1784 1534 vel
1802 1492 1872 1533 ad-

134 1557 290 1608 didisse,
303 1569 400 1612 quae
419 1554 497 1594 fine
516 1551 721 1605 dispendio
740 1548 864 1590 sensus
875 1549 934 1590 vel
958 1547 1080 1588 abesse
1090 1547 1150 1588 vel
1171 1559 1253 1586 non
1272 1545 1394 1587 abesse
1415 1546 1521 1601 poste
1534 1547 1872 1601 putaba‘nhinter-

134 1615 229 1656 dum
256 1627 328 1667 pro
358 1623 455 1651 voce
475 1607 631 1649 obscura
651 1606 870 1653 clariorem,
897 1615 940 1644 ut
959 1602 1145 1657 farinam
1175 1616 1248 1656 pro
1270 1601 1397 1642 tribus
1416 1603 1521 1654 sotis
1540 1602 1784 1653 substituisse,
1813 1604 1873 1644 in*

134 1669 285 1711 terdum
304 1666 420 1708 etiam
441 1665 482 1704 in
502 1661 816 1705 vicinisvocibus
834 1657 1040 1708 aberrasse‚
1066 1669 1109 1698 ut
1129 1656 1288 1711 quando
1314 1671 1388 1711 pro
1404 1655 1554 1709 finibus
1583 1657 1726 1698 habent
1749 1660 1872 1713 regio·-

134 1739 200 1766 nes
231 1721 374 1764 Matth.
402 1718 452 1760 ΙΙ.
486 1721 549 1758 16.
575 1714 856 1757 confundendo
875 1713 945 1765 ὅρια.
963 1716 1002 1752 &
1022 1710 1260 1764 χῶροις..νὶά.
1289 1710 1399 1766 supra
1425 1726 1463 1766 p.
1496 1712 1561 1764 83.

192 1776 371 1820 Secundo
398 1771 574 1814 describit
604 1768 903 1811 duosCodices
922 1767 1155 1816 Bibliorum‚
1174 1765 1310 1806 Caroli
1338 1766 1479 1820 Magni
1505 1766 1604 1820 jussu
1633 1767 1681 1807 ab
1699 1766 1873 1815 Alcu'ina

135 1832 449 1879 emendatorum,
477 1840 642 1882 quorum
664 1825 757 1866 alter
785 1824 825 1863 in
845 1822 1085 1863 Bibliotheca
1104 1820 1371 1871 Vallioellana,
1391 1822 1485 1862 alter
1511 1823 1551 1861 in
1576 1822 1815 1863 Bibliotheca
1837 1823 1874 1865 S»

137 1890 245 1931 Pauli
263 1884 531 1938 extravUrbem
550 1881 724 1922 servatur.
753 1878 879 1933 Qiod
898 1889 1026 1918 autem
1037 1877 1244 1926 existiman,
1264 1877 1431 1930 priorem
1443 1876 1731 1918 Codicem'ess‘e
1749 1879 1872 1932 ipsum

138 1943 293 1987 Alcuini
328 1937 572 1990 εἰυτὸγροιφον,
601 1949 736 1977 vereor
759 1946 802 1974 ut
831 1933 958 1974 multis
984 1932 1176 1986 probetur.
1220 1931 1322 1985 Qiis
1341 1932 1446 1972 enim
1468 1931 1576 1972 facile
1594 1932 1726 1974 credat
1748 1934 1876 1976 Alcuio.

138 1994 231 2042 rium
260 1994 438 2050 scripfiffe
466 1991 675 2046 Prologum
700 1987 956 2043 Epistolarum
984 1987 1243 2026 Canoniorum
1262 2011 1275 2032 ,
1296 1987 1404 2027 :item
1442 1986 1493 2026 ad
1533 1987 1792 2034 Corintheos3
1821 1989 1873 2030 ad

141 2052 363 2102 Galathas,
393 2047 444 2089 ad
465 2045 736 2102 Philipenses,
766 2041 965 2099 Epistolae
984 2041 1034 2082 ad
1054 2041 1271 2095 Colosenses
1291 2040 1341 2082 ad
1361 2041 1670 2095 Tesalonicenfts
1688 2074 1700 2093 ,
1732 2042 1873 2095 Thesbe,

139 2109 344 2159 lonicenfi’s
373 2108 413 2145 &
443 2100 790 2156 Theffalonicenses
810 2129 822 2148 ‚
851 2097 1041 2152 neglectis
1062 2097 1240 2138 omnibus
1265 2095 1595 2152 Orthographiae
1610 2098 1746 2152 regulis
1765 2102 1781 2139 ?
1798 2094 1875 2140 ‘aut

141 2164 311 2207 Alcuino
323 2158 522 2216 prologum
543 2154 732 2210 Epistolis
753 2153 976 2194 Catholicis
986 2154 1143 2192 nomine
1165 2151 1391 2201 Hieronymi
1412 2152 1655 2206 praefixum,
1683 2152 1878 2195 fuiss‘ercm

142 2221 313 2275 gnitum,
343 2228 431 2256 cum
449 2214 488 2254 in
508 2212 611 2252 libris
633 2209 683 2251 de
702 2209 895 2251 Trinitate
910 2207 986 2249 loci
1020 2221 1054 2248 1.
1073 2207 1132 2259 Io,
1155 2206 1205 2247 V.
1224 2219 1260 2258 7.
1288 2206 1430 2247 nullam
1454 2206 1587 2247 secel-it
1612 2209 1876 2252 mentionem?

142 2275 254 2328 Qiin
276 2271 522 2312 vehementer
541 2267 730 2321 suspicor,
749 2275 922 2306 autorem
946 2263 1047 2313 ,illius
1066 2261 1232 2316 Prologif
1245 2261 1352 2303 fuiss‘e
1372 2261 1598 2314 ‘Pacificum
1625 2263 1875 2305 Archidiacm

142 2343 236 2371 num
256 2323 543 2373 Veronensem,
562 2321 629 2377 qui
651 2319 746 2361 vixit
765 2319 830 2360 sub
854 2317 1050 2358 Lothario
1078 2318 1131 2358 im
1161 2329 1332 2364 cratere,
1361 2331 1408 2358 ex
1428 2317 1538 2370 cujus
1556 2317 1876 2362 >Bibliotheca-llll

143 2382 324 2427 Marchio
351 2378 504 2432 Maffei
523 2391 603 2417 com
629 2375 799 2416 lex-iones
819 2372 1031 2425 Caffi'odosi
1056 2372 1116 2428 (se
1156 2403 1167 2423 ‚
1196 2383 1241 2414 ut
1267 2384 1386 2426 puto,
1413 2387 1436 2412 a
1466 2371 1633 2413 Pacifico
1664 2371 1755 2414 hinc
1778 2374 1877 2416 inde

144 2434 413 2493 interpolatas)
442 2432 566 2475 edidit
621 2430 805 2472 lorentiae
827 2430 892 2470 ΑΟ.
927 2440 1046 2481 1721.
1103 2427 1390 2478 Confirmat-ur,
1419 2427 1461 2467 ni
1480 2426 1601 2467 fallor:
1619 2427 1714 2468 haec
1747 2431 1877 2484 conje÷

145 2496 251 2537 &ura
271 2504 352 2534 tum
373 2503 420 2532 ex
442 2489 589 2542 ratione
608 2498 827 2540 temporum
847 2495 998 2525 tum‘ex
1020 2483 1231 2538 Epitaphio
1247 2482 1403 2524 Pacifici
1418 2496 1523 2524 anno
1538 2483 1640 2534 846.
1659 2485 1820 2525 mortui:
1865 2508 1873 2522 ,

148 2566 153 2569 ·
413 2542 720 2586 Archidiaconus
736 2539 893 2595 quiescit
913 2537 977 2579 hic
995 2553 1088 2580 vero
1110 2536 1340 2590 Pacificas,

419 2598 613 2653 Sapientia
632 2597 862 2650 praeclarus,
892 2597 932 2634 &
950 2593 1074 2635 forma
1087 2592 1339 2649 praefulgida.

419 2653 563 2696 Nullus
582 2653 667 2693 talis
685 2651 740 2692 est
758 2651 935 2692 inventus
956 2649 1094 2690 nostris
1114 2649 1154 2689 in
1174 2647 1429 2703 temporibus,

419 2709 544 2762 Qiod
565 2722 635 2749 nec
655 2706 770 2748 ullum
792 2704 973 2746 advenire
991 2717 1162 2759 unquam
1180 2704 1295 2746 talem
1317 2702 1519 2743 credimus.

420 2763 670 2805 Ecclefiarum
691 2760 894 2810 fundator,
921 2771 1128 2801 renovator
1148 2759 1319 2814 optimus
1337 2780 1407 2789 ----

416 2819 559 2861 Nullus
577 2830 745 2871 unquam
764 2814 813 2856 fic
834 2814 976 2870 peritus
993 2815 1033 2854 in
1053 2814 1169 2854 tantis
1185 2812 1374 2867 oper-ibus.

417 2873 495 2915 Bis
514 2881 690 2913 centenos
709 2879 841 2924 terque
858 2870 965 2921 sinos
985 2868 1217 2922 Codicesque
1224 2866 1386 2922 fecerat
1405 2889 1471 2898 ---

364 2950 366 2953 v
421 2929 484 2970 En
505 2927 652 2968 invenit
670 2936 958 2980 argumentum,
987 2928 1028 2965 ὃς
1048 2925 1219 2979 primum
1231 2920 1483 2977 fundaverat

423 2983 596 3037 Gloffam
619 2981 772 3022 Veteris
793 2978 841 3024 ὠ·
863 2977 982 3019 Novi
1003 2977 1263 3032 Testamenti:
1292 2980 1365 3018 &c.
1862 2998 1866 2999 ν

203 3041 385 3095 Denique
401 3039 512 3079 affert
530 3037 718 3078 variantes
737 3035 940 3075 Leffiones
958 3048 1007 3076 ex
1027 3033 1181 3075 Codice
1200 3031 1384 3072 Toletano
1405 3031 1637 3081 Bibliorum‚
1658 3031 1774 3074 literis
1793 3033 1876 3074 Go-

149 3098 263 3141 thicis
283 3096 422 3150 scripto
445 3092 582 3135 Seculo
599 3092 665 3133 X.
683 3091 741 3131 Ex
760 3090 899 3130 eodem
921 3092 1068 3129 Autore
1088 3102 1125 3142 p.
1154 3101 1238 3128 xxx.
1257 3087 1372 3128 etiam
1401 3086 1521 3127 didici
1541 3118 1552 3136 ‚
1581 3087 1774 3128 Codicem
1798 3089 1880 3127 Va-

151 3157 349 3198 ticanum,
370 3149 501 3205 supra,
520 3162 559 3203 p.
582 3160 645 3201 ²3·
675 3144 905 3208 descriptum
924 3170 935 3189 ,
963 3144 1102 3185 habere
1131 3145 1324 3185 Accentus
1338 3157 1363 3184 a
1384 3143 1506 3197 prima
1526 3157 1642 3184 manu
1659 3143 1878 3198 appositos,

148 3221 283 3251 contra
303 3218 420 3262 quam
438 3215 662 3260 putaveram
681 3212 793 3243 initio
813 3213 975 3255 paginae
1003 3211 1074 3252 42.

1801 3252 1840 3293 D
1854 3264 1876 3290 ε
