1976 3519
453 261 1453 310 PROLEGOMENA4
1738 282 1820 321 215

103 352 162 394 nis
179 351 252 392 fint
271 349 430 406 persuasi
443 382 455 402 ,
480 350 651 405 judicare
669 361 796 390 tamen
816 349 987 390 interesse
1006 353 1046 389 &
1063 350 1351 391 existimationis
1364 367 1469 393 meae
1490 355 1526 392 ὅ(
1540 352 1758 406 societatis,
1776 368 1818 397 ut

102 409 162 449 vel
182 407 322 461 scripto
341 406 449 447 edito
470 405 530 446 vel
549 405 650 458 apud
665 406 844 445 Senatum
865 396 1106 444 Basiliensem
1124 419 1186 445 me
1206 406 1308 458 prius
1328 420 1510 461 purgem,
1540 423 1653 462 quam
1682 425 1818 452 munus

101 463 377 504 demandatum
403 461 579 514 auspicer.
621 459 740 500 Redii
768 460 881 514 igitur
902 459 1108 505 Basileam,
1130 459 1311 514 ingressus
1332 462 1430 500 viam
1451 492 1462 511 ‚
1493 476 1608 516 quam
1637 467 1817 518 putabam

97 518 348 560 breviffimam
367 549 378 567 ‚
408 529 504 569 quae
523 527 649 554 tamen
681 514 820 554 artibus
848 517 887 553 &
915 514 1284 567 tergiversationibus
1311 515 1608 558 adversariorum
1639 520 1737 561 fasta
1764 521 1820 562 est

95 572 321 628 longissima„
358 569 552 610 ¹Tandem
571 582 657 609 cum
678 570 845 609 Societas
866 569 1220 609 Remonstrantium
1241 583 1288 609 ex
1318 571 1560 611 testimonico
1581 573 1727 616 senatus
1746 578 1819 616 Ba-

101 628 256 670 filienfis
275 622 533 674 intellexisset,
562 638 624 667 me
643 624 781 664 auditis
810 624 970 677 querelis
999 625 1093 663 meis
1121 637 1276 665 eatenus
1308 625 1517 667 restitutum
1539 627 1613 668 esse
1632 658 1644 678 ,
1675 642 1715 670 ut
1738 646 1818 672 om-

101 697 169 725 nes
189 682 403 723 funstiones
420 679 559 728 sacras,
590 693 687 732 quae
699 679 803 719 verbi
823 679 945 718 divini
969 679 1141 719 ministro
1163 691 1414 733 competunt,
1435 681 1570 722 iterum
1589 696 1817 737 exercerem,

99 734 216 779 literis
235 749 350 776 manu
378 733 561 775 tredecim
581 733 855 788 Delegatorum
883 732 1095 787 subscriptis
1122 734 1331 775 invitarunt
1346 765 1358 785 ‚
1396 746 1438 776 ut
1458 736 1621 778 reditum
1649 739 1698 781 ad
1720 741 1821 794 ipsos

99 793 210 833 omni
226 791 371 844 abjeaa
388 803 494 830 mora
513 800 749 829 maturarem.
806 788 961 830 Disceffi
984 803 1076 843 ergo
1107 789 1248 830 Bafilea
1277 790 1315 831 d.
1345 795 1410 830 26.
1440 791 1541 844 Maji
1568 805 1685 846 1733.
1718 799 1756 835 &
1774 797 1821 836 ab

100 862 149 888 eo
175 858 349 899 tempore
379 845 478 886 inter
498 844 816 884 Remonstranres
843 845 897 884 ita
915 843 993 883 vixi
1014 856 1129 897 atque
1158 845 1209 884 ita
1232 859 1388 885 munere
1413 859 1502 886 meo
1524 846 1675 889 funstus
1707 850 1783 891 sum
1809 886 1819 902 ‚

99 915 142 944 ut
160 902 333 941 omnium
355 903 393 939 δε
411 898 641 954 singulorum
662 898 891 953 propensam
919 913 1008 953 erga
1031 913 1093 939 me
1112 899 1349 940 voluntatem
1380 915 1461 940 non
1491 916 1572 942 uno
1599 904 1821 947 testimonio

96 957 231 998 fuerim
249 966 437 1009 expertus.
462 955 556 995 Hoc
567 952 746 994 Virorum
766 954 1002 1008 optimorum
1024 957 1063 993 &
1083 954 1188 994 nullo
1207 955 1347 996 affestu
1368 961 1488 1009 pravo
1509 958 1819 1012 praepeditorum

96 1011 264 1066 judicio,
295 1024 374 1065 quo
392 1009 538 1050 causam
559 1009 699 1049 vitiam
720 1008 785 1049 sibi
805 1010 926 1063 magis
946 1023 1061 1062 quam
1083 1010 1277 1050 viffiioem
1298 1010 1446 1063 placere
1468 1011 1749 1066 significarunt,
1780 1021 1821 1056 &

97 1082 120 1108 a
137 1066 321 1107 sententia
340 1064 402 1105 Cl.
422 1063 664 1104 Werenfelfii
680 1090 691 1109 ‚
723 1064 829 1117 cujus
851 1064 989 1117 scripta
1015 1065 1145 1118 magni
1164 1064 1374 1116 faciebant,
1402 1066 1443 1105 in
1465 1066 1537 1106 hac
1569 1083 1609 1109 re
1628 1068 1821 1114 discedere

97 1135 178 1162 non
199 1121 283 1162 sunt
304 1119 413 1160 veriti
434 1148 445 1169 ,
474 1117 584 1172 saepe
605 1132 665 1158 me
688 1118 768 1159 sum
796 1118 934 1159 solatus
958 1134 966 1158 :
995 1118 1103 1159 simul
1124 1132 1250 1160 autem
1278 1120 1420 1161 summa
1441 1135 1529 1162 cum
1556 1123 1752 1178 voluptate
1783 1131 1822 1166 ὃ(

97 1177 342 1218 veneratione
362 1174 505 1228 agnovi
523 1173 732 1214 mirabilem
761 1185 875 1227 atque
896 1174 1202 1227 sapientiffimam
1226 1175 1301 1215 Dei
1322 1175 1628 1229 providentiam,
1658 1182 1750 1234 qui,
1781 1194 1822 1223 ut

95 1246 140 1272 ex
161 1230 324 1272 tenebris
346 1229 440 1270 solet
455 1228 579 1269 lucem
592 1228 732 1269 velicere
751 1260 761 1278 ‚
791 1243 853 1269 me
874 1228 1073 1270 hominem
1107 1229 1307 1270 obscurum
1327 1261 1338 1279 ,
1368 1235 1406 1270 ὅ(
1438 1232 1533 1271 nihil
1555 1248 1634 1287 quo
1654 1236 1691 1275 se
1715 1251 1824 1277 com-

89 1285 291 1327 mendaret
312 1284 514 1325 habentem
534 1295 681 1336 praeter
710 1284 810 1324 Asta
831 1283 1127 1339 Theologorum
1144 1314 1156 1334 ,
1188 1285 1260 1325 hac
1289 1285 1366 1338 ipsa
1396 1286 1458 1325 via
1476 1316 1487 1336 ,
1516 1301 1591 1341 qua
1622 1288 1824 1332 adversarii

93 1355 156 1382 me
174 1339 335 1395 perdere
354 1352 469 1394 atque
489 1338 673 1380 infamare
695 1339 894 1391 volebant,
923 1354 985 1380 me
1006 1340 1167 1381 servavit
1189 1343 1229 1379 ὃς
1259 1341 1308 1380 ad
1339 1355 1476 1382 munus
1507 1342 1764 1387 honorificum
1784 1362 1823 1388 e-

90 1407 202 1438 vexit.
263 1429 266 1432 Δ

151 1464 186 1505 3.
213 1449 418 1504 Postquam
449 1460 575 1490 autem
598 1447 781 1490 Basileam
802 1480 813 1499 ,
842 1450 899 1490 uti
926 1449 1006 1490 dixi
1029 1482 1039 1500 ,
1070 1449 1258 1490 rediissem
1276 1485 1286 1501 ‚
1318 1454 1357 1490 δε
1390 1451 1576 1493 Libellum
1614 1454 1821 1509 supplicem

93 1505 132 1548 d.
165 1519 226 1547 22.
255 1506 357 1559 Sept.
393 1516 439 1555 17
448 1517 510 1558 31.
530 1506 696 1546 Senatui
716 1505 964 1545 exhibuissem
991 1505 1156 1560 delegati
1184 1506 1268 1546 sunt
1287 1506 1568 1548 Tredeciinviri
1590 1513 1629 1549 &
1648 1511 1824 1552 Scliolar-

92 1561 187 1602 chae
204 1592 216 1611 ‚
245 1572 287 1601 ut
307 1560 478 1613 querelas
496 1573 598 1600 meas
618 1559 816 1610 audirent,
836 1563 875 1599 &
895 1560 944 1600 ad
967 1560 1146 1602 Senatum
1179 1561 1369 1602 referrent.
1400 1562 1457 1602 Hi
1487 1575 1548 1604 me
1568 1564 1605 1605 d,
1629 1579 1648 1605 2
1661 1579 1691 1611 ς.
1721 1567 1823 1621 Sept.

93 1619 134 1656 &
154 1628 190 1664 9.
213 1615 358 1656 octob.
387 1615 634 1664 audiverunt,
654 1618 705 1654 ¹&
725 1629 822 1669 quae
846 1615 1014 1656 dicerem
1048 1631 1136 1656 veta
1165 1617 1238 1656 esse
1263 1620 1300 1657 ὃ(
1322 1616 1562 1659 evidentibus
1592 1620 1749 1673 probata
1770 1634 1824 1663 te-

92 1671 278 1711 stimoniis
305 1683 441 1710 omnes
469 1669 734 1710 intellexerunt
757 1696 768 1715 ,
798 1669 862 1710 sed
894 1670 1100 1711 consultius
1117 1671 1338 1723 judicarunt
1357 1702 1368 1721 ,
1399 1686 1448 1712 ne
1475 1673 1673 1729 Theologi
1704 1678 1825 1731 magis

93 1726 349 1773 irritarentur,
378 1724 472 1763 duas
490 1723 572 1763 illas
598 1723 716 1776 (quas
736 1724 843 1777 supra
865 1724 1039 1778 Cl.Frey
1057 1726 1331 1777 expendendas
1353 1728 1622 1768 commendavi
1647 1744 1683 1784 p.
1699 1745 1717 1771 2
1732 1732 1821 1785 13.)

95 1780 319 1834 prolixiores
338 1778 563 1819 Relationes
585 1778 723 1831 scripto
743 1778 981 1832 consignatas
1002 1779 1040 1818 in
1063 1793 1178 1819 unam
1198 1780 1410 1820 breviorem
1429 1783 1675 1829 contrahere,
1708 1800 1822 1839 quam

99 1835 148 1876 ad
173 1835 351 1875 Senatum
372 1833 578 1873 retulerunt
601 1833 637 1872 d.
663 1846 695 1883 5.
719 1833 814 1873 Dec.
839 1847 956 1886 1731.
984 1833 1121 1874 addito
1140 1834 1298 1874 consilio
1329 1850 1337 1874 :
1368 1849 1429 1876 me
1450 1835 1579 1889 aliquo
1594 1839 1743 1891 solatio
1771 1842 1826 1881 es-

97 1889 134 1930 se
156 1889 357 1930 levandum
375 1918 386 1937 ,
416 1887 483 1927 fibi
504 1887 640 1928 videri.
691 1888 871 1941 Denique
893 1888 930 1928 d.
955 1901 1016 1928 22.
1047 1892 1087 1927 &
1111 1902 1173 1938 24.
1206 1890 1339 1929 Martii
1368 1903 1487 1942 1732.
1516 1892 1677 1934 Senatus
1705 1897 1824 1948 priori

94 1945 248 1984 decreto
266 1941 412 1984 rescisso
431 1956 492 1982 me
512 1941 994 1997 restituit‚libertatemque
1012 1957 1148 1983 omnes
1169 1942 1383 1984 funffiones
1404 1944 1545 1996 sacraS,
1578 1962 1675 2001 quae
1705 1949 1826 1992 Verbi

89 1999 211 2040 divini
224 1997 402 2039 Ministro
423 1996 883 2050 competunt,exercendi
910 1997 1274 2052 reddidit,eamque
1295 1999 1519 2040 sententiam
1542 2002 1580 2042 d.
1605 2004 1638 2043 8.
1660 2005 1824 2046 O’e'tobr.

93 2058 134 2094 &
160 2058 195 2094 6.
217 2055 311 2095 Dec.
337 2052 467 2093 denuo
487 2051 738 2092 confirmavit.
793 2052 881 2091 Hac
902 2053 1073 2093 libertate
1106 2053 1235 2106 postea
1264 2067 1332 2108 per
1354 2068 1496 2095 annum
1517 2057 1706 2113 integrum
1740 2062 1826 2102 usus

95 2109 256 2163 sexagies
292 2122 339 2149 ex
363 2107 502 2148 eodem
526 2108 726 2162 praecipue
745 2107 918 2163 suggestu
939 2139 950 2158 ‚
980 2108 1083 2149 unde
1106 2108 1276 2149 detrusus
1296 2108 1512 2160 fueram,&
1530 2112 1570 2151 in
1599 2114 1680 2154 aliis
1708 2117 1824 2157 etiam

93 2163 268 2218 Templis
287 2194 298 2214 ,
327 2163 529 2204 Sermones
551 2162 664 2202 habui
684 2193 696 2212 ,
728 2165 767 2201 &
788 2164 822 2203 S.
846 2163 1023 2204 Coenam
1046 2168 1085 2203 &
1115 2164 1354 2217 Baptismum
1386 2166 1655 2209 administravi.
1711 2170 1822 2211 Idem

93 2219 250 2260 Senatus
267 2233 328 2259 me
349 2217 535 2259 Ecclesiae
547 2217 798 2259 Reformatae
809 2219 1121 2273 Argentoratensi
1140 2220 1254 2260 literis
1274 2220 1312 2260 d.
1342 2233 1403 2271 14.
1426 2221 1536 2262 Febr.
1563 2236 1636 2276 173
1649 2238 1680 2277 3.
1712 2225 1827 2281 semp.

94 2277 167 2324 tis,
196 2286 238 2314 ut
262 2288 322 2314 me
351 2274 391 2313 in
422 2273 550 2313 locum
579 2273 750 2313 defunffi
771 2273 934 2314 Pastoris
967 2274 1151 2328 eligerent
1171 2303 1181 2320 ‚
1210 2275 1507 2317 commendavit.
1565 2278 1674 2320 Licet
1695 2293 1823 2322 autem

94 2329 294 2370 adversarii
324 2329 400 2369 mei
427 2329 480 2368 illi
510 2326 679 2368 Decreto
701 2329 860 2368 Senatus
893 2329 1217 2370 vehementissime
1247 2331 1493 2372 reclamarent
1515 2362 1526 2381 ,
1557 2333 1664 2374 aliter
1695 2347 1823 2376 tamen

94 2384 209 2438 longe
229 2385 278 2424 de
298 2398 346 2423 eo
369 2383 478 2424 sensit
497 2381 892 2437 Ecclesia'Tigurina,
914 2385 987 2435 (ad
1007 2399 1121 2438 quam
1143 2387 1257 2426 toties
1288 2388 1569 2440 provocarunt)
1599 2389 1636 2429 d.
1673 2404 1707 2437 ς.
1730 2391 1823 2445 Julii

98 2451 219 2492 1732.
274 2464 307 2488 „v
321 2439 563 2493 Judicamus,
583 2439 911 2491 inquiunt,officii
931 2440 1048 2479 nostri
1065 2439 1158 2489 effe,
1187 2452 1229 2481 ut
1248 2455 1377 2480 coram
1400 2442 1488 2483 Deo
1510 2445 1550 2481 ὃς
1571 2443 1734 2485 Ecclesia
1752 2446 1823 2486 sin-

95 2520 122 2544 ‚‚
150 2508 233 2534 cere
255 2493 486 2534 declaremus
506 2521 517 2539 ‚
548 2507 619 2533 nos
635 2507 708 2533 nec
732 2507 879 2534 novum
901 2509 1058 2535 examen
1080 2526 1092 2545 ,
1124 2510 1193 2535 nec
1225 2496 1474 2536 rescissionem
1501 2511 1564 2537 aut
1594 2499 1824 2541 immutatio-

95 2574 121 2598 ‚‚
150 2563 237 2589 nem
259 2549 413 2589 Decreti
434 2548 661 2602 Amplissimi
680 2548 826 2589 ordinis
847 2553 886 2589 &
907 2551 1136 2604 receptionis
1156 2552 1248 2602 W.‚
1278 2565 1350 2591 nec
1372 2566 1492 2592 novas
1514 2552 1600 2593 lites
1632 2566 1696 2595 aut
1728 2570 1823 2596 eon·

93 2633 119 2653 „
147 2604 392 2644 tradietiones
412 2618 589 2657 quaerere
599 2607 630 2644 ''.

148 2671 186 2709 4.
216 2659 325 2710 Qiin
344 2659 457 2700 etiam
482 2658 530 2698 V.
556 2658 604 2698 V.
633 2657 702 2711 Jo.
721 2657 938 2699 Stoeclinus
964 2659 1096 2700 Pastor
1114 2659 1163 2700 ad
1187 2661 1236 2701 D.
1257 2660 1538 2712 Theodorum,
1568 2664 1635 2717 qui
1661 2665 1763 2717 prius
1783 2670 1823 2706 &

97 2711 163 2753 diu
184 2714 339 2767 quidem
361 2725 485 2767 partes
507 2713 823 2755 Adversariorum
855 2728 1027 2755 meorum
1049 2715 1207 2757 senatus
1230 2713 1371 2766 fuerat,
1402 2717 1487 2770 post
1515 2717 1606 2758 illud
1630 2721 1824 2773 Amplissi-

97 2767 148 2806 mi
168 2768 313 2809 ordinis
324 2769 530 2810 Decretum
550 2770 657 2809 omni
678 2768 768 2810 data
792 2769 1014 2819 occasione,
1044 2770 1174 2824 quoad
1198 2771 1315 2821 vixit,
1329 2785 1389 2810 me
1413 2785 1454 2812 ut
1473 2771 1645 2813 Fratrem
1667 2779 1705 2813 &
1729 2776 1824 2815 Col-

97 2821 217 2874 legam
238 2823 344 2865 suum
361 2825 543 2877 agnovit,
571 2828 610 2864 ὃ(
623 2824 845 2865 testimonio
866 2824 1010 2878 duplici
1031 2837 1113 2866 tum
1130 2825 1316 2866 Ecclesiae
1334 2828 1643 2882 Argentoratensi
1666 2863 1675 2876 ‚
1705 2840 1747 2869 ut
1762 2844 1823 2870 me

98 2875 290 2919 Pastorem
310 2878 415 2920 suum
435 2879 589 2932 eligeret
610 2912 621 2930 ‚
651 2891 733 2920 tum
753 2879 942 2921 Ecclesiae
968 2879 1387 2930 Amstelodamensi,ut
1409 2883 1448 2921 in
1467 2896 1627 2935 numero
1647 2883 1823 2926 Fratrum

101 2928 275 2978 haberet,
301 2934 618 2981 commendavit3
646 2933 753 2989 quod
784 2934 970 2989 posterius
994 2935 1253 2975 testimonium
1286 2938 1351 2976 ΑΟ.
1388 2949 1460 2989 ¹73
1470 2950 1503 2990 3.
1540 2952 1625 2978 cum
1657 2939 1823 2991 pluribus

99 2983 179 3023 aliis
199 2985 414 3038 Pastorum,
433 2988 754 3030 Administtorum
767 3016 777 3035 ‚
808 2993 848 3029 &
863 2989 1176 3044 Presbyterorum
1197 2990 1400 3031 Laicorum
1434 2991 1688 3032 Bafiliensium
1724 2995 1823 3034 testi-

102 3039 242 3079 moniis
261 3040 497 3083 Confistorio
519 3043 704 3085 Ecclesiae
724 3043 973 3085 Reformatae
993 3044 1354 3086 Amstelodamenfis
1376 3048 1521 3099 petenti
1550 3047 1712 3087 exhibui.

158 3106 191 3144 5.
222 3093 326 3135 Cum
340 3096 465 3137 modo
486 3097 549 3138 Cl.
561 3097 796 3152 bVerenfi’lfii
815 3099 1052 3140 mentionem
1072 3100 1225 3141 fecerim
1237 3100 1307 3149 ‚de
1327 3114 1375 3140 eo
1394 3102 1509 3140 etiam
1527 3115 1646 3154 pauca
1664 3101 1747 3141 sunt
1765 3101 1824 3140 di-

100 3148 233 3190 cenda.
287 3150 325 3191 Is
342 3151 496 3204 quidem
516 3151 644 3193 nescio
660 3153 862 3207 quomodo
881 3154 1047 3208 primum
1067 3169 1116 3197 eo
1136 3154 1308 3208 delapsus
1327 3155 1404 3206 est,
1434 3166 1475 3195 ut
1504 3155 1603 3196 inter
1622 3156 1823 3249 acerrimpis

1755 3224 1776 3249 a
1806 3233 1822 3241 η
