1976 3519
440 215 1453 262 PROLEGOMENA.
1777 236 1853 264 121

111 308 138 360 '‚‚'
167 307 217 348 da
248 307 376 349 curavi
386 309 431 356 '³3
460 307 502 348 id
530 305 688 347 minima
715 306 762 345 eit
781 312 889 358 parte
907 300 958 343 ad
975 301 1035 343 N.
1063 301 1115 343 T.
1142 303 1265 358 magis
1284 315 1412 346 autem
1434 304 1485 346 ad
1504 305 1556 350 V.
1584 304 1636 349 T.
1664 308 1855 363 pertinere

111 363 297 406 existimo.
721 383 723 387 ⁴

167 420 375 474 Postquam
408 416 584 458 Erasmus
613 415 654 454 in
685 414 889 469 Belgium,
926 423 1041 468 atque
1070 412 1163 455 inde
1181 413 1223 454 in
1243 414 1427 468 Angliam
1448 416 1520 457 iter
1540 415 1704 468 fecisset,
1734 433 1781 461 ex
1800 433 1852 461 eo

112 474 246 522 itinere
264 474 382 515 redux
398 471 601 513 secundam
621 468 846 510 Editionem
862 469 1105 523 procuravit,
1135 483 1234 523 quae
1251 469 1337 523 ipso
1354 470 1507 512 absente
1524 473 1668 525 prodiit
1682 474 1850 517 Bafileae

111 530 240 571 mense
270 528 416 570 Martio
449 539 521 578 151
530 540 570 576 9.
600 536 643 567 ut
667 524 822 565 Titulus
843 524 1027 578 praefiert:
1056 554 1081 574 „
1111 523 1168 565 N.
1199 524 1250 565 T.
1278 525 1402 566 multo
1425 539 1542 580 quam
1565 540 1654 569 ante
1674 529 1747 570 hac
1766 530 1853 571 dili-

110 612 137 636 ,‚
167 585 317 641 gentius
344 581 606 636 recognitum,
634 579 882 621 emendatum
911 594 956 620 ac
992 579 1216 620 translatum
1226 582 1260 621 ''.
1316 579 1423 622 Inter
1450 581 1581 622 Patres
1600 597 1775 627 numerat
1794 587 1853 626 A-

111 639 344 688 thanafium‚
371 637 696 685 Nazianzenum,
724 634 1089 689 Theophylastum‚
1118 648 1234 688 quem
1251 635 1294 675 in
1313 634 1497 690 superiori
1508 636 1696 679 Editione
1708 639 1853 695 Vulga-

110 697 207 736 rium
235 703 446 734 vocaverat.
499 691 562 732 De
583 705 627 732 ea
655 691 708 731 ita
737 689 951 730 Frobenius
979 688 1031 730 ad
1060 689 1284 731 Lestorem:
1313 716 1342 741 ‚‚
1372 691 1722 744 Qiemadmodum
1745 694 1849 736 hane

106 777 135 801 „
163 748 410 803 posteriorem
442 746 667 787 Editionem
696 744 904 785 accuratius
932 744 1056 785 multo
1083 746 1311 800 recognovit
1331 748 1371 785 ὃ(
1387 746 1580 800 copiosius
1598 748 1848 803 locupletavit

106 836 133 856 ‚,
163 802 355 845 Erasmus:
386 801 437 842 fic
466 804 503 841 &
525 815 598 842 nos
616 814 775 855 operam
795 799 993 850 dedimus,
1023 811 1066 841 ut
1082 799 1300 854 castigatior
1321 803 1362 840 δε
1380 801 1540 842 nitidior
1558 802 1598 843 in
1617 803 1742 844 lucem
1760 818 1852 859 pro-

107 889 133 910 „
162 859 280 907 diret,
311 872 355 897 ac
381 868 568 911 quantum
590 855 641 896 ad
660 869 733 897 nos
751 855 866 896 etiarn
887 855 1046 903 attinet,
1076 855 1244 908 priorem
1263 856 1381 911 longe
1403 856 1585 898 vinceret.
1643 858 1721 899 Sed
1742 861 1848 902 enim

105 945 132 966 ‚‚
162 913 234 955 fuit
252 913 305 953 illi
323 912 392 953 soli
411 911 597 966 quicquid
620 911 760 951 laboris
776 921 856 951 erat
876 909 1202 961 exhauriendum,
1231 910 1461 965 inspiciendi
1473 924 1645 954 veterum
1655 913 1849 970 Interpre-

105 999 133 1021 „
164 980 251 1018 tum
273 968 467 1014 Codices,
495 966 726 1020 exemplaria
756 965 907 1006 Graeca
934 964 1192 1016 conferenda,
1232 966 1457 1008 annotanda
1486 968 1629 1020 multa,
1658 970 1846 1012 mutanda

103 1055 131 1076 „
160 1023 348 1078 quaedam
361 1053 373 1073 ,
397 1021 615 1076 adjicienda
635 1021 839 1076 plurima'’.
894 1022 933 1062 A
955 1020 1075 1074 priori
1095 1020 1280 1062 Editione
1300 1021 1467 1073 recessit,
1495 1022 1626 1064 Millio
1644 1029 1849 1067 numeran-

103 1091 164 1129 te,
193 1079 287 1120 locis
307 1077 607 1132 quadringentis.
664 1077 727 1117 De
746 1075 819 1116 hac
841 1075 1006 1116 secunda
1026 1074 1211 1117 Editione
1232 1077 1285 1117 ita
1306 1076 1434 1119 scribit
1455 1076 1657 1119 Bilibaldo
1677 1080 1847 1123 Basileae

103 1137 171 1174 ΑΟ.
192 1148 205 1173 1
220 1135 309 1183 518.
339 1165 363 1183 ‚,
392 1132 448 1173 N.
479 1132 530 1173 Τ.
559 1131 680 1172 rursus
699 1141 884 1172 novatum
904 1131 1021 1171 exibit
1041 1131 1147 1172 brevi
1168 1131 1254 1173 satis
1269 1131 1528 1184 elaboratum,
1560 1133 1625 1174 sed
1648 1135 1849 1189 aliquanto

102 1219 131 1240 „
159 1189 431 1236 minusetiam,
461 1201 578 1242 quam
596 1187 756 1236 vellem,
783 1186 836 1226 ob
856 1185 1087 1227 valetudinis
1105 1186 1383 1227 adverfitatem.
1423 1188 1496 1242 Ep.
1525 1188 1844 1235 CCCLXXIV.

154 1244 291 1285 Tertia
326 1243 459 1283 Editio
489 1243 543 1283 est
573 1242 681 1283 Anni
706 1255 719 1281 ι
735 1254 828 1291 522.
858 1245 902 1281 In
919 1242 1027 1295 cujus
1043 1242 1236 1296 margine,
1265 1242 1321 1282 uti
1342 1243 1494 1284 notavit
1513 1243 1685 1296 Millius,
1712 1256 1846 1288 extant

100 1298 192 1340 Var.
221 1299 327 1342 Lest.
361 1312 422 1349 19.
451 1312 497 1339 ex
525 1297 669 1339 Aldina
695 1295 929 1351 potissimum
958 1296 1459 1343 desumtae:recedit‚teste
1481 1298 1673 1350 Millio,a
1692 1314 1845 1353 praece-

99 1354 207 1395 denti
239 1355 333 1395 locis
368 1367 383 1393 1
397 1367 410 1392 1
423 1354 458 1394 8.
479 1384 492 1404 ,
529 1366 693 1407 quorum
716 1363 850 1406 quarta
871 1365 958 1405 pars
977 1366 1022 1392 ex
1041 1352 1208 1402 Aldina,
1236 1364 1313 1407 qua
1332 1352 1370 1393 se
1389 1366 1495 1393 nunc
1514 1353 1621 1395 usum
1640 1354 1716 1396 effi:
1736 1356 1845 1398 Eras-

96 1423 182 1507 ἱηῙυε
209 1411 247 1450 in
282 1408 478 1464 Apologia
506 1407 666 1460 fatetur,
695 1405 901 1449 emendata
918 1407 994 1449 est:
1024 1407 1065 1447 in
1087 1407 1161 1448 hac
1180 1409 1348 1462 primum
1367 1407 1554 1451 Editione
1570 1409 1699 1452 locum
1731 1411 1843 1466 1.Jo.

100 1497 102 1499 »
139 1495 148 1504 .
207 1498 215 1506 .
244 1465 407 1507 inseruit.

151 1477 316 1575 Anarta
347 1520 482 1562 Editio
511 1519 686 1575 apparuit
706 1520 771 1562 ΑΟ.
805 1531 824 1560 1
837 1530 926 1572 527.
951 1517 1109 1561 Titulus
1128 1533 1175 1561 ex
1196 1533 1304 1575 parte
1321 1520 1373 1562 ita
1394 1519 1432 1563 se
1452 1519 1588 1564 habet:
1616 1553 1644 1574 „
1666 1520 1842 1578 Joannes

94 1607 122 1628 „
152 1577 362 1618 Frobenius
389 1572 577 1617 Candido
608 1576 764 1617 Leston
781 1575 818 1616 S.
847 1575 898 1616 D.
955 1575 1017 1615 En
1035 1574 1093 1616 N.
1124 1576 1176 1617 T.
1206 1590 1254 1617 ex
1272 1576 1418 1617 Erasmi
1441 1577 1538 1619 Rot.
1571 1580 1838 1633 recognitione

95 1662 122 1684 „
149 1633 228 1687 jam
254 1643 432 1686 quartum
461 1631 619 1681 damus,
647 1630 814 1672 studiose
842 1629 974 1672 leEtor.
1000 1652 1081 1662 ·-·—-
1118 1631 1166 1671 In
1186 1632 1541 1683 Annotationibus‚
1571 1645 1839 1688 praeterquam

94 1714 122 1738 2,
152 1686 258 1742 quod
281 1700 395 1728 autor
415 1688 605 1727 exactiora
621 1685 791 1726 reddidit
809 1686 964 1735 omnia,
994 1698 1176 1739 magnam
1194 1686 1446 1727 acceffionem
1467 1687 1645 1740 adjunxit
1657 1702 1703 1730 ex
1716 1690 1839 1730 Grae-

94 1773 122 1794 „
151 1756 283 1783 corum
304 1739 597 1791 Voluminibus,
625 1753 725 1794 eque
746 1739 999 1781 vetustiffimis
1018 1740 1294 1793 exemplaribus
1314 1740 1481 1792 Latinis,
1523 1756 1622 1796 quae
1643 1757 1765 1797 nuper
1783 1743 1840 1785 est

93 1828 122 1848 „
151 1799 325 1838 na&us'’.
378 1797 424 1836 In
455 1796 527 1836 hac
555 1807 712 1850 quarta,
740 1806 783 1836 ut
811 1793 891 1848 ipse
920 1793 1095 1835 Erasmus
1115 1796 1155 1834 in
1177 1795 1373 1849 Apologia
1396 1795 1555 1847 fatetur,
1586 1798 1737 1852 praesto
1757 1797 1832 1840 fuit

95 1856 136 1893 &
157 1851 420 1907 Hispanienfis
439 1851 560 1892 editio
626 1850 716 1891 Plus
734 1851 877 1891 centies
896 1864 918 1890 a
938 1849 1253 1903 praecedentibus
1275 1850 1522 1892 Editionibus
1543 1852 1709 1905 recedit,
1741 1854 1836 1896 teste

95 1908 248 1958 Minio,
278 1906 518 1962 sequiturque
539 1904 877 1958 Complutensem;
906 1905 946 1945 in
966 1903 1044 1944 sola
1064 1905 1302 1960 Apocalypfi
1320 1906 1516 1960 nonagies.
1820 1961 1825 1962 V

147 1963 310 2017 ¹Qinta
338 1975 458 2016 eaque
484 1960 617 2002 ultima
645 1959 803 2011 Editio,
831 1958 1056 2002 observante
1085 1959 1217 2001 Millio
1230 1989 1244 2011 ,
1273 1960 1424 2002 nonnifi
1443 1972 1608 2017 quatuor
1629 1964 1670 2005 in
1690 1963 1786 2006 locis
1810 1979 1835 2007 a

93 2017 337 2073 praecedenti
354 2016 508 2059 recedit.

145 2073 341 2115 Summam
367 2071 446 2113 fine
472 2071 592 2114 dubio
618 2070 771 2114 laudem
800 2081 965 2113 meretur
993 2071 1194 2123 Erasmus,
1223 2070 1333 2128 quod
1356 2072 1413 2115 N.
1441 2071 1495 2114 T.
1530 2073 1725 2116 Graecum
1756 2076 1835 2130 pri-

94 2143 178 2170 mus
197 2129 298 2184 typis
318 2128 547 2183 publicavit,
577 2127 686 2183 quod
706 2127 868 2181 plurima
888 2127 973 2168 loca
992 2128 1189 2169 illustravit
1197 2148 1226 2179 35-
1238 2127 1348 2183 quod
1365 2129 1462 2170 mira
1481 2128 1683 2184 sagacitate
1705 2134 1744 2170 &
1763 2132 1836 2172 im-

94 2185 218 2239 probo
249 2184 378 2225 labore
407 2184 613 2239 genuinam
643 2184 871 2224 Leffionem
898 2183 1163 2237 investigavit,
1192 2197 1242 2224 ne
1260 2184 1333 2224 alia
1352 2183 1553 2238 adjiciam,
1583 2199 1681 2239 quae
1700 2187 1834 2228 omnia

93 2240 240 2294 prolixe
269 2237 488 2294 praedicare
513 2238 746 2293 superfluum
773 2238 847 2279 esse
877 2249 997 2292 puto,
1028 2242 1068 2278 &
1088 2237 1248 2279 fortaffis
1268 2239 1353 2280 otio
1378 2240 1531 2281 le&oris
1564 2240 1669 2281 abuti
1690 2240 1832 2282 videar.

92 2295 362 2336 Nihilominus
387 2293 492 2335 haud
513 2308 633 2349 pauca
652 2293 757 2344 sunt,
786 2307 884 2348 quae
902 2294 941 2333 in
962 2294 1030 2334 ista
1049 2293 1196 2334 Erasmi
1215 2308 1333 2348 opera
1351 2294 1434 2348 jure
1457 2292 1736 2346 desideramus,
1749 2297 1834 2337 nol·

93 2349 289 2405 lemusque
318 2349 481 2396 fastum,
509 2361 551 2390 ut
586 2349 802 2403 Stephanus
832 2353 871 2389 &
894 2348 998 2390 Beza
1022 2349 1233 2403 omnesque
1254 2349 1455 2400 Editores,
1485 2350 1553 2405 qui
1575 2351 1650 2392 hos
1674 2366 1833 2406 excepe-

93 2418 202 2455 runt,
232 2405 474 2446 autoritatem
494 2404 640 2445 Erasmi
660 2404 838 2445 omnibus
857 2404 895 2444 C
897 2403 1072 2445 odicibus
1086 2404 1201 2445 MSS.
1232 2417 1525 2459 praeponerent.

146 2461 316 2501 Primum
344 2459 454 2514 quod
483 2460 523 2499 in
553 2457 711 2499 Erasmo
739 2460 877 2500 merito
897 2458 1125 2513 reprehendi
1146 2459 1252 2513 posse
1274 2473 1427 2514 putem,
1457 2460 1562 2502 unde
1580 2459 1723 2515 reliqua
1745 2476 1834 2504 om-

94 2516 157 2556 nia
177 2516 462 2570 profluxerunt,
492 2514 590 2555 istud
611 2515 688 2565 est,
717 2514 825 2568 quod
846 2514 959 2554 nimis
975 2514 1194 2555 festinanter
1215 2515 1288 2555 tale
1307 2530 1351 2555 ac
1368 2526 1518 2556 tantum
1539 2518 1738 2569 negotium
1752 2518 1829 2559 sus-

94 2584 247 2626 ceptum
269 2571 429 2627 gesserit.
485 2569 533 2610 Id
556 2570 687 2610 amicis
705 2570 806 2610 ultro
827 2568 938 2610 fass‘us
957 2570 1033 2620 est,
1063 2569 1115 2609 fic
1132 2571 1238 2610 enim
1258 2570 1384 2611 scribit
1407 2570 1543 2610 Ulrico
1564 2570 1680 2624 Zasto
1701 2573 1831 2614 Nono

96 2627 182 2668 Cal.
213 2626 357 2669 octob.
396 2638 515 2675 1515.
544 2623 719 2679 Append.
751 2624 827 2666 XI.
885 2624 992 2665 Huic
1023 2625 1185 2679 pistrino
1212 2624 1262 2665 fic
1288 2625 1369 2666 sum
1400 2625 1533 2666 affixus
1556 2630 1596 2666 ὃς
1616 2627 1830 2681 obligatus,

95 2696 137 2724 ut
167 2683 230 2723 vix
260 2682 382 2723 otium
403 2680 448 2721 sit
471 2680 660 2734 capiendo
679 2680 779 2721 cibo.
835 2679 1078 2734 Adagiorum
1097 2694 1196 2734 opus
1217 2681 1270 2720 ita
1287 2678 1561 2734 locupletatur,
1590 2694 1632 2723 ut
1652 2682 1755 2723 aliud
1773 2684 1830 2724 vi-

92 2737 176 2778 deri
205 2736 330 2792 possit.
383 2738 603 2791 Apparatur
632 2749 724 2776 mox
754 2734 1002 2776 excudendus
1032 2735 1297 2790 Hieronymus
1331 2749 1419 2776 cum
1449 2738 1757 2788 annotamentis,
1785 2741 1828 2778 δε

94 2792 244 2834 scholiis
272 2791 418 2834 nostris.
475 2790 699 2832 Adornatur
727 2791 894 2832 Novum
925 2790 1215 2831 Testamentum
1236 2790 1373 2830 nostris
1392 2803 1597 2845 purgatum
1616 2795 1655 2831 ὃς
1674 2792 1832 2833 illustra-

95 2859 179 2888 tum
206 2848 367 2890 scholiis.
422 2845 559 2887 Editur
579 2860 601 2886 a
620 2846 732 2887 nobis
751 2845 948 2900 recognita
972 2844 1124 2899 Copia;
1152 2845 1287 2886 edetur
1304 2849 1343 2885 ὅ(
1364 2845 1539 2887 fimilium
1561 2846 1663 2886 liber.
1718 2849 1830 2901 Ope-

97 2917 137 2942 ra
157 2917 253 2957 quae
271 2914 457 2944 verteram
478 2916 522 2942 ex
545 2901 752 2942 Plutarcho
768 2901 848 2955 jam
869 2899 1043 2941 formulis
1061 2900 1194 2941 excusa
1213 2900 1308 2942 sunt.
1337 2901 1494 2942 Paratur
1517 2904 1556 2940 &
1578 2902 1722 2943 Seneca
1743 2905 1827 2942 An-

94 2972 212 2999 naeus
230 2973 251 2999 a
270 2972 331 2998 me
351 2957 503 2998 summis
530 2956 720 2997 laboribus
738 2956 978 2997 emaculatus.
1018 2956 1123 2997 Cum
1142 2956 1282 2996 horum
1302 2956 1608 3010 unumquodque
1629 2956 1826 3009 hujusmo-

96 3013 138 3053 di
159 3013 224 3064 s1t,
251 3024 293 3054 ut
314 3023 437 3053 totum
457 3012 678 3062 hominem,
707 3014 747 3052 &
763 3010 922 3065 quidem
941 3024 1023 3052 non
1043 3010 1243 3052 Erasmum
1262 3010 1327 3051 sed
1349 3011 1637 3051 adamantinum
1656 3012 1822 3064 aliquem

94 3067 304 3118 desideret,
332 3066 440 3109 facile
460 3079 572 3122 potes
592 3067 851 3120 conjeEwram
873 3065 1016 3118 facere,
1046 3080 1164 3122 quam
1184 3065 1281 3106 mihi
1299 3065 1395 3105 nihil
1425 3065 1469 3106 fit
1498 3067 1607 3106 vacui
1628 3066 1822 3118 temporis.

151 3122 301 3165 Eidem.
334 3134 454 3175 1515.
489 3121 570 3177 Ep.
598 3121 916 3165 CCLXXXIX.
933 3121 1047 3231 ἆῖοε
1074 3121 1264 3170 laboribus
1293 3119 1577 3176 propemodum
1607 3120 1825 3228 Obrugzngre:
