1976 3519
104 311 184 357 hoc
212 312 364 355 Codice
390 312 498 354 scribi
524 315 644 358 ωβηλ,
673 310 838 359 Cama,
866 320 1032 361 απολως,
1064 325 1136 365 pro
1161 310 1279 361 ωβηὲ,
1318 312 1459 363 eodan,
1492 311 1654 361 mosae.
1685 316 1726 354 &
1754 312 1837 357 lite*

106 384 187 412 ram
217 375 253 408 Δ
284 370 423 410 lineola
452 368 621 408 inferiori
652 366 858 407 transversa
876 366 985 420 saepe
1005 366 1180 415 destitui,
1210 366 1318 420 quod
1341 369 1494 408 Graeco
1515 368 1665 410 homini
1685 370 1835 413 accidi-:⁴

106 440 147 467 re
169 439 248 464 non
271 425 407 478 poruit.
437 422 529 463 Hoc
551 421 646 462 mibi
666 421 937 475 perepistolam
951 434 1103 475 rogatus
1113 421 1355 462 confirmavit
1365 422 1426 462 Cl.
1436 422 1475 461 la
1486 423 1614 463 Croze
1625 427 1692 467 A0.
1710 438 1785 479 173
1799 439 1832 467 1.

109 494 147 526 2·
179 480 335 528 Martii,
364 477 547 531 simulque
573 475 798 530 significavit
830 475 867 516 se
897 475 946 516 ad
969 477 1206 530 objectiones
1224 476 1288 515 D.
1317 476 1495 516 Martini
1519 491 1599 518 non
1619 479 1836 535 respondis·

104 529 165 585 se,
195 534 301 588 quod
317 533 442 573 senem
463 530 722 571 venerandum
741 530 940 572 offendere
959 543 1022 571 aut
1042 531 1110 585 ipsi
1129 545 1240 587 aegre
1260 530 1385 572 facere
1404 531 1590 574 noluisset.

164 603 252 630 111.
281 587 448 627 Codices
477 586 569 626 Vele
583 588 675 625 zani.
735 587 798 626 De
826 587 871 627 iis
898 585 968 638 J0.
998 586 1191 626 Mariana
1221 585 1378 641 praefat.
1410 586 1598 630 Scholior.
1622 590 1662 630 in
1695 590 1751 632 N.
1780 593 1832 634 T.

103 671 131 696 „
161 645 352 684 Graecum
369 641 662 682 Testamentum
675 671 686 691 ,
715 641 862 695 inquit,
891 640 1017 681 nescio
1035 655 1111 695 qua
1131 641 1230 682 sorte
1248 642 1381 682 imitus
1401 656 1527 693 eram,
1559 644 1668 697 quod
1683 646 1835 689 ‘Petrus

104 728 130 751 „
159 698 380 752 Fagiardus
402 696 586 736 Marchio
609 695 654 736 V
647 696 778 745 elefius
796 695 845 736 ad
862 695 979 736 fidem
999 696 1202 748 Sexdecim
1221 696 1456 738 Graecorum
1476 699 1753 752 exemplarium
1773 718 1836 744 ca-

102 782 130 805 „
159 753 330 807 stigavit,
357 764 455 805 quae
476 764 613 805 magna
631 750 828 805 diligentia
858 751 1029 805 undique
1056 750 1241 806 congessit
1259 781 1272 802 ,
1308 765 1434 805 neque
1461 753 1653 807 impensae
1674 769 1833 810 parcens

101 836 129 859 „
157 821 282 861 neque
310 806 451 856 labori,
479 808 548 845 vir
583 807 729 846 Graece
750 805 895 846 dacius.
923 837 932 846 .
961 838 969 846 .
1002 837 1011 846 .
1040 806 1139 846 Illud
1159 818 1259 847 certe
1278 806 1512 849 desideratur
1522 839 1534 858 ,
1564 822 1606 851 ut
1627 813 1741 853 variis
1761 813 1837 854 Le-

99 894 126 915 „
154 862 363 906 itionibus,
393 874 486 915 quas
505 860 555 901 ad
576 861 785 915 marginem
811 861 933 901 minio
947 860 1108 914 adjecit,
1128 861 1362 916 designaret,
1389 877 1436 903 ex
1459 864 1595 917 quibus
1616 864 1833 910 Codicibus

99 949 126 970 ‚,
157 916 318 971 singulas
337 915 514 957 sumsisset
524 920 557 957 ”.
613 916 664 956 Et
691 914 851 957 Praefat.
871 916 911 956 in
934 916 1061 958 Schol.
1092 916 1140 955 ad
1164 917 1379 958 Bellarmin.
1435 948 1462 968 „
1492 917 1570 959 Vix
1591 920 1646 960 est
1665 921 1770 964 locus
1791 925 1834 965 in

99 1001 126 1024 „
153 986 233 1026 quo
264 985 344 1013 non
370 971 583 1012 consonent
612 971 802 1026 margines
829 985 915 1011 cum
937 971 1063 1011 nostra
1087 972 1270 1012 Editione
1289 972 1459 1012 Latina.
1488 977 1632 1016 Verum
1653 989 1700 1017 ex
1724 989 1834 1021 tanta

97 1055 126 1079 „
154 1026 362 1067 concordia
397 1026 517 1067 rursus
544 1026 734 1066 oriebatur
766 1025 947 1080 suspici0‚
987 1040 1074 1066 eum
1097 1028 1136 1066 in
1156 1027 1321 1080 aliquem
1348 1029 1541 1069 Graecum
1561 1029 1755 1073 Codicem
1774 1035 1834 1074 in·

96 1109 124 1134 -,‚
153 1082 282 1123 cidisse
301 1096 347 1123 ex
367 1095 499 1122 eorum
517 1094 700 1131 numero,
730 1082 797 1135 qui
820 1082 905 1134 post
927 1082 1149 1122 Concilium
1176 1082 1442 1124 Florentinum
1463 1084 1512 1124 ad
1534 1084 1653 1126 fidem
1673 1087 1835 1130 Latino-

97 1165 124 1189 ,‚
153 1150 236 1178 rum
267 1137 375 1177 multi
401 1136 486 1178 sunt
504 1136 696 1191 castigati,
726 1139 765 1175 ὃς
786 1138 936 1190 penitus
958 1136 1212 1178 consentiunt.
1270 1137 1366 1178 Eam
1391 1138 1443 1178 ob
1464 1140 1611 1180 causam
1633 1155 1683 1182 eo
1706 1143 1834 1185 Codi-

97 1221 124 1243 „
154 1207 198 1233 ce
217 1204 328 1246 parce
349 1195 386 1231 &
407 1202 516 1232 caute
534 1191 586 1231 usi
608 1191 732 1232 sumus
747 1221 759 1240 ,
793 1205 864 1231 nec
884 1204 1012 1232 tamen
1033 1192 1164 1245 porsus
1185 1192 1383 1246 rejecimus
1395 1196 1426 1234 ''.
1456 1194 1575 1235 Hanc
1596 1193 1736 1238 Velefii
1755 1200 1836 1240 col-

95 1248 277 1289 lationem
301 1247 475 1286 Mariana
507 1245 655 1287 videtur
685 1247 849 1299 primum
879 1247 1174 1288 communicasse
1203 1262 1290 1288 cum
1324 1247 1444 1288 sodali
1465 1245 1531 1290 suo
1552 1250 1760 1293 Ludovico
1781 1254 1832 1296 ab

95 1302 267 1355 Alcasar
297 1301 533 1355 Hispalenfi,
562 1302 627 1355 qui
666 1301 889 1342 Comment.
928 1302 968 1341 in
1000 1302 1261 1357 Apocalypsin
1303 1304 1539 1358 Antverpiae
1576 1309 1694 1358 1614.
1723 1308 1834 1351 edito

95 1370 182 1412 pag.
212 1370 308 1408 422·
337 1357 385 1396 ad
403 1356 453 1398 V.
487 1358 522 1397 8.
582 1384 608 1406 „
638 1356 722 1410 Ipse
742 1369 892 1407 tamen,
924 1358 1073 1409 inquit,
1104 1358 1295 1397 Graecum
1316 1358 1482 1413 aliquem
1501 1359 1638 1401 librum
1651 1363 1749 1414 vidi,
1765 1367 1834 1419 qui

95 1441 122 1464 „
152 1413 228 1453 hoc
248 1413 287 1451 in
300 1410 386 1452 loco
400 1425 479 1452 non
499 1411 591 1466 legit
609 1411 667 1451 ὅτε
681 1409 787 1451 Enoc&
806 1411 871 1452 sed
890 1411 947 1452 ’ὅτε
969 1412 1065 1465 ἤνοιξε
1078 1412 1113 1458 ”,
1126 1412 1268 1453 deinde
1285 1427 1372 1453 cum
1391 1414 1467 1454 alio
1490 1414 1608 1456 sodali
1623 1416 1833 1460 Ludovico

94 1468 140 1508 de
159 1467 200 1507 la
218 1467 366 1518 Cerda,
395 1468 461 1521 qui
486 1480 550 1507 eas
578 1466 703 1507 edidit
734 1467 772 1506 in
797 1467 1031 1507 Adversariis
1053 1468 1161 1508 sacris
1184 1467 1364 1522 Lugduni
1393 1474 1513 1511 1626.
1543 1471 1583 1510 in
1606 1471 1834 1522 folio,haec

94 1521 302 1577 praefatus:
331 1549 358 1573 ,‚
372 1521 490 1562 Dono
510 1521 794 1563 reverentissimi
808 1521 972 1576 Joannis
994 1524 1192 1563 Marianae
1209 1524 1421 1565 esocietate
1434 1525 1560 1566 nostra
1570 1526 1694 1569 habeo
1705 1543 1832 1571 exem-

93 1608 120 1629 „
148 1577 228 1632 plat
258 1577 371 1619 Novi
388 1577 649 1627 Testamenti,
678 1577 719 1616 in
740 1591 820 1631 quo
844 1578 969 1618 variae
986 1578 1169 1619 lec‘tioncs
1191 1579 1274 1619 sunt
1291 1592 1406 1620 manu
1426 1580 1705 1637 transscriptae‚
1735 1599 1831 1639 quas

93 1663 120 1684 ‚,
149 1634 242 1673 item
262 1646 376 1673 manu
394 1634 547 1686 propria
566 1632 768 1674 adnotarat
789 1632 1052 1674 Illustriffimus
1076 1634 1253 1674 Marchio
1277 1634 1449 1675 Velesius
1467 1636 1601 1678 Petrus
1621 1638 1654 1678 F
1656 1640 1831 1692 axardus,

93 1715 122 1739 ,‚
150 1687 248 1729 fafha
277 1688 481 1728 collatione
514 1688 685 1729 Sedecim
715 1688 1010 1742 exemplarium,
1039 1689 1078 1728 in
1109 1689 1245 1742 quibus
1264 1701 1371 1730 erant
1395 1690 1494 1730 0230
1510 1704 1561 1730 ex
1578 1691 1831 1736 Bibliotheca

93 1769 122 1794 ‚,
152 1742 281 1797 Regia
297 1743 398 1788 beati
416 1742 968 1782 Laurentii—Testamentum
992 1743 1033 1782 id
1053 1744 1245 1783 Graecum
1265 1744 1319 1784 est
1340 1747 1380 1783 &
1398 1745 1574 1786 excusum
1587 1778 1597 1796 ‚
1621 1760 1738 1790 notae
1749 1764 1834 1790 om-

95 1828 122 1849 „
151 1811 218 1838 nes
249 1797 420 1838 Graecae
447 1797 539 1836 item
569 1799 609 1835 &
641 1795 929 1849 manuscriptae.
974 1797 1025 1837 Et
1055 1811 1104 1837 eo
1133 1798 1253 1852 magis
1273 1797 1426 1838 adduco
1449 1799 1517 1840 has
1536 1801 1692 1853 Notas,
1720 1802 1831 1858 quod

95 1883 125 1904 „
154 1852 336 1906 plurimae
355 1851 502 1891 illarum
521 1850 674 1891 faveant
690 1851 859 1904 impense
878 1852 1184 1905 interpretationi
1207 1853 1394 1907 Vulgatae
1415 1854 1565 1896 nostrae
1576 1859 1608 1898 ''.
1664 1859 1716 1899 Et
1736 1861 1776 1900 in
1788 1861 1834 1901 fi·-

95 1922 146 1948 ne
176 1907 329 1961 capitis:
357 1937 383 1956 „
403 1905 644 1946 Marchionis
676 1904 817 1946 Velesii
837 1907 1108 1959 explicationes
1130 1907 1280 1947 inutiles
1299 1906 1551 1951 nescientibus
1573 1913 1745 1965 Graece,
1775 1927 1831 1956 at-

94 1991 121 2014 „
150 1962 216 2016 qui
245 1961 444 2002 scientibus
473 1959 683 2001 utiliffimae
703 1958 797 2000 sunt.
850 1961 1003 2014 Magno
1025 1960 1153 2001 labore
1174 1972 1417 2015 comparatae
1436 1963 1521 2006 sunt
1539 1978 1560 2005 a
1580 1969 1664 2007 viro
1686 1969 1832 2023 sapien-

94 2047 122 2068 „
151 2017 309 2062 tiffimo,
339 2019 379 2056 &
398 2014 623 2055 emendatus
643 2013 796 2056 Textus
817 2015 993 2054 Graecus
1013 2015 1069 2055 ad
1085 2030 1257 2055 normam
1279 2018 1442 2071 vulgati
1459 2021 1701 2074 interpretis.
1737 2025 1832 2067 Por—

94 2102 122 2124 „
151 2086 194 2112 ro
212 2071 330 2113 multa
346 2071 451 2120 sunt,
482 2084 579 2125 quae
595 2070 702 2110 nolui
722 2070 1005 2119 transscribere,
1035 2071 1100 2112 sed
1119 2071 1214 2111 haec
1236 2073 1343 2125 parvi
1362 2077 1550 2116 momenti
1560 2078 1593 2117 ’'.

150 2127 214 2168 Ab
243 2141 292 2168 eo
320 2138 494 2180 tempore
524 2126 727 2166 Lectiones
759 2125 849 2166 istae
877 2126 1095 2166 Velesianae
1125 2128 1164 2166 in
1184 2127 1416 2181 Polyglottis
1435 2131 1682 2185 Anglicanis,
1714 2135 1754 2175 in
1775 2136 1832 2177 N.

94 2181 146 2223 T.
177 2182 330 2222 Gallico
349 2181 556 2231 Amelotti‚
584 2181 624 2220 in
647 2180 705 2220 N.
734 2180 786 2222 T.
817 2181 970 2221 Graeco
988 2182 1226 2231 Oxonienfi,
1255 2182 1424 2237 denique
1443 2184 1484 2224 in
1496 2189 1728 2240 Appendice
1740 2190 1831 2232 Mil-

94 2236 194 2278 liana
224 2237 350 2278 locum
382 2237 489 2277 suum
520 2236 777 2277 obtinuerunt.
834 2237 896 2276 De
926 2237 971 2276 iis
1003 2236 1079 2277 hoc
1109 2238 1164 2277 est
1193 2238 1326 2278 Millii
1351 2238 1539 2291 judicium
1574 2243 1675 2283 Prol.
1712 2258 1832 2298 131²·

95 2319 122 2343 „
151 2292 272 2332 Haud
314 2291 558 2333 diffitendum
593 2290 773 2345 quidem,
803 2292 843 2331 in
872 2292 1147 2345 exemplaribus
1175 2292 1279 2346 apud
1308 2294 1468 2335 Latinos
1502 2299 1663 2339 exaratis
1693 2313 1833 2353 paucas

95 2375 123 2399 ,‚
152 2347 336 2401 quasdam
364 2346 414 2387 ad
444 2347 623 2387 Latinum
643 2357 787 2386 textum
806 2348 828 2387 a
847 2347 993 2387 Latinis
1015 2346 1122 2387 fuisse
1142 2347 1248 2388 fictas
1272 2351 1312 2387 &
1335 2348 1525 2391 formatas.
1592 2354 1832 2407 Hujusmodi

95 2432 123 2454 „
152 2402 309 2443 subinde
335 2416 471 2452 unam,
502 2401 677 2451 alteram,
707 2402 856 2442 tertiam
885 2402 1016 2443 videas
1049 2404 1089 2442 in
1106 2403 1177 2443 hac
1203 2402 1399 2456 Wlefiana
1420 2407 1607 2459 συλλογῆ,
1638 2424 1719 2450 non
1738 2412 1833 2455 item

96 2488 124 2509 „
154 2458 310 2507 multas,
339 2457 447 2511 quod
466 2457 591 2511 primo
611 2457 750 2497 intuitu
772 2456 1014 2511 suspicareris.

153 2512 301 2553 Dubito
319 2524 442 2553 autem
456 2546 466 2561 ‚
496 2524 621 2552 utrum
644 2511 832 2552 Mariana
853 2513 972 2554 malae
993 2513 1083 2554 fidei
1105 2528 1152 2554 an
1184 2515 1396 2569 imperitiae
1424 2518 1552 2570 potius
1582 2519 1832 2572 postulandus

99 2568 154 2609 fit.
210 2567 334 2620 Quod
364 2568 389 2607 si
419 2568 522 2608 enim
552 2567 610 2607 vel
633 2567 822 2608 tantillum
843 2569 1011 2608 animum
1032 2570 1269 2620 attendisset,
1299 2570 1409 2611 facile
1430 2573 1689 2626 perspexisset,
1720 2576 1834 2620 Vele-

100 2623 193 2664 sium
212 2637 292 2663 non
313 2622 510 2662 contulisse
530 2621 700 2663 Codices
720 2623 891 2664 Graecos
911 2623 976 2664 sed
998 2625 1180 2674 Latinos,
1211 2640 1374 2679 quorum
1395 2627 1531 2668 Varias
1550 2631 1754 2672 Leffiones
1776 2635 1834 2687 ip·-

98 2678 138 2719 se
158 2678 301 2732 saepius
321 2676 519 2718 infeliciter
537 2678 577 2717 in
598 2678 790 2718 Graecum
808 2679 1020 2728 convertit,
1052 2679 1150 2720 forte
1170 2694 1218 2720 ne
1239 2681 1273 2721 S.
1305 2682 1528 2735 Inquisitio,
1558 2686 1652 2737 quid
1681 2688 1833 2730 molire-

99 2744 181 2784 tur,
210 2733 435 2787 intelligeret
444 2732 666 2787 ,ipsumque
689 2744 870 2787 tanquam
893 2734 1088 2775 haereseos
1105 2735 1315 2788 suspecfffflm
1337 2737 1488 2790 capitali
1505 2739 1835 2796 judicioirnplica-

99 2799 166 2829 ret.
220 2788 344 2837 Quod
374 2800 500 2829 autem
532 2802 613 2828 non
646 2787 817 2828 Graecos
846 2788 910 2829 sed
942 2789 1099 2830 Latinos
1121 2790 1294 2831 Codices
1312 2791 1563 2844 consuluerit,
1594 2797 1720 2847 primo
1740 2798 1834 2839 inde

100 2854 225 2895 patet,
255 2844 344 2897 quia
362 2844 565 2884 Lec'tiones
581 2841 747 2897 profert,
775 2858 873 2897 quae
894 2858 1019 2898 neque
1040 2845 1211 2886 Graecae
1230 2846 1334 2896 sunt,
1364 2861 1488 2901 neque
1507 2850 1545 2888 in
1568 2850 1645 2889 ullo
1664 2866 1834 2903 unquam

101 2898 235 2938 codice
264 2899 416 2938 Graeco
446 2898 662 2940 extiterunt.
690 2913 726 2940 V.
755 2913 809 2953 gr.
840 2899 981 2940 Matth.
1010 2899 1124 2940 XIV.
1157 2913 1191 2952 7.
1223 2898 1440 2950 ὡμολόγησεν
1468 2902 1560 2954 citur}
1581 2903 1711 2955 δοῦναι,
1735 2904 1756 2946 ’ὸ
1777 2906 1833 2947 ἐὰν

101 2949 269 2997 &arsaniae
289 2953 354 3001 ἀφ’
374 2950 497 2994 ‹itm-&iu
527 2954 623 2994 XX.
653 2968 673 2994 2
686 2967 719 2999 ς.
749 2952 1075 3004 προσκαλεσάμενος
1094 2952 1206 2997 ἀυτές
1217 2953 1304 3008 πρὸς
1315 2954 1592 3007 ἑαυτόνχςῆεῗπε.
1621 2960 1753 3001 XXII.
1765 2976 1837 3013 40.

102 3003 132 3044 οἷ
157 3007 333 3056 προφῆται
353 3006 536 3059 κρέμαται.
589 3009 746 3050 XXIII.
780 3022 814 3049 2.
844 3010 986 3050 Μωυσέ.
1047 3011 1225 3053 XXVII.
1253 3025 1320 3062 40.
1350 3009 1419 3052 sal.
1451 3018 1516 3064 65.
1546 3013 1644 3060 μετὰ,
1672 3016 1751 3058 ταῖς
1770 3034 1835 3055 κε-

105 3060 259 3104 crassae.
320 3063 442 3103 Marc.
471 3064 519 3104 II.
555 3077 617 3114 15.
646 3061 699 3114 affl*
727 3061 758 3103 οἷ
787 3059 838 3114 Ul
860 3061 1046 3106 ἦκολέθεεν.
1075 3066 1144 3106 III.
1181 3079 1242 3119 13.
1272 3065 1511 3116 προσεκλήθη.
1540 3069 1611 3110 IV.
1646 3084 1708 3123 35.
1741 3070 1834 3109 ὃιέλ-

104 3114 216 3162 Scopam
245 3114 285 3157 ἒις
309 3114 350 3155 τὸ
381 3117 526 3159 ἐναντίον.
556 3118 626 3160 VI.
661 3132 723 3173 23.
753 3117 913 3163 wicredae
935 3119 1012 3169 ὅτι,
1033 3118 1059 3159 ἃ
1078 3117 1196 3171 λέγει,
1225 3120 1415 3170 γενηθῆτω.
1445 3123 1538 3165 XV.
1573 3137 1636 3176 35.
1668 3141 1746 3166 τινες
1765 3124 1833 3165 τᾶν

104 3170 341 3221 περίτηκότων
360 3171 423 3223 (&
444 3174 534 3214 Luc.
564 3174 657 3215 XII.
690 3173 748 3227 1.)
777 3186 844 3226 47.
875 3176 935 3214 w&
953 3174 1097 3216 τιΘῆται.
1127 3177 1218 3216 Luc.
1249 3177 1296 3216 II.
1330 3189 1394 3229 34.
1425 3178 1548 3225 σημεῖον
1578 3177 1836 3231 ἀντιλεξὸμενον.

104 3223 156 3267 V.
189 3238 249 3277 17.
278 3221 329 3275 zq-ql
350 3223 454 3269 σἰυτόε
478 3225 542 3270 ’ἦτα
567 3226 739 3270 διδάσκων.
770 3242 833 3282 25.
862 3229 921 3273 'siqu
950 3229 1083 3281 κλίνην,
1114 3229 1169 3278 ἐφ’
1199 3228 1226 3280 ᾧ
1251 3230 1460 3279 κατέκειτο,
1493 3231 1599 3272 VIII.
1626 3245 1693 3286 47.
1724 3249 1833 3284 arpocr-

1010 3299 1028 3323 2
1689 3304 1836 3331 πεσεσα.
