1976 3519
390 216 1379 272 PROLEGOMENA.
1717 222 1797 263 195

60 323 100 365 d.
136 333 200 373 17.
229 318 482 373 Septembris,
503 315 565 355 cui
596 311 763 365 denique
783 307 820 349 d.
856 319 917 358 14.
944 304 1128 346 Decemb.
1158 303 1338 357 scriptum
1355 301 1492 342 obtulit
1512 330 1525 352 ,
1563 297 1671 355 quod
1691 311 1794 340 nunc

61 377 190 433 paucis
214 375 522 417 examinabimus.

117 431 214 474 Act.
244 444 282 484 p.
312 428 427 470 XVI.
455 427 611 467 Summa
624 419 776 476 judicii
805 416 922 470 nostri
949 414 1045 456 haec
1076 413 1154 467 est:
1185 409 1376 454 Laborem
1397 410 1509 451 illum
1529 411 1571 451 in
1595 409 1652 453 N.
1684 408 1728 451 T.
1757 424 1796 450 e-

61 485 182 528 dendo
215 495 297 525 tum
329 484 453 524 levem
483 479 531 525 dy»
560 491 635 517 non
664 474 933 526 neceffarium,
962 480 1045 510 tum
1068 467 1324 524 periculosum
1344 465 1426 519 effe.
1480 466 1730 519 ⁸Quapropter
1749 472 1796 505 ut

53 544 323 599 supprimatur
343 539 415 578 hoc
435 548 548 590 opus,
568 534 681 572 enixe
700 528 962 583 efflagitamus
982 537 1240 578 urgemusque.
1299 520 1369 561 Ex
1387 521 1498 560 brevi
1518 520 1591 561 illa
1613 520 1796 561 Diaconi

65 597 124 637 W.
155 597 378 637 narratione
405 591 621 643 colligimus
644 617 656 636 ‚
703 599 735 626 1.
766 585 876 637 Opus
906 579 1010 634 istud
1027 593 1101 619 non
1115 579 1207 628 [olis
1232 577 1400 617 Criticis
1416 605 1428 625 ,
1456 585 1528 615 aut
1547 574 1634 615 illis
1648 577 1796 629 praeci-

56 664 157 707 pue3
175 650 253 704 fid
269 645 440 688 omnibus
461 642 706 697 &fingulis,
737 641 805 694 qui
826 635 1067 683 Testamenta
1091 634 1240 674 Graeco
1258 633 1320 671 uti
1342 630 1484 671 volunt
1497 657 1508 676 ‚
1527 632 1569 670 in
1580 631 1688 682 usum
1698 644 1796 670 com-

65 720 214 748 munem
236 703 512 756 vulgaremque
525 699 718 751 scriptum
736 693 816 746 effe.
845 690 969 733 Unde
987 689 1137 731 Censor
1157 689 1250 728 haec
1273 686 1385 736 sciat,
1415 697 1479 726 aut
1498 685 1593 739 quid
1615 686 1693 725 istis
1712 700 1794 726 ver—

67 764 124 803 bis
152 761 218 802 fibi
238 759 350 807 velit‚
378 756 501 796 fateor
522 767 583 794 me
599 754 786 807 ignorare.
843 745 1011 787 Schedas
1032 758 1134 784 meas
1158 744 1324 797 primum
1343 741 1440 781 mihi
1458 742 1497 780 in
1519 740 1604 781 usus
1627 741 1798 794 privatos

66 816 215 870 scripfi,
246 813 376 867 postea
408 809 558 864 roganti
590 804 852 859 Bibliopolae,
882 814 924 843 ut
945 800 1094 855 publice
1114 799 1264 847 ederet,
1296 795 1445 837 tradere
1465 795 1585 836 volui:
1616 795 1798 837 Lectores

66 872 165 912 mihi
193 868 327 923 optavi
356 866 494 906 dottos
523 867 563 903 &
584 862 664 903 veri
685 871 876 907 amantes,
908 857 949 896 in
970 869 1055 896 mea
1075 868 1167 894 vero
1187 852 1374 907 potestate
1393 864 1474 891 non
1498 850 1569 891 fuit
1590 850 1798 904 impedire,

66 941 147 981 quo
176 926 300 965 minus
321 933 437 963 etiam
466 921 513 960 ab
542 916 709 958 indostis
730 949 741 965 ‚
786 911 982 954 malevolis
1012 913 1052 950 δε
1080 907 1316 963 praejudicio
1341 905 1536 960 occupatis
1568 905 1798 947 viderentur.

67 980 282 1035 Quodnam
312 977 353 1017 in
381 977 459 1016 hoc
485 974 538 1015 est
570 982 771 1027 peccatum
790 969 945 1008 meum?
976 964 1021 1005 Si
1039 966 1081 1004 in
1094 966 1273 1018 gratiam
1293 960 1530 1001 eruditorum
1556 959 1723 1000 laborem
1751 960 1797 1001 il-

66 1037 147 1078 lum
162 1031 412 1089 suscepiffet‚
442 1029 623 1082 debuisset
652 1025 759 1066 edere
790 1023 970 1063 Codicem
987 1019 1107 1062 Alex.
1137 1027 1283 1067 totum,
1306 1016 1407 1068 ficut
1428 1015 1479 1068 est
1483 1016 1685 1069 scriptus,
1713 1030 1799 1056 cum

67 1089 242 1132 omnibus
265 1090 354 1142 suis
386 1087 533 1134 vitiis,
562 1096 646 1122 cum
666 1077 838 1120 omnibus
858 1077 1035 1125 lacunis,
1050 1074 1136 1126 stne
1147 1072 1360 1128 spiritibus
1383 1069 1430 1116 ὠ
1452 1069 1697 1121 accentibus,
1722 1070 1800 1120 fine

67 1144 312 1197 distinctione
331 1140 533 1181 verborum
546 1172 556 1189 ,
587 1135 717 1176 eadem
727 1134 899 1188 st’rvata
919 1131 1144 1171 litterarum
1165 1127 1289 1182 figura
1302 1147 1314 1171 ,-
1345 1134 1428 1166 tum
1448 1126 1596 1165 demum
1618 1126 1795 1166 Criticus

68 1211 192 1242 artem
210 1201 327 1252 fitam
358 1199 400 1236 in
427 1195 496 1235 illo
520 1205 714 1240 exercere,
746 1188 794 1234 ἐφ’
822 1187 1111 1242 observationes
1126 1185 1224 1237 suas
1245 1181 1384 1221 addere
1390 1180 1587 1234 potuiffet.
1643 1181 1726 1222 Cur
1748 1180 1797 1222 V⁴

71 1257 134 1298 Cl.
163 1256 238 1296 hoc
273 1251 469 1293 confilium
491 1262 571 1289 non
591 1246 700 1288 dedit
720 1243 771 1286 V.
798 1244 849 1284 T.
878 1241 1018 1282 editori
1036 1240 1256 1294 Tigurino?
1287 1250 1367 1276 non
1388 1246 1538 1290 poterat
1557 1247 1683 1280 autem
1703 1237 1799 1276 mihi

69 1312 167 1354 vitio
194 1320 360 1353 vertere,
390 1305 497 1360 quod
528 1317 630 1344 nova
659 1301 727 1342 ista
745 1296 976 1346 methodus,
1006 1309 1103 1349 quae
1125 1293 1217 1334 nulli
1238 1306 1405 1345 unquam
1429 1291 1687 1344 cujuscunque
1716 1291 1800 1331 libri

71 1366 209 1409 veteris
236 1363 376 1405 editori
408 1362 448 1401 in
478 1370 646 1399 mentem
678 1365 834 1397 venerat
853 1364 916 1398 aut
934 1351 1093 1405 probata
1113 1348 1254 1397 fuerat,
1282 1361 1352 1387 nec
1374 1345 1469 1386 mihi
1489 1345 1548 1385 vel
1571 1346 1608 1385 in
1632 1357 1800 1386 mentem

72 1420 229 1464 veniflet
251 1419 309 1460 vel
330 1416 489 1472 probata
510 1413 655 1463 fuisset,
686 1410 756 1452 nisi
779 1409 804 1450 si
825 1409 927 1463 prius
946 1403 1284 1453 demonstraverit,
1313 1416 1375 1442 me
1394 1401 1525 1441 omnia
1546 1414 1626 1441 non
1637 1414 1725 1441 meo
1736 1401 1801 1443 sed

71 1477 139 1518 suo
161 1475 340 1517 arbitratu
359 1472 481 1512 facere
500 1468 677 1510 debuisse.

133 1546 168 1574 2.
197 1530 309 1570 Hinc
331 1538 444 1583 porro
474 1523 734 1577 intelligimus
766 1519 931 1561 laborem
964 1516 1035 1571 effe
1069 1517 1268 1557 minimum
1301 1511 1605 1567 leviſjimumque
1638 1510 1687 1557 &⁹
1716 1512 1803 1553 nul-

76 1587 154 1629 lius
178 1586 322 1641 pretii,
351 1584 419 1638 qui
451 1579 599 1621 nullam
618 1576 872 1617 eruditionem
889 1582 960 1614 aut
975 1574 1184 1626 scientiam
1207 1572 1406 1625 requirat,
1435 1581 1551 1623 neque
1572 1581 1712 1621 magna
1729 1568 1804 1608 illa

65 1642 277 1697 praeconia
298 1645 503 1678 mereatur.
561 1634 742 1686 Cognitio
767 1630 1055 1671 Elementorum
1080 1627 1261 1679 Linguae
1281 1626 1475 1673 Graecae,
1505 1635 1581 1677 qua
1601 1622 1671 1661 vel
1695 1623 1804 1664 rudis

75 1694 308 1752 discipulus,
337 1694 405 1748 qui
434 1693 511 1730 vix
533 1688 698 1728 Novum
720 1685 1003 1737 Testamentum
1024 1682 1145 1735 legit,
1176 1680 1345 1719 imbutus
1366 1678 1441 1730 est,
1469 1677 1570 1716 oculi
1589 1680 1722 1728 acuti,
1755 1677 1804 1723 ὠ·

76 1750 268 1802 leviffi'ma
288 1747 496 1802 applicatio
516 1744 638 1783 animi
656 1740 710 1779 ad
726 1740 798 1779 hoc
809 1736 1079 1794 praestandum
1091 1734 1484 1789 quemlibetidoneum
1495 1731 1673 1772 reddunt.
1706 1731 1805 1773 Non

78 1807 153 1861 nisi
179 1805 308 1846 acutis
338 1800 459 1842 oculis
491 1797 538 1843 όν
557 1795 820 1848 intelligentia
842 1790 1060 1844 Alphabeti
1080 1791 1220 1830 Graeci
1243 1799 1333 1841 opus
1355 1786 1425 1839 est,
1455 1795 1500 1825 ut
1521 1789 1609 1841 quis
1630 1786 1804 1841 observet

79 1862 324 1902 variationes
342 1855 464 1898 MSS.
495 1851 677 1893 Codicum
689 1870 702 1895 ,-
734 1858 853 1904 utque
871 1846 965 1900 istas
992 1847 1241 1886 Variationes
1262 1842 1491 1895 testimoniis
1511 1839 1732 1893 confirmet,
1749 1857 1808 1882 eo-

80 1930 165 1958 rum
195 1927 290 1970 quae
318 1911 366 1951 ab
397 1910 490 1950 aliis
506 1908 600 1961 jam
630 1911 868 1945 concervata
888 1910 1006 1955 atque
1027 1899 1188 1939 collecta
1199 1899 1297 1951 ficnt
1317 1897 1533 1936 arbitraria
1554 1896 1808 1951 descriptione

79 1973 236 2012 minimo
252 1966 376 2009 labore
395 1963 493 2018 effici
509 1959 645 2014 potest.
703 1960 798 2001 Hoc
818 1957 872 1998 est
892 1969 1036 1997 novum
1058 1954 1150 1994 illud
1170 1964 1284 2006 atque
1306 1950 1519 1991 inauditum
1540 1952 1686 1991 crimen
1699 1979 1709 1998 ‚
1740 1968 1804 1994 cu-

76 2029 138 2082 jus
157 2039 219 2066 me
237 2021 340 2077 apud
359 2016 640 2073 Ampliffimum
660 2013 837 2056 ordinem
858 2025 963 2052 reum
984 2009 1074 2050 fecit
1096 2008 1145 2047 V.
1175 2008 1235 2048 Cl.
1267 2006 1370 2047 Meis
1391 2005 1512 2045 oculis
1534 2005 1617 2047 usus
1637 2006 1714 2058 fui,
1734 2012 1774 2048 ὃς
1793 2039 1807 2059 ,

82 2095 180 2137 quae
208 2079 400 2125 videram,
423 2075 504 2115 aliis
525 2084 674 2112 narrare
696 2068 823 2118 volui,
844 2067 871 2108 fi
894 2081 962 2121 per
985 2063 1216 2117 Theologum
1237 2060 1619 2103 Extraordinarium
1639 2062 1809 2104 licuisset.

83 2134 195 2191 Qud
216 2148 309 2176 vero
330 2130 547 2172 metuebat?
578 2139 626 2167 an
647 2124 857 2180 periculum
875 2133 977 2172 erat,
1007 2134 1055 2160 ne
1076 2119 1217 2159 sincera
1238 2128 1731 2171 corrumperem,certaque
1751 2118 1809 2158 in-

81 2203 182 2234 certa
203 2189 402 2231 redderem
415 2215 428 2234 ,
457 2195 520 2225 aut
539 2182 667 2237 potius
687 2194 735 2220 ne
756 2178 931 2233 mysteria
956 2176 1138 2230 aperirem
1151 2208 1161 2224 ‚
1191 2177 1230 2212 &
1251 2171 1489 2226 quaedamin
1501 2171 1679 2222 clariore,
1692 2187 1809 2226 quam

82 2247 217 2297 vellet,
248 2245 330 2285 luce
347 2240 600 2282 collocarem?
629 2235 736 2290 atqui
755 2234 892 2276 veritas
912 2246 993 2272 non
1023 2230 1112 2272 odit
1139 2229 1284 2277 lucem,
1315 2231 1355 2266 &
1376 2241 1450 2280 ego
1470 2228 1578 2266 omni
1598 2228 1723 2267 studio
1737 2229 1809 2269 Le-

84 2303 252 2344 &ionem
269 2308 410 2340 certam
432 2292 751 2345 emendatamque
771 2287 1007 2343 quaerebam.
1036 2285 1243 2325 Caeterum
1264 2296 1344 2322 non
1365 2282 1539 2335 assequor
1559 2281 1719 2322 caussam
1730 2298 1810 2333 cur,

84 2372 171 2399 cum
189 2355 239 2396 de
262 2351 495 2395 orthodoxia
514 2362 598 2389 mea
618 2346 729 2387 unice
747 2341 1207 2398 ageretur,ignorantiam
1228 2338 1323 2378 mihi
1344 2338 1501 2391 objiciat
1520 2368 1531 2385 ‚
1572 2337 1641 2378 nifi
1662 2338 1689 2378 si
1710 2338 1811 2379 solos

84 2412 252 2453 eruditos
275 2413 312 2449 &
330 2404 548 2461 ingeniosos
569 2400 811 2443 orthodoxos
827 2397 901 2439 esse
922 2397 1058 2437 statuit.
1088 2394 1213 2434 Miror
1231 2393 1396 2446 denique
1416 2392 1465 2434 V.
1496 2391 1558 2432 Cl.
1572 2406 1652 2432 non
1665 2395 1810 2446 praevi-

85 2467 201 2518 diss'e,
231 2479 291 2506 me
321 2463 370 2503 ad
388 2460 538 2515 objecta
560 2469 686 2499 vetera
707 2453 950 2509 quorundam
974 2450 1261 2491 Monachorum
1283 2447 1559 2488 malevolorum
1580 2459 1693 2501 atque
1704 2448 1812 2502 inep-

85 2535 211 2565 torum
224 2552 236 2569 ,
264 2531 427 2574 quorum
448 2515 560 2557 verba
582 2512 645 2552 sua
667 2510 789 2550 facere
810 2522 890 2548 non
911 2507 965 2548 est
984 2503 1293 2551 veritus,eodem
1306 2504 1386 2542 imo
1407 2502 1564 2543 meliore
1581 2503 1666 2555 jure
1687 2504 1811 2545 verbis

88 2576 387 2618 doffiffimorum
417 2571 640 2616 hominum,
671 2579 768 2620 quae
799 2562 878 2617 ipse
899 2560 1116 2616 suppreffit,
1151 2557 1435 2611 responsurum,
1464 2556 1609 2597 causam
1642 2572 1687 2598 ue
1707 2572 1812 2600 com-

90 2646 243 2673 munem
274 2628 450 2669 facillime
477 2625 690 2669 turturum,
729 2618 959 2670 Hieronymi
989 2631 1023 2657 v.
1052 2629 1106 2671 gr.
1136 2628 1183 2656 ex
1203 2613 1320 2667 Epist.
1351 2611 1407 2651 ad
1424 2611 1586 2652 Suniam
1678 2611 1812 2654 Frete.

89 2687 182 2728 lam.
234 2716 262 2736 „
292 2681 487 2737 Qiaeritis
516 2694 537 2719 a
556 2692 617 2718 me
638 2689 716 2716 rem
736 2675 868 2728 magni
882 2673 1003 2727 operis
1021 2685 1068 2711 ac
1087 2670 1249 2724 majoris
1267 2668 1467 2714 invidiae,
1496 2668 1536 2706 in
1557 2681 1631 2721 qua
1649 2667 1812 2710 scriben-

91 2769 118 2792 ‚‚
146 2743 194 2782 tis
221 2753 301 2780 non
323 2737 518 2792 ingenium
539 2733 604 2774 sed
633 2729 800 2771 eruditio
831 2726 1123 2781 comprobetur,
1154 2735 1219 2774 ut,
1243 2722 1335 2764 dum
1356 2722 1434 2776 ipse
1454 2722 1570 2776 cupio
1589 2722 1639 2763 de
1660 2726 1815 2766 caeteris

94 2827 121 2847 „
149 2796 335 2849 judicare,
352 2788 603 2847 judicandum
633 2799 695 2826 me
715 2784 892 2826 omnibus
912 2782 1134 2837 praebeam,
1164 2781 1268 2819 &c”.
1322 2777 1507 2830 Erasmi,
1528 2776 1619 2816 Vid.
1648 2778 1756 2831 supra
1776 2794 1813 2834 p,

96 2862 163 2901 97.
191 2854 228 2889 &
251 2851 290 2890 in
310 2849 403 2889 Luc.
434 2846 464 2886 I.
493 2845 561 2895 48.
619 2873 644 2893 „
675 2840 826 2882 Rideat
847 2839 914 2892 qui
930 2837 1033 2878 volet
1054 2836 1121 2875 has
1140 2831 1513 2884 Grammatistarum
1533 2834 1817 2886 annotationes,

98 2936 123 2956 ,‚
150 2903 270 2945 modo
300 2902 479 2950 fateatur,
508 2911 641 2952 terque
669 2907 878 2950 quaterque
907 2891 1138 2945 Theologos
1168 2890 1207 2929 in
1230 2888 1290 2928 his
1307 2888 1390 2927 labi.
1445 2886 1665 2928 Tolerabile
1687 2887 1714 2927 fi
1734 2901 1819 2930 tan-

98 2990 125 3010 „
154 2971 234 2999 tum
263 2958 492 3002 laberentur,
523 2953 592 2993 nisi
611 2952 730 3004 lapsui
749 2951 953 3003 jungerent
972 2945 1250 3000 impudentiam
1271 2941 1540 2983 calumniandi.
1568 2964 1632 2973 ----
1660 2946 1818 2995 Quanto

101 3044 128 3064 „
158 3012 288 3053 melius
318 3022 486 3066 ageretur
515 3022 601 3049 cum
630 3005 874 3059 Theologia,
905 3002 953 3053 si,
975 3003 1042 3056 qui
1060 2999 1322 3053 Theologiam
1343 2996 1550 3037 absolutam
1570 2997 1819 3049 profitentur,

101 3099 128 3118 „
157 3083 178 3107 a
201 3066 431 3119 linguacibus
451 3068 490 3103 ὃς
512 3061 792 3103 Grammatistis
813 3059 973 3099 comiter
994 3058 1231 3110 acciperent,
1260 3053 1367 3107 quod
1388 3052 1441 3091 illi
1463 3066 1535 3104 pro
1556 3052 1821 3105 suaqualicun-

102 3149 130 3171 „
157 3134 232 3176 que
250 3121 428 3174 portione
445 3117 646 3160 conferunt
664 3117 703 3157 in
721 3114 912 3157 medium:
939 3115 982 3207 gc
984 3112 1072 3207 billis
1091 3109 1248 3153 viciffim
1266 3109 1328 3149 illa
1338 3107 1551 3148 sublimiora
1560 3108 1734 3160 mysteria
1745 3106 1820 3146 fra-

1038 3180 1059 3206 2
1696 3190 1722 3211 ‚‚
1750 3171 1823 3202 ter-
