<?xml version="1.0" encoding="UTF-8"?>
<!DOCTYPE html PUBLIC "-//W3C//DTD XHTML 1.0 Transitional//EN"
    "http://www.w3.org/TR/xhtml1/DTD/xhtml1-transitional.dtd">
<html xmlns="http://www.w3.org/1999/xhtml" xml:lang="en" lang="en">
 <head>
  <title>
</title>
<meta http-equiv="Content-Type" content="text/html;charset=utf-8" />
  <meta name='ocr-system' content='tesseract 3.04.00' />
  <meta name='ocr-capabilities' content='ocr_page ocr_carea ocr_par ocr_line ocrx_word'/>
</head>
<body>
  <div class='ocr_page' id='page_1' title='image "./hekainediatheken00clem_0498.png"; bbox 0 0 1976 3519; ppageno 0'>
   <div class='ocr_carea' id='block_1_1' title="bbox 93 251 177 303">
    <p class='ocr_par' dir='ltr' id='par_1_1' title="bbox 93 251 177 303">
     <span class='ocr_line' id='line_1_1' title="bbox 93 251 177 303; baseline -0.012 -13"><span class='ocrx_word' id='word_1_1' title='bbox 93 251 177 303; x_wconf 54' lang='lat'>4&amp;</span> 
     </span>
    </p>
   </div>
   <div class='ocr_carea' id='block_1_2' title="bbox 439 228 1274 285">
    <p class='ocr_par' dir='ltr' id='par_1_2' title="bbox 439 228 1274 285">
     <span class='ocr_line' id='line_1_2' title="bbox 439 228 1274 285; baseline -0.006 0"><span class='ocrx_word' id='word_1_2' title='bbox 439 228 1274 285; x_wconf 73' lang='grc' dir='ltr'><strong>ΕΥΑΓΓΕΛῙΟΝ</strong></span> 
     </span>
    </p>
   </div>
   <div class='ocr_carea' id='block_1_3' title="bbox 1649 244 1812 288">
    <p class='ocr_par' dir='ltr' id='par_1_3' title="bbox 1649 244 1812 288">
     <span class='ocr_line' id='line_1_3' title="bbox 1649 244 1812 288; baseline 0.018 -3"><span class='ocrx_word' id='word_1_3' title='bbox 1649 244 1812 288; x_wconf 86' lang='lat' dir='ltr'>XXIII.</span> 
     </span>
    </p>
   </div>
   <div class='ocr_carea' id='block_1_4' title="bbox 96 322 1748 388">
    <p class='ocr_par' dir='ltr' id='par_1_4' title="bbox 96 322 1748 388">
     <span class='ocr_line' id='line_1_4' title="bbox 96 322 1748 388; baseline -0.004 -13"><span class='ocrx_word' id='word_1_4' title='bbox 96 334 200 376; x_wconf 75' lang='grc' dir='ltr'>τοῧτε</span> <span class='ocrx_word' id='word_1_5' title='bbox 215 331 257 374; x_wconf 62' lang='grc' dir='ltr'>τὸ</span> <span class='ocrx_word' id='word_1_6' title='bbox 277 329 433 380; x_wconf 64' lang='grc' dir='ltr'>ἡδύοσμον</span> <span class='ocrx_word' id='word_1_7' title='bbox 452 331 478 381; x_wconf 55' lang='grc' dir='ltr'>χι)</span> <span class='ocrx_word' id='word_1_8' title='bbox 501 324 544 368; x_wconf 60' lang='lat' dir='ltr'>‘rb</span> <span class='ocrx_word' id='word_1_9' title='bbox 570 326 674 376; x_wconf 69' lang='grc' dir='ltr'>ἄνηθον</span> <span class='ocrx_word' id='word_1_10' title='bbox 703 329 729 380; x_wconf 61' lang='lat'>25³9</span> <span class='ocrx_word' id='word_1_11' title='bbox 757 324 800 368; x_wconf 64' lang='grc' dir='ltr'>τὸ</span> <span class='ocrx_word' id='word_1_12' title='bbox 836 326 985 378; x_wconf 79' lang='grc' dir='ltr'>κύμινον,</span> <span class='ocrx_word' id='word_1_13' title='bbox 1015 329 1040 379; x_wconf 61' lang='grc' dir='ltr'>νζ,</span> <span class='ocrx_word' id='word_1_14' title='bbox 1071 325 1236 376; x_wconf 60' lang='lat' dir='ltr'>&amp;cpiam-2</span> <span class='ocrx_word' id='word_1_15' title='bbox 1264 324 1320 366; x_wconf 63' lang='grc' dir='ltr'>τοὶ</span> <span class='ocrx_word' id='word_1_16' title='bbox 1345 324 1518 388; x_wconf 45' lang='grc' dir='ltr'>βαρύ-τέρα.</span> <span class='ocrx_word' id='word_1_17' title='bbox 1544 327 1606 368; x_wconf 70' lang='grc' dir='ltr'>τοῦ</span> <span class='ocrx_word' id='word_1_18' title='bbox 1635 322 1748 382; x_wconf 62' lang='lat' dir='ltr'>vtis-tou,</span> 
     </span>
    </p>
   </div>
   <div class='ocr_carea' id='block_1_5' title="bbox 100 382 610 441">
    <p class='ocr_par' dir='ltr' id='par_1_5' title="bbox 100 382 610 441">
     <span class='ocr_line' id='line_1_5' title="bbox 125 382 606 403; baseline -0.008 0"><span class='ocrx_word' id='word_1_19' title='bbox 125 389 137 403; x_wconf 72' lang='lat' dir='ltr'>x</span> <span class='ocrx_word' id='word_1_20' title='bbox 234 384 243 402; x_wconf 82' lang='grc' dir='ltr'><em>Ι</em></span> <span class='ocrx_word' id='word_1_21' title='bbox 335 388 343 403; x_wconf 64' lang='lat' dir='ltr'>x</span> <span class='ocrx_word' id='word_1_22' title='bbox 406 382 416 401; x_wconf 60' lang='grc' dir='ltr'>ἱ</span> <span class='ocrx_word' id='word_1_23' title='bbox 466 383 482 400; x_wconf 71' lang='grc' dir='ltr'><em>Ἰ</em></span> <span class='ocrx_word' id='word_1_24' title='bbox 599 385 606 399; x_wconf 61' lang='grc' dir='ltr'>κ</span> 
     </span>
     <span class='ocr_line' id='line_1_6' title="bbox 100 393 610 441; baseline -0.018 -11"><span class='ocrx_word' id='word_1_25' title='bbox 100 406 158 432; x_wconf 76' lang='grc' dir='ltr'>την</span> <span class='ocrx_word' id='word_1_26' title='bbox 188 405 290 441; x_wconf 68' lang='lat' dir='ltr'>&gt;egum</span> <span class='ocrx_word' id='word_1_27' title='bbox 322 405 347 438; x_wconf 57' lang='grc' dir='ltr'>ζα,</span> <span class='ocrx_word' id='word_1_28' title='bbox 380 402 434 426; x_wconf 86' lang='grc' dir='ltr'>τον</span> <span class='ocrx_word' id='word_1_29' title='bbox 468 393 554 425; x_wconf 74' lang='grc' dir='ltr'>ελεον</span> <span class='ocrx_word' id='word_1_30' title='bbox 584 401 610 435; x_wconf 66' lang='lat' dir='ltr'>ag</span> 
     </span>
    </p>
   </div>
   <div class='ocr_carea' id='block_1_6' title="bbox 645 381 1753 432">
    <p class='ocr_par' dir='ltr' id='par_1_6' title="bbox 645 381 1753 432">
     <span class='ocr_line' id='line_1_7' title="bbox 645 381 1753 432; baseline 0.001 -8"><span class='ocrx_word' id='word_1_31' title='bbox 645 381 704 426; x_wconf 59' lang='grc' dir='ltr'>τὴν</span> <span class='ocrx_word' id='word_1_32' title='bbox 735 382 856 428; x_wconf 62' lang='lat' dir='ltr'>wiern.</span> <span class='ocrx_word' id='word_1_33' title='bbox 897 383 1028 423; x_wconf 77' lang='grc' dir='ltr'>Τοιῧτα.</span> <span class='ocrx_word' id='word_1_34' title='bbox 1053 381 1112 422; x_wconf 53' lang='grc' dir='ltr'>’ἔθει</span> <span class='ocrx_word' id='word_1_35' title='bbox 1143 381 1284 424; x_wconf 57' lang='lat' dir='ltr'>&amp;offirma</span> <span class='ocrx_word' id='word_1_36' title='bbox 1305 412 1317 431; x_wconf 87' lang='lat'>‚</span> <span class='ocrx_word' id='word_1_37' title='bbox 1363 382 1505 430; x_wconf 66' lang='grc' dir='ltr'>κῷκεινα.</span> <span class='ocrx_word' id='word_1_38' title='bbox 1533 381 1580 428; x_wconf 66' lang='grc' dir='ltr'>μὴ</span> <span class='ocrx_word' id='word_1_39' title='bbox 1610 382 1753 432; x_wconf 76' lang='grc' dir='ltr'>ἀφιέναι.</span> 
     </span>
    </p>
   </div>
   <div class='ocr_carea' id='block_1_7' title="bbox 95 432 1839 495">
    <p class='ocr_par' dir='ltr' id='par_1_7' title="bbox 95 432 1839 495">
     <span class='ocr_line' id='line_1_8' title="bbox 95 432 1839 495; baseline -0.002 -13"><span class='ocrx_word' id='word_1_40' title='bbox 95 439 242 493; x_wconf 57' lang='grc' dir='ltr'>Ὀὃηγοὶ</span> <span class='ocrx_word' id='word_1_41' title='bbox 282 437 442 493; x_wconf 76' lang='grc' dir='ltr'>τυφλοὶ,</span> <span class='ocrx_word' id='word_1_42' title='bbox 483 437 511 480; x_wconf 80' lang='grc' dir='ltr'>οἱ</span> <span class='ocrx_word' id='word_1_43' title='bbox 545 432 767 493; x_wconf 72' lang='grc' dir='ltr'>δίϋλῖζοντες,</span> <span class='ocrx_word' id='word_1_44' title='bbox 786 435 844 479; x_wconf 74' lang='grc' dir='ltr'>τὸν</span> <span class='ocrx_word' id='word_1_45' title='bbox 884 437 1033 479; x_wconf 72' lang='grc' dir='ltr'>κώνωπα</span> <span class='ocrx_word' id='word_1_46' title='bbox 1053 469 1065 489; x_wconf 83' lang='grc'>,</span> <span class='ocrx_word' id='word_1_47' title='bbox 1115 436 1174 481; x_wconf 64' lang='grc' dir='ltr'>τὴν</span> <span class='ocrx_word' id='word_1_48' title='bbox 1215 435 1250 477; x_wconf 66' lang='grc' dir='ltr'>δὲ</span> <span class='ocrx_word' id='word_1_49' title='bbox 1290 434 1452 486; x_wconf 74' lang='grc' dir='ltr'>κάμηλον</span> <span class='ocrx_word' id='word_1_50' title='bbox 1491 437 1752 482; x_wconf 66' lang='grc' dir='ltr'>καταπίνοντες.</span> <span class='ocrx_word' id='word_1_51' title='bbox 1785 454 1839 495; x_wconf 82' lang='lat'>24</span> 
     </span>
    </p>
   </div>
   <div class='ocr_carea' id='block_1_8' title="bbox 143 584 809 630">
    <p class='ocr_par' dir='ltr' id='par_1_8' title="bbox 143 584 809 630">
     <span class='ocr_line' id='line_1_9' title="bbox 143 584 809 630; baseline -0.009 -10"><span class='ocrx_word' id='word_1_52' title='bbox 143 603 187 630; x_wconf 84' lang='lat'>23.</span> <span class='ocrx_word' id='word_1_53' title='bbox 204 587 314 628; x_wconf 55' lang='grc' dir='ltr'>ιἄνηθον]</span> <span class='ocrx_word' id='word_1_54' title='bbox 337 587 402 618; x_wconf 64' lang='grc' dir='ltr'>ἔνθου</span> <span class='ocrx_word' id='word_1_55' title='bbox 418 593 451 620; x_wconf 81' lang='lat' dir='ltr'>L,</span> <span class='ocrx_word' id='word_1_56' title='bbox 558 584 640 615; x_wconf 72' lang='grc' dir='ltr'>ὲίνιθ-οι</span> <span class='ocrx_word' id='word_1_57' title='bbox 661 589 764 626; x_wconf 80' lang='lat' dir='ltr'>Evang.</span> <span class='ocrx_word' id='word_1_58' title='bbox 783 597 809 616; x_wconf 88' lang='lat'>2.</span> 
     </span>
    </p>
   </div>
   <div class='ocr_carea' id='block_1_9' title="bbox 142 628 639 676">
    <p class='ocr_par' dir='ltr' id='par_1_9' title="bbox 142 628 639 676">
     <span class='ocr_line' id='line_1_10' title="bbox 142 628 639 676; baseline -0.006 -18"><span class='ocrx_word' id='word_1_59' title='bbox 142 629 288 676; x_wconf 56' lang='grc' dir='ltr'>βαρξξτιροι]</span> <span class='ocrx_word' id='word_1_60' title='bbox 308 630 388 676; x_wconf 45' lang='grc' dir='ltr'><strong><em>βξρίω</em></strong></span> <span class='ocrx_word' id='word_1_61' title='bbox 407 640 427 658; x_wconf 84' lang='grc' dir='ltr'>ι.</span> <span class='ocrx_word' id='word_1_62' title='bbox 448 628 639 668; x_wconf 74' lang='lat' dir='ltr'>Chryfhstomus.</span> 
     </span>
    </p>
   </div>
   <div class='ocr_carea' id='block_1_10' title="bbox 158 670 166 679">
    <p class='ocr_par' dir='ltr' id='par_1_10' title="bbox 158 670 166 679">
     <span class='ocr_line' id='line_1_11' title="bbox 158 670 166 679; baseline 0 0"><span class='ocrx_word' id='word_1_63' title='bbox 158 670 166 679; x_wconf 64' lang='lat' dir='ltr'>x</span> 
     </span>
    </p>
   </div>
   <div class='ocr_carea' id='block_1_11' title="bbox 1662 491 1756 535">
    <p class='ocr_par' dir='ltr' id='par_1_11' title="bbox 1662 491 1756 535">
     <span class='ocr_line' id='line_1_12' title="bbox 1662 491 1756 535; baseline 0.032 -3"><span class='ocrx_word' id='word_1_64' title='bbox 1662 491 1756 535; x_wconf 70' lang='grc' dir='ltr'>Οὐαὶ</span> 
     </span>
    </p>
   </div>
   <div class='ocr_carea' id='block_1_12' title="bbox 141 625 1843 705">
    <p class='ocr_par' dir='ltr' id='par_1_12' title="bbox 141 625 1843 705">
     <span class='ocr_line' id='line_1_13' title="bbox 141 625 1843 705; baseline -0.003 -11"><span class='ocrx_word' id='word_1_65' title='bbox 141 681 180 696; x_wconf 66' lang='grc' dir='ltr'>τον</span> <span class='ocrx_word' id='word_1_66' title='bbox 195 669 272 704; x_wconf 60' lang='lat' dir='ltr'>sanor]</span> <span class='ocrx_word' id='word_1_67' title='bbox 293 666 322 694; x_wconf 69' lang='grc' dir='ltr'>τὶ</span> <span class='ocrx_word' id='word_1_68' title='bbox 334 673 398 697; x_wconf 58' lang='lat' dir='ltr'>eam</span> <span class='ocrx_word' id='word_1_69' title='bbox 414 670 467 696; x_wconf 74' lang='lat' dir='ltr'>DL</span> <span class='ocrx_word' id='word_1_70' title='bbox 485 677 529 705; x_wconf 85' lang='lat'>33.</span> <span class='ocrx_word' id='word_1_71' title='bbox 548 666 637 704; x_wconf 79' lang='lat' dir='ltr'>cyrill.</span> <span class='ocrx_word' id='word_1_72' title='bbox 656 666 684 693; x_wconf 87' lang='lat' dir='ltr'>in</span> <span class='ocrx_word' id='word_1_73' title='bbox 700 664 768 701; x_wconf 84' lang='lat' dir='ltr'>Esaj.</span> <span class='ocrx_word' id='word_1_74' title='bbox 784 675 811 702; x_wconf 87' lang='lat' dir='ltr'>p.</span> <span class='ocrx_word' id='word_1_75' title='bbox 829 667 874 693; x_wconf 84' lang='lat'>26.</span> <span class='ocrx_word' id='word_1_76' title='bbox 888 666 935 694; x_wconf 87' lang='lat'>62.</span> <span class='ocrx_word' id='word_1_77' title='bbox 948 625 1131 702; x_wconf 29' lang='lat' dir='ltr'>32:553).ss</span> <span class='ocrx_word' id='word_1_78' title='bbox 1147 625 1234 691; x_wconf 49' lang='lat' dir='ltr'>{affl</span> <span class='ocrx_word' id='word_1_79' title='bbox 1249 662 1314 698; x_wconf 86' lang='lat'>758.</span> <span class='ocrx_word' id='word_1_80' title='bbox 1327 661 1449 700; x_wconf 81' lang='lat' dir='ltr'>Epiphan.</span> <span class='ocrx_word' id='word_1_81' title='bbox 1470 664 1507 691; x_wconf 77' lang='lat' dir='ltr'>H.</span> <span class='ocrx_word' id='word_1_82' title='bbox 1522 673 1570 700; x_wconf 87' lang='lat'>42.</span> <span class='ocrx_word' id='word_1_83' title='bbox 1588 664 1770 702; x_wconf 71' lang='lat' dir='ltr'>Chrysbstomus</span> <span class='ocrx_word' id='word_1_84' title='bbox 1779 666 1843 696; x_wconf 68' lang='lat' dir='ltr'>MS,</span> 
     </span>
    </p>
   </div>
   <div class='ocr_carea' id='block_1_13' title="bbox 142 702 1840 746">
    <p class='ocr_par' dir='ltr' id='par_1_13' title="bbox 142 702 1840 746">
     <span class='ocr_line' id='line_1_14' title="bbox 142 702 1840 746; baseline -0.002 -15"><span class='ocrx_word' id='word_1_85' title='bbox 142 706 257 746; x_wconf 56' lang='grc' dir='ltr'>ταῦτα]</span> <span class='ocrx_word' id='word_1_86' title='bbox 273 709 310 740; x_wconf 66' lang='grc' dir='ltr'>-Ι-</span> <span class='ocrx_word' id='word_1_87' title='bbox 329 703 354 734; x_wconf 62' lang='grc' dir='ltr'>δὲ</span> <span class='ocrx_word' id='word_1_88' title='bbox 368 707 468 735; x_wconf 75' lang='lat' dir='ltr'><strong>CKM,</strong></span> <span class='ocrx_word' id='word_1_89' title='bbox 491 715 535 743; x_wconf 77' lang='lat'>33,</span> <span class='ocrx_word' id='word_1_90' title='bbox 553 714 600 741; x_wconf 87' lang='lat'>42.</span> <span class='ocrx_word' id='word_1_91' title='bbox 614 705 660 740; x_wconf 88' lang='lat'>63.</span> <span class='ocrx_word' id='word_1_92' title='bbox 681 713 728 740; x_wconf 88' lang='lat'>71.</span> <span class='ocrx_word' id='word_1_93' title='bbox 747 713 793 739; x_wconf 85' lang='lat'>72.</span> <span class='ocrx_word' id='word_1_94' title='bbox 812 702 858 732; x_wconf 88' lang='lat'>86.</span> <span class='ocrx_word' id='word_1_95' title='bbox 879 712 926 739; x_wconf 89' lang='lat'>9¹·</span> <span class='ocrx_word' id='word_1_96' title='bbox 947 706 1049 740; x_wconf 79' lang='lat' dir='ltr'>Evang.</span> <span class='ocrx_word' id='word_1_97' title='bbox 1072 712 1114 730; x_wconf 88' lang='lat'>21.</span> <span class='ocrx_word' id='word_1_98' title='bbox 1136 711 1180 728; x_wconf 84' lang='lat'>22.</span> <span class='ocrx_word' id='word_1_99' title='bbox 1210 711 1253 737; x_wconf 85' lang='lat'>24.</span> <span class='ocrx_word' id='word_1_100' title='bbox 1281 702 1376 729; x_wconf 78' lang='lat' dir='ltr'>Versio</span> <span class='ocrx_word' id='word_1_101' title='bbox 1391 709 1455 734; x_wconf 79' lang='lat' dir='ltr'>Syra</span> <span class='ocrx_word' id='word_1_102' title='bbox 1475 709 1604 740; x_wconf 80' lang='lat' dir='ltr'>utraque,</span> <span class='ocrx_word' id='word_1_103' title='bbox 1630 703 1750 732; x_wconf 86' lang='lat' dir='ltr'>Codices</span> <span class='ocrx_word' id='word_1_104' title='bbox 1764 708 1840 734; x_wconf 61' lang='lat' dir='ltr'>Lati-</span> 
     </span>
    </p>
   </div>
   <div class='ocr_carea' id='block_1_14' title="bbox 109 747 606 819">
    <p class='ocr_par' dir='ltr' id='par_1_14' title="bbox 109 747 606 819">
     <span class='ocr_line' id='line_1_15' title="bbox 109 747 606 780; baseline -0.008 -5"><span class='ocrx_word' id='word_1_105' title='bbox 109 749 149 777; x_wconf 76' lang='lat' dir='ltr'>ni,</span> <span class='ocrx_word' id='word_1_106' title='bbox 169 748 214 775; x_wconf 78' lang='lat' dir='ltr'>ori</span> <span class='ocrx_word' id='word_1_107' title='bbox 231 757 282 776; x_wconf 80' lang='lat' dir='ltr'>enes</span> <span class='ocrx_word' id='word_1_108' title='bbox 299 747 337 773; x_wconf 85' lang='lat' dir='ltr'>H.</span> <span class='ocrx_word' id='word_1_109' title='bbox 356 754 401 780; x_wconf 86' lang='lat'>25.</span> <span class='ocrx_word' id='word_1_110' title='bbox 417 747 543 774; x_wconf 82' lang='lat' dir='ltr'>Antonius</span> <span class='ocrx_word' id='word_1_111' title='bbox 559 752 606 779; x_wconf 86' lang='lat'>59.</span> 
     </span>
     <span class='ocr_line' id='line_1_16' title="bbox 140 755 528 819; baseline -0.01 -8"><span class='ocrx_word' id='word_1_112' title='bbox 140 755 308 819; x_wconf 65' lang='grc' dir='ltr'>δὶῦλίὲοντες]</span> <span class='ocrx_word' id='word_1_113' title='bbox 329 780 480 819; x_wconf 66' lang='grc' dir='ltr'>δὶὶἱλίξοντοιι</span> <span class='ocrx_word' id='word_1_114' title='bbox 494 785 528 811; x_wconf 76' lang='lat' dir='ltr'>C.</span> 
     </span>
    </p>
   </div>
   <div class='ocr_carea' id='block_1_15' title="bbox 146 816 872 859">
    <p class='ocr_par' dir='ltr' id='par_1_15' title="bbox 146 816 872 859">
     <span class='ocr_line' id='line_1_17' title="bbox 146 816 872 859; baseline -0.004 -9"><span class='ocrx_word' id='word_1_115' title='bbox 146 833 193 859; x_wconf 85' lang='lat'>²5·</span> <span class='ocrx_word' id='word_1_116' title='bbox 210 820 296 855; x_wconf 65' lang='grc' dir='ltr'>’ἔξωθεν</span> <span class='ocrx_word' id='word_1_117' title='bbox 337 816 380 854; x_wconf 68' lang='grc' dir='ltr'>’ἔξω</span> <span class='ocrx_word' id='word_1_118' title='bbox 402 824 437 849; x_wconf 91' lang='lat' dir='ltr'>D.</span> <span class='ocrx_word' id='word_1_119' title='bbox 456 821 568 851; x_wconf 84' lang='lat' dir='ltr'><em>Clemens</em></span> <span class='ocrx_word' id='word_1_120' title='bbox 590 818 739 847; x_wconf 76' lang='lat' dir='ltr'>Pacd.111.</span> <span class='ocrx_word' id='word_1_121' title='bbox 759 829 787 856; x_wconf 83' lang='lat' dir='ltr'>p.</span> <span class='ocrx_word' id='word_1_122' title='bbox 809 820 872 847; x_wconf 82' lang='lat'>282.</span> 
     </span>
    </p>
   </div>
   <div class='ocr_carea' id='block_1_16' title="bbox 990 738 1473 777">
    <p class='ocr_par' dir='ltr' id='par_1_16' title="bbox 990 738 1473 777">
     <span class='ocr_line' id='line_1_18' title="bbox 990 738 1473 777; baseline -0.004 -9"><span class='ocrx_word' id='word_1_123' title='bbox 990 751 1034 776; x_wconf 77' lang='lat'>24.</span> <span class='ocrx_word' id='word_1_124' title='bbox 1052 738 1097 777; x_wconf 77' lang='grc' dir='ltr'>οἱ]</span> <span class='ocrx_word' id='word_1_125' title='bbox 1119 754 1169 760; x_wconf 88' lang='grc'>-·</span> <span class='ocrx_word' id='word_1_126' title='bbox 1190 740 1226 766; x_wconf 89' lang='lat' dir='ltr'>D.</span> <span class='ocrx_word' id='word_1_127' title='bbox 1244 751 1258 767; x_wconf 90' lang='lat' dir='ltr'>a</span> <span class='ocrx_word' id='word_1_128' title='bbox 1276 740 1362 777; x_wconf 76' lang='lat' dir='ltr'>prima</span> <span class='ocrx_word' id='word_1_129' title='bbox 1380 748 1473 768; x_wconf 84' lang='lat' dir='ltr'>mauu.</span> 
     </span>
    </p>
   </div>
   <div class='ocr_carea' id='block_1_17' title="bbox 986 773 1822 816">
    <p class='ocr_par' dir='ltr' id='par_1_17' title="bbox 986 773 1822 816">
     <span class='ocr_line' id='line_1_19' title="bbox 986 773 1822 816; baseline 0.006 -11"><span class='ocrx_word' id='word_1_130' title='bbox 986 778 1024 807; x_wconf 54' lang='grc' dir='ltr'>τὴν</span> <span class='ocrx_word' id='word_1_131' title='bbox 1039 775 1080 816; x_wconf 59' lang='grc' dir='ltr'>δὲ]</span> <span class='ocrx_word' id='word_1_132' title='bbox 1101 778 1124 815; x_wconf 71' lang='lat'>²33</span> <span class='ocrx_word' id='word_1_133' title='bbox 1141 773 1179 806; x_wconf 62' lang='grc' dir='ltr'>τὲν</span> <span class='ocrx_word' id='word_1_134' title='bbox 1194 777 1276 807; x_wconf 88' lang='lat' dir='ltr'>Colb.</span> <span class='ocrx_word' id='word_1_135' title='bbox 1291 788 1370 806; x_wconf 87' lang='lat' dir='ltr'>unus.</span> <span class='ocrx_word' id='word_1_136' title='bbox 1432 776 1485 813; x_wconf 60' lang='grc' dir='ltr'>τὴν]</span> <span class='ocrx_word' id='word_1_137' title='bbox 1507 775 1547 804; x_wconf 71' lang='grc' dir='ltr'>τὶν</span> <span class='ocrx_word' id='word_1_138' title='bbox 1568 779 1658 808; x_wconf 85' lang='lat' dir='ltr'>Editio</span> <span class='ocrx_word' id='word_1_139' title='bbox 1673 781 1822 810; x_wconf 78' lang='lat' dir='ltr'>curcellaei.</span> 
     </span>
    </p>
   </div>
   <div class='ocr_carea' id='block_1_18' title="bbox 142 821 1794 935">
    <p class='ocr_par' dir='ltr' id='par_1_18' title="bbox 142 821 1794 935">
     <span class='ocr_line' id='line_1_20' title="bbox 142 821 1794 898; baseline 0 -13"><span class='ocrx_word' id='word_1_140' title='bbox 142 821 327 898; x_wconf 41' lang='grc' dir='ltr'>παροψίῶὓῆ</span> <span class='ocrx_word' id='word_1_141' title='bbox 344 862 381 892; x_wconf 77' lang='lat' dir='ltr'>·&#39;i-</span> <span class='ocrx_word' id='word_1_142' title='bbox 397 857 546 888; x_wconf 55' lang='lat' dir='ltr'>ffatim&amp;</span> <span class='ocrx_word' id='word_1_143' title='bbox 565 859 607 886; x_wconf 84' lang='lat' dir='ltr'>M.</span> <span class='ocrx_word' id='word_1_144' title='bbox 625 869 653 894; x_wconf 81' lang='lat'>4.</span> <span class='ocrx_word' id='word_1_145' title='bbox 676 868 717 885; x_wconf 90' lang='lat'>12.</span> <span class='ocrx_word' id='word_1_146' title='bbox 737 868 783 893; x_wconf 88' lang='lat'>42.</span> <span class='ocrx_word' id='word_1_147' title='bbox 803 860 849 886; x_wconf 86' lang='lat'>61.</span> <span class='ocrx_word' id='word_1_148' title='bbox 867 868 913 893; x_wconf 89' lang='lat'>70.</span> <span class='ocrx_word' id='word_1_149' title='bbox 934 866 976 892; x_wconf 90' lang='lat'>72·</span> <span class='ocrx_word' id='word_1_150' title='bbox 996 856 1087 884; x_wconf 86' lang='lat' dir='ltr'>Editio</span> <span class='ocrx_word' id='word_1_151' title='bbox 1105 855 1226 885; x_wconf 78' lang='lat' dir='ltr'>Colinaei.</span> <span class='ocrx_word' id='word_1_152' title='bbox 1244 854 1339 883; x_wconf 83' lang='lat' dir='ltr'>Veriio</span> <span class='ocrx_word' id='word_1_153' title='bbox 1354 859 1417 894; x_wconf 79' lang='lat' dir='ltr'>Syra</span> <span class='ocrx_word' id='word_1_154' title='bbox 1432 855 1565 893; x_wconf 83' lang='lat' dir='ltr'>posterior</span> <span class='ocrx_word' id='word_1_155' title='bbox 1581 866 1646 885; x_wconf 89' lang='lat' dir='ltr'>cum</span> <span class='ocrx_word' id='word_1_156' title='bbox 1662 857 1794 887; x_wconf 85' lang='lat' dir='ltr'>asterisco.</span> 
     </span>
     <span class='ocr_line' id='line_1_21' title="bbox 143 896 1043 935; baseline -0.003 -9"><span class='ocrx_word' id='word_1_157' title='bbox 143 900 192 935; x_wconf 66' lang='grc' dir='ltr'>ἐξ]</span> <span class='ocrx_word' id='word_1_158' title='bbox 215 900 348 927; x_wconf 84' lang='lat' dir='ltr'>-CD.</span> <span class='ocrx_word' id='word_1_159' title='bbox 373 900 414 925; x_wconf 82' lang='lat'>16.</span> <span class='ocrx_word' id='word_1_160' title='bbox 435 907 478 934; x_wconf 80' lang='lat'>37.</span> <span class='ocrx_word' id='word_1_161' title='bbox 499 899 543 933; x_wconf 92' lang='lat'>56.</span> <span class='ocrx_word' id='word_1_162' title='bbox 565 896 611 924; x_wconf 84' lang='lat'>68.</span> <span class='ocrx_word' id='word_1_163' title='bbox 632 906 677 931; x_wconf 85' lang='lat'>9¹·</span> <span class='ocrx_word' id='word_1_164' title='bbox 698 897 802 934; x_wconf 82' lang='lat' dir='ltr'>Evang.</span> <span class='ocrx_word' id='word_1_165' title='bbox 820 905 846 932; x_wconf 83' lang='lat'>3.</span> <span class='ocrx_word' id='word_1_166' title='bbox 869 905 911 931; x_wconf 87' lang='lat'>15.</span> <span class='ocrx_word' id='word_1_167' title='bbox 933 905 977 923; x_wconf 82' lang='lat'>21.</span> <span class='ocrx_word' id='word_1_168' title='bbox 999 904 1043 931; x_wconf 83' lang='lat'>24.</span> 
     </span>
    </p>
   </div>
   <div class='ocr_carea' id='block_1_19' title="bbox 145 936 623 974">
    <p class='ocr_par' dir='ltr' id='par_1_19' title="bbox 145 936 623 974">
     <span class='ocr_line' id='line_1_22' title="bbox 145 936 623 974; baseline -0.004 -10"><span class='ocrx_word' id='word_1_169' title='bbox 145 938 170 972; x_wconf 68' lang='grc' dir='ltr'>ἐξ</span> <span class='ocrx_word' id='word_1_170' title='bbox 190 936 325 974; x_wconf 60' lang='grc' dir='ltr'>ἁρπαγῆς]</span> <span class='ocrx_word' id='word_1_171' title='bbox 347 936 484 972; x_wconf 70' lang='grc' dir='ltr'>ὶξοιρποιγὶῗς</span> <span class='ocrx_word' id='word_1_172' title='bbox 508 945 534 972; x_wconf 82' lang='lat'>3.</span> <span class='ocrx_word' id='word_1_173' title='bbox 550 936 577 962; x_wconf 89' lang='lat'>6.</span> <span class='ocrx_word' id='word_1_174' title='bbox 598 944 623 970; x_wconf 90' lang='lat'>7.</span> 
     </span>
    </p>
   </div>
   <div class='ocr_carea' id='block_1_20' title="bbox 101 1009 970 3255">
    <p class='ocr_par' dir='ltr' id='par_1_20' title="bbox 101 1009 970 3255">
     <span class='ocr_line' id='line_1_23' title="bbox 112 1009 952 1048; baseline -0.004 -5"><span class='ocrx_word' id='word_1_175' title='bbox 112 1027 149 1044; x_wconf 72' lang='lat' dir='ltr'>vx.</span> <span class='ocrx_word' id='word_1_176' title='bbox 169 1012 279 1045; x_wconf 73' lang='lat' dir='ltr'>Pollux.</span> <span class='ocrx_word' id='word_1_177' title='bbox 301 1011 371 1044; x_wconf 81' lang='lat' dir='ltr'>VII.</span> <span class='ocrx_word' id='word_1_178' title='bbox 393 1012 445 1042; x_wconf 88' lang='grc'>66.</span> <span class='ocrx_word' id='word_1_179' title='bbox 468 1010 551 1048; x_wconf 65' lang='grc' dir='ltr'>ἵιλεξις</span> <span class='ocrx_word' id='word_1_180' title='bbox 567 1015 586 1041; x_wconf 81' lang='grc' dir='ltr'>ἐν</span> <span class='ocrx_word' id='word_1_181' title='bbox 604 1010 697 1046; x_wconf 71' lang='grc' dir='ltr'>Λέβητι</span> <span class='ocrx_word' id='word_1_182' title='bbox 794 1009 890 1046; x_wconf 60' lang='grc' dir='ltr'>ἄνηθον,</span> <span class='ocrx_word' id='word_1_183' title='bbox 908 1014 952 1041; x_wconf 65' lang='lat'>‚22-</span> 
     </span>
     <span class='ocr_line' id='line_1_24' title="bbox 114 1051 955 1095; baseline -0.005 -9"><span class='ocrx_word' id='word_1_184' title='bbox 114 1071 148 1086; x_wconf 83' lang='grc' dir='ltr'>πυ</span> <span class='ocrx_word' id='word_1_185' title='bbox 155 1080 163 1091; x_wconf 89' lang='lat'><em>‚</em></span> <span class='ocrx_word' id='word_1_186' title='bbox 185 1074 247 1080; x_wconf 86' lang='lat'>-—-</span> <span class='ocrx_word' id='word_1_187' title='bbox 270 1055 379 1095; x_wconf 64' lang='grc' dir='ltr'>κορίαννον</span> <span class='ocrx_word' id='word_1_188' title='bbox 398 1053 453 1083; x_wconf 60' lang='grc' dir='ltr'>αῖον</span> <span class='ocrx_word' id='word_1_189' title='bbox 467 1077 475 1088; x_wconf 85' lang='grc'><strong><em>,</em></strong></span> <span class='ocrx_word' id='word_1_190' title='bbox 505 1056 561 1093; x_wconf 70' lang='grc' dir='ltr'>ρ’ἔν,</span> <span class='ocrx_word' id='word_1_191' title='bbox 583 1058 694 1091; x_wconf 64' lang='grc' dir='ltr'>κύμινον,</span> <span class='ocrx_word' id='word_1_192' title='bbox 715 1051 852 1093; x_wconf 61' lang='grc' dir='ltr'>κάππαριν,</span> <span class='ocrx_word' id='word_1_193' title='bbox 872 1053 955 1093; x_wconf 63' lang='grc' dir='ltr'><strong><em>ὀρίγα-</em></strong></span> 
     </span>
     <span class='ocr_line' id='line_1_25' title="bbox 111 1095 955 1138; baseline -0.004 -9"><span class='ocrx_word' id='word_1_194' title='bbox 111 1113 151 1129; x_wconf 75' lang='grc' dir='ltr'>νον.</span> <span class='ocrx_word' id='word_1_195' title='bbox 172 1097 311 1138; x_wconf 84' lang='lat' dir='ltr'>Apulejus</span> <span class='ocrx_word' id='word_1_196' title='bbox 330 1096 367 1127; x_wconf 92' lang='lat' dir='ltr'>de</span> <span class='ocrx_word' id='word_1_197' title='bbox 390 1096 548 1128; x_wconf 86' lang='lat' dir='ltr'>virtutibus</span> <span class='ocrx_word' id='word_1_198' title='bbox 574 1095 744 1126; x_wconf 79' lang='lat' dir='ltr'>Herbarum</span> <span class='ocrx_word' id='word_1_199' title='bbox 767 1105 795 1126; x_wconf 88' lang='lat' dir='ltr'>c.</span> <span class='ocrx_word' id='word_1_200' title='bbox 825 1104 893 1125; x_wconf 90' lang='lat'>120.</span> <span class='ocrx_word' id='word_1_201' title='bbox 919 1095 955 1126; x_wconf 89' lang='lat' dir='ltr'>de</span> 
     </span>
     <span class='ocr_line' id='line_1_26' title="bbox 113 1136 956 1177; baseline -0.004 -6"><span class='ocrx_word' id='word_1_202' title='bbox 113 1140 250 1172; x_wconf 86' lang='lat' dir='ltr'>Mentha.</span> <span class='ocrx_word' id='word_1_203' title='bbox 272 1140 399 1177; x_wconf 53' lang='grc' dir='ltr'>ἡδᾶἰοο-μως</span> <span class='ocrx_word' id='word_1_204' title='bbox 424 1137 549 1169; x_wconf 88' lang='lat' dir='ltr'>Graecis</span> <span class='ocrx_word' id='word_1_205' title='bbox 571 1157 636 1162; x_wconf 90' lang='lat'>—</span> <span class='ocrx_word' id='word_1_206' title='bbox 662 1136 788 1168; x_wconf 86' lang='lat' dir='ltr'>nascitur</span> <span class='ocrx_word' id='word_1_207' title='bbox 816 1138 845 1167; x_wconf 92' lang='lat' dir='ltr'>in</span> <span class='ocrx_word' id='word_1_208' title='bbox 862 1137 956 1168; x_wconf 88' lang='lat' dir='ltr'>hortis</span> 
     </span>
     <span class='ocr_line' id='line_1_27' title="bbox 109 1179 955 1218; baseline -0.007 -3"><span class='ocrx_word' id='word_1_209' title='bbox 109 1193 210 1214; x_wconf 79' lang='lat' dir='ltr'>——c.</span> <span class='ocrx_word' id='word_1_210' title='bbox 235 1192 304 1213; x_wconf 89' lang='lat'>121.</span> <span class='ocrx_word' id='word_1_211' title='bbox 320 1181 357 1212; x_wconf 88' lang='lat' dir='ltr'>de</span> <span class='ocrx_word' id='word_1_212' title='bbox 376 1180 505 1211; x_wconf 89' lang='lat' dir='ltr'>Anetho.</span> <span class='ocrx_word' id='word_1_213' title='bbox 525 1179 662 1211; x_wconf 85' lang='lat' dir='ltr'>Thomas</span> <span class='ocrx_word' id='word_1_214' title='bbox 679 1179 750 1217; x_wconf 70' lang='grc' dir='ltr'>μίνθη</span> <span class='ocrx_word' id='word_1_215' title='bbox 770 1181 807 1217; x_wconf 72' lang='grc' dir='ltr'>ἐχ</span> <span class='ocrx_word' id='word_1_216' title='bbox 821 1179 955 1218; x_wconf 37' lang='lat' dir='ltr'>waso-ime</span> 
     </span>
     <span class='ocr_line' id='line_1_28' title="bbox 110 1221 954 1256; baseline -0.005 0"><span class='ocrx_word' id='word_1_217' title='bbox 110 1228 215 1256; x_wconf 81' lang='lat' dir='ltr'>Demai</span> <span class='ocrx_word' id='word_1_218' title='bbox 232 1224 270 1256; x_wconf 92' lang='lat' dir='ltr'>II.</span> <span class='ocrx_word' id='word_1_219' title='bbox 292 1235 315 1256; x_wconf 86' lang='lat'>1.</span> <span class='ocrx_word' id='word_1_220' title='bbox 359 1223 420 1254; x_wconf 76' lang='lat' dir='ltr'>Res</span> <span class='ocrx_word' id='word_1_221' title='bbox 446 1222 514 1253; x_wconf 87' lang='lat' dir='ltr'>istae</span> <span class='ocrx_word' id='word_1_222' title='bbox 539 1222 723 1253; x_wconf 86' lang='lat' dir='ltr'>decimantur</span> <span class='ocrx_word' id='word_1_223' title='bbox 747 1221 852 1252; x_wconf 78' lang='lat' dir='ltr'>dubiae</span> <span class='ocrx_word' id='word_1_224' title='bbox 869 1223 954 1252; x_wconf 89' lang='lat' dir='ltr'>omni</span> 
     </span>
     <span class='ocr_line' id='line_1_29' title="bbox 110 1263 955 1307; baseline -0.006 -8"><span class='ocrx_word' id='word_1_225' title='bbox 110 1269 184 1299; x_wconf 92' lang='lat' dir='ltr'>loco</span> <span class='ocrx_word' id='word_1_226' title='bbox 203 1286 268 1292; x_wconf 90' lang='lat'>—-</span> <span class='ocrx_word' id='word_1_227' title='bbox 287 1266 454 1297; x_wconf 88' lang='lat' dir='ltr'>cuminum.</span> <span class='ocrx_word' id='word_1_228' title='bbox 480 1265 602 1307; x_wconf 85' lang='lat' dir='ltr'>Dioscor.</span> <span class='ocrx_word' id='word_1_229' title='bbox 624 1263 678 1295; x_wconf 79' lang='grc' dir='ltr'>ΙΙΙ,</span> <span class='ocrx_word' id='word_1_230' title='bbox 700 1273 749 1302; x_wconf 87' lang='lat'>41.</span> <span class='ocrx_word' id='word_1_231' title='bbox 773 1265 913 1302; x_wconf 56' lang='grc' dir='ltr'>ἡδύοσμυς,</span> <span class='ocrx_word' id='word_1_232' title='bbox 932 1270 955 1294; x_wconf 74' lang='lat' dir='ltr'>ot</span> 
     </span>
     <span class='ocr_line' id='line_1_30' title="bbox 110 1305 955 1349; baseline -0.002 -9"><span class='ocrx_word' id='word_1_233' title='bbox 110 1311 137 1341; x_wconf 61' lang='lat'>3⁸3</span> <span class='ocrx_word' id='word_1_234' title='bbox 155 1309 251 1348; x_wconf 63' lang='grc' dir='ltr'>μιῖνθην,</span> <span class='ocrx_word' id='word_1_235' title='bbox 270 1308 385 1349; x_wconf 58' lang='grc' dir='ltr'>Ύνῶριμιον</span> <span class='ocrx_word' id='word_1_236' title='bbox 410 1307 532 1343; x_wconf 64' lang='grc' dir='ltr'>βοτάνην.</span> <span class='ocrx_word' id='word_1_237' title='bbox 553 1306 663 1337; x_wconf 82' lang='lat' dir='ltr'>Plinius</span> <span class='ocrx_word' id='word_1_238' title='bbox 681 1306 723 1337; x_wconf 87' lang='lat' dir='ltr'>H.</span> <span class='ocrx_word' id='word_1_239' title='bbox 735 1305 780 1337; x_wconf 91' lang='lat' dir='ltr'>N.</span> <span class='ocrx_word' id='word_1_240' title='bbox 793 1305 883 1337; x_wconf 80' lang='lat' dir='ltr'>XIX.</span> <span class='ocrx_word' id='word_1_241' title='bbox 901 1316 955 1347; x_wconf 85' lang='lat'>47.</span> 
     </span>
     <span class='ocr_line' id='line_1_31' title="bbox 113 1348 956 1391; baseline -0.004 -8"><span class='ocrx_word' id='word_1_242' title='bbox 113 1352 257 1384; x_wconf 88' lang='lat' dir='ltr'>Menthae</span> <span class='ocrx_word' id='word_1_243' title='bbox 274 1359 386 1382; x_wconf 87' lang='lat' dir='ltr'>nomen</span> <span class='ocrx_word' id='word_1_244' title='bbox 397 1349 474 1391; x_wconf 85' lang='lat' dir='ltr'>apud</span> <span class='ocrx_word' id='word_1_245' title='bbox 483 1349 618 1380; x_wconf 87' lang='lat' dir='ltr'>Graecos</span> <span class='ocrx_word' id='word_1_246' title='bbox 634 1348 756 1380; x_wconf 87' lang='lat' dir='ltr'>suavitas</span> <span class='ocrx_word' id='word_1_247' title='bbox 774 1348 874 1379; x_wconf 82' lang='lat' dir='ltr'>odoris</span> <span class='ocrx_word' id='word_1_248' title='bbox 889 1358 956 1380; x_wconf 89' lang='lat' dir='ltr'>mu-</span> 
     </span>
     <span class='ocr_line' id='line_1_32' title="bbox 110 1390 954 1432; baseline -0.005 -6"><span class='ocrx_word' id='word_1_249' title='bbox 110 1395 194 1426; x_wconf 90' lang='lat' dir='ltr'>tavit.</span> <span class='ocrx_word' id='word_1_250' title='bbox 215 1393 326 1424; x_wconf 86' lang='lat' dir='ltr'>Avoda</span> <span class='ocrx_word' id='word_1_251' title='bbox 342 1395 417 1423; x_wconf 83' lang='lat' dir='ltr'>Sara</span> <span class='ocrx_word' id='word_1_252' title='bbox 437 1393 458 1424; x_wconf 91' lang='lat' dir='ltr'>f.</span> <span class='ocrx_word' id='word_1_253' title='bbox 480 1402 516 1432; x_wconf 85' lang='lat'>7,</span> <span class='ocrx_word' id='word_1_254' title='bbox 538 1401 568 1423; x_wconf 90' lang='lat'>2.</span> <span class='ocrx_word' id='word_1_255' title='bbox 589 1390 717 1421; x_wconf 90' lang='lat' dir='ltr'>Nahum</span> <span class='ocrx_word' id='word_1_256' title='bbox 734 1390 844 1421; x_wconf 90' lang='lat' dir='ltr'>Medus</span> <span class='ocrx_word' id='word_1_257' title='bbox 863 1391 954 1422; x_wconf 84' lang='lat' dir='ltr'>dixit:</span> 
     </span>
     <span class='ocr_line' id='line_1_33' title="bbox 110 1433 957 1475; baseline -0.004 -7"><span class='ocrx_word' id='word_1_258' title='bbox 110 1437 251 1468; x_wconf 80' lang='lat' dir='ltr'>anethum</span> <span class='ocrx_word' id='word_1_259' title='bbox 266 1433 567 1475; x_wconf 80' lang='lat' dir='ltr'>decimatur,quando</span> <span class='ocrx_word' id='word_1_260' title='bbox 582 1433 623 1464; x_wconf 88' lang='lat' dir='ltr'>est</span> <span class='ocrx_word' id='word_1_261' title='bbox 636 1433 824 1472; x_wconf 83' lang='lat' dir='ltr'>olus‚sernen</span> <span class='ocrx_word' id='word_1_262' title='bbox 843 1434 876 1464; x_wconf 67' lang='grc' dir='ltr'>ὃς</span> <span class='ocrx_word' id='word_1_263' title='bbox 892 1434 957 1465; x_wconf 90' lang='lat' dir='ltr'>cul-</span> 
     </span>
     <span class='ocr_line' id='line_1_34' title="bbox 111 1476 958 1518; baseline -0.002 -9"><span class='ocrx_word' id='word_1_264' title='bbox 111 1490 186 1510; x_wconf 88' lang='lat' dir='ltr'>mus.</span> <span class='ocrx_word' id='word_1_265' title='bbox 219 1477 447 1518; x_wconf 84' lang='lat' dir='ltr'>Responderunt</span> <span class='ocrx_word' id='word_1_266' title='bbox 469 1476 620 1507; x_wconf 87' lang='lat' dir='ltr'>Rabbini:</span> <span class='ocrx_word' id='word_1_267' title='bbox 639 1476 880 1517; x_wconf 89' lang='lat' dir='ltr'>supprimendum</span> <span class='ocrx_word' id='word_1_268' title='bbox 898 1476 958 1507; x_wconf 81' lang='lat' dir='ltr'>esse</span> 
     </span>
     <span class='ocr_line' id='line_1_35' title="bbox 110 1518 958 1560; baseline -0.004 -9"><span class='ocrx_word' id='word_1_269' title='bbox 110 1521 225 1552; x_wconf 60' lang='lat' dir='ltr'>dictum</span> <span class='ocrx_word' id='word_1_270' title='bbox 241 1520 321 1559; x_wconf 86' lang='lat' dir='ltr'>hoc,</span> <span class='ocrx_word' id='word_1_271' title='bbox 337 1522 370 1552; x_wconf 87' lang='lat'>&amp;</span> <span class='ocrx_word' id='word_1_272' title='bbox 384 1529 446 1550; x_wconf 90' lang='lat' dir='ltr'>non</span> <span class='ocrx_word' id='word_1_273' title='bbox 463 1518 683 1560; x_wconf 85' lang='lat' dir='ltr'>divulgandum.</span> <span class='ocrx_word' id='word_1_274' title='bbox 708 1519 799 1558; x_wconf 88' lang='lat' dir='ltr'>Atqui</span> <span class='ocrx_word' id='word_1_275' title='bbox 815 1518 856 1548; x_wconf 90' lang='lat' dir='ltr'>R.</span> <span class='ocrx_word' id='word_1_276' title='bbox 878 1518 958 1549; x_wconf 89' lang='lat' dir='ltr'>Elie-</span> 
     </span>
     <span class='ocr_line' id='line_1_36' title="bbox 107 1559 957 1602; baseline -0.004 -8"><span class='ocrx_word' id='word_1_277' title='bbox 107 1563 149 1594; x_wconf 84' lang='lat' dir='ltr'>ser</span> <span class='ocrx_word' id='word_1_278' title='bbox 160 1563 330 1594; x_wconf 81' lang='lat' dir='ltr'>sententiam</span> <span class='ocrx_word' id='word_1_279' title='bbox 346 1564 405 1602; x_wconf 89' lang='lat' dir='ltr'>ejus</span> <span class='ocrx_word' id='word_1_280' title='bbox 423 1561 630 1602; x_wconf 81' lang='lat' dir='ltr'>sequitur‚qui</span> <span class='ocrx_word' id='word_1_281' title='bbox 644 1559 734 1591; x_wconf 83' lang='lat' dir='ltr'>dixit:</span> <span class='ocrx_word' id='word_1_282' title='bbox 746 1560 889 1591; x_wconf 85' lang='lat' dir='ltr'>anethum</span> <span class='ocrx_word' id='word_1_283' title='bbox 906 1561 957 1592; x_wconf 91' lang='lat' dir='ltr'>de-</span> 
     </span>
     <span class='ocr_line' id='line_1_37' title="bbox 109 1602 956 1647; baseline -0.005 -10"><span class='ocrx_word' id='word_1_284' title='bbox 109 1607 213 1637; x_wconf 86' lang='lat' dir='ltr'>cimari</span> <span class='ocrx_word' id='word_1_285' title='bbox 221 1630 231 1647; x_wconf 82' lang='lat'>‚</span> <span class='ocrx_word' id='word_1_286' title='bbox 242 1605 299 1637; x_wconf 81' lang='lat' dir='ltr'>sive</span> <span class='ocrx_word' id='word_1_287' title='bbox 308 1605 395 1636; x_wconf 86' lang='lat' dir='ltr'>fuerit</span> <span class='ocrx_word' id='word_1_288' title='bbox 403 1603 511 1644; x_wconf 85' lang='lat' dir='ltr'>semen,</span> <span class='ocrx_word' id='word_1_289' title='bbox 523 1604 581 1635; x_wconf 87' lang='lat' dir='ltr'>five</span> <span class='ocrx_word' id='word_1_290' title='bbox 591 1603 674 1641; x_wconf 87' lang='lat' dir='ltr'>olus,</span> <span class='ocrx_word' id='word_1_291' title='bbox 685 1602 744 1634; x_wconf 80' lang='lat' dir='ltr'>sive</span> <span class='ocrx_word' id='word_1_292' title='bbox 757 1603 871 1633; x_wconf 89' lang='lat' dir='ltr'>culmi?</span> <span class='ocrx_word' id='word_1_293' title='bbox 892 1603 956 1633; x_wconf 88' lang='lat' dir='ltr'>Re-</span> 
     </span>
     <span class='ocr_line' id='line_1_38' title="bbox 110 1643 957 1689; baseline -0.008 -9"><span class='ocrx_word' id='word_1_294' title='bbox 110 1648 269 1689; x_wconf 83' lang='lat' dir='ltr'>spondetur</span> <span class='ocrx_word' id='word_1_295' title='bbox 279 1671 288 1686; x_wconf 86' lang='lat'>,</span> <span class='ocrx_word' id='word_1_296' title='bbox 305 1647 347 1677; x_wconf 89' lang='lat' dir='ltr'>ibi</span> <span class='ocrx_word' id='word_1_297' title='bbox 363 1646 529 1677; x_wconf 88' lang='lat' dir='ltr'>sermonem</span> <span class='ocrx_word' id='word_1_298' title='bbox 542 1644 599 1675; x_wconf 80' lang='lat' dir='ltr'>effe</span> <span class='ocrx_word' id='word_1_299' title='bbox 614 1645 650 1674; x_wconf 92' lang='lat' dir='ltr'>de</span> <span class='ocrx_word' id='word_1_300' title='bbox 665 1644 769 1674; x_wconf 76' lang='lat' dir='ltr'>hortis.</span> <span class='ocrx_word' id='word_1_301' title='bbox 787 1643 957 1684; x_wconf 77' lang='lat' dir='ltr'>Maafiroth</span> 
     </span>
     <span class='ocr_line' id='line_1_39' title="bbox 107 1686 957 1730; baseline -0.007 -7"><span class='ocrx_word' id='word_1_302' title='bbox 107 1690 165 1722; x_wconf 89' lang='lat' dir='ltr'>IV.</span> <span class='ocrx_word' id='word_1_303' title='bbox 177 1700 204 1730; x_wconf 85' lang='lat'>5.</span> <span class='ocrx_word' id='word_1_304' title='bbox 216 1690 256 1721; x_wconf 88' lang='lat' dir='ltr'>R.</span> <span class='ocrx_word' id='word_1_305' title='bbox 268 1689 382 1720; x_wconf 85' lang='lat' dir='ltr'>Eliezer</span> <span class='ocrx_word' id='word_1_306' title='bbox 391 1688 464 1718; x_wconf 89' lang='lat' dir='ltr'>dicit</span> <span class='ocrx_word' id='word_1_307' title='bbox 475 1709 483 1724; x_wconf 93' lang='lat'>,</span> <span class='ocrx_word' id='word_1_308' title='bbox 494 1687 592 1717; x_wconf 83' lang='lat' dir='ltr'>anethi</span> <span class='ocrx_word' id='word_1_309' title='bbox 602 1686 710 1726; x_wconf 83' lang='lat' dir='ltr'>semen,</span> <span class='ocrx_word' id='word_1_310' title='bbox 720 1686 818 1724; x_wconf 87' lang='lat' dir='ltr'>flores,</span> <span class='ocrx_word' id='word_1_311' title='bbox 827 1686 894 1717; x_wconf 93' lang='lat' dir='ltr'>olus</span> <span class='ocrx_word' id='word_1_312' title='bbox 905 1686 957 1717; x_wconf 72' lang='lat' dir='ltr'>de-</span> 
     </span>
     <span class='ocr_line' id='line_1_40' title="bbox 112 1728 953 1773; baseline -0.006 -8"><span class='ocrx_word' id='word_1_313' title='bbox 112 1733 225 1765; x_wconf 84' lang='lat' dir='ltr'>cimari:</span> <span class='ocrx_word' id='word_1_314' title='bbox 235 1732 374 1773; x_wconf 85' lang='lat' dir='ltr'>sapientes</span> <span class='ocrx_word' id='word_1_315' title='bbox 383 1730 498 1770; x_wconf 84' lang='lat' dir='ltr'>dicunt,</span> <span class='ocrx_word' id='word_1_316' title='bbox 507 1728 602 1759; x_wconf 88' lang='lat' dir='ltr'>semen</span> <span class='ocrx_word' id='word_1_317' title='bbox 613 1729 647 1758; x_wconf 85' lang='lat'>&amp;</span> <span class='ocrx_word' id='word_1_318' title='bbox 658 1728 722 1758; x_wconf 91' lang='lat' dir='ltr'>olus</span> <span class='ocrx_word' id='word_1_319' title='bbox 731 1738 793 1759; x_wconf 90' lang='lat' dir='ltr'>non</span> <span class='ocrx_word' id='word_1_320' title='bbox 801 1728 953 1760; x_wconf 88' lang='lat' dir='ltr'>decimari.</span> 
     </span>
     <span class='ocr_line' id='line_1_41' title="bbox 107 1769 953 1816; baseline -0.005 -11"><span class='ocrx_word' id='word_1_321' title='bbox 107 1770 109 1773; x_wconf 92' lang='lat'>.</span> <span class='ocrx_word' id='word_1_322' title='bbox 150 1774 186 1805; x_wconf 56' lang='grc' dir='ltr'>τὀε</span> <span class='ocrx_word' id='word_1_323' title='bbox 211 1777 333 1813; x_wconf 63' lang='grc' dir='ltr'>βαρύτεροι</span> <span class='ocrx_word' id='word_1_324' title='bbox 355 1776 402 1802; x_wconf 69' lang='grc' dir='ltr'>τοῦ</span> <span class='ocrx_word' id='word_1_325' title='bbox 425 1773 524 1816; x_wconf 71' lang='grc' dir='ltr'>νόμιον]</span> <span class='ocrx_word' id='word_1_326' title='bbox 554 1769 665 1811; x_wconf 81' lang='lat' dir='ltr'><em>Jalkut</em></span> <span class='ocrx_word' id='word_1_327' title='bbox 691 1769 818 1811; x_wconf 46' lang='lat' dir='ltr'>Rufini,</span> <span class='ocrx_word' id='word_1_328' title='bbox 843 1770 866 1801; x_wconf 88' lang='lat' dir='ltr'>f.</span> <span class='ocrx_word' id='word_1_329' title='bbox 886 1780 953 1812; x_wconf 81' lang='lat'>15¹4.</span> 
     </span>
     <span class='ocr_line' id='line_1_42' title="bbox 105 1812 952 1859; baseline -0.004 -12"><span class='ocrx_word' id='word_1_330' title='bbox 105 1822 144 1859; x_wconf 78' lang='lat'>&#39;3.</span> <span class='ocrx_word' id='word_1_331' title='bbox 173 1816 239 1849; x_wconf 91' lang='lat' dir='ltr'>Cur</span> <span class='ocrx_word' id='word_1_332' title='bbox 255 1816 307 1847; x_wconf 91' lang='lat' dir='ltr'>sub</span> <span class='ocrx_word' id='word_1_333' title='bbox 324 1815 443 1846; x_wconf 77' lang='lat' dir='ltr'>initium</span> <span class='ocrx_word' id='word_1_334' title='bbox 460 1813 694 1845; x_wconf 90' lang='lat' dir='ltr'>Deuteronomii</span> <span class='ocrx_word' id='word_1_335' title='bbox 712 1812 783 1844; x_wconf 86' lang='lat' dir='ltr'>haec</span> <span class='ocrx_word' id='word_1_336' title='bbox 800 1813 952 1853; x_wconf 86' lang='lat' dir='ltr'>leguntur:</span> 
     </span>
     <span class='ocr_line' id='line_1_43' title="bbox 108 1855 955 1896; baseline -0.006 -5"><span class='ocrx_word' id='word_1_337' title='bbox 108 1860 195 1892; x_wconf 90' lang='lat' dir='ltr'>Haec</span> <span class='ocrx_word' id='word_1_338' title='bbox 221 1859 286 1890; x_wconf 91' lang='lat' dir='ltr'>sunt</span> <span class='ocrx_word' id='word_1_339' title='bbox 309 1858 398 1890; x_wconf 88' lang='lat' dir='ltr'>verba</span> <span class='ocrx_word' id='word_1_340' title='bbox 423 1857 539 1893; x_wconf 79' lang='lat' dir='ltr'>Mofis,</span> <span class='ocrx_word' id='word_1_341' title='bbox 557 1858 630 1896; x_wconf 81' lang='lat' dir='ltr'>quae</span> <span class='ocrx_word' id='word_1_342' title='bbox 654 1855 726 1886; x_wconf 85' lang='lat' dir='ltr'>dixit</span> <span class='ocrx_word' id='word_1_343' title='bbox 743 1855 778 1885; x_wconf 91' lang='lat' dir='ltr'>ad</span> <span class='ocrx_word' id='word_1_344' title='bbox 795 1863 892 1886; x_wconf 90' lang='lat' dir='ltr'>totum</span> <span class='ocrx_word' id='word_1_345' title='bbox 911 1855 955 1887; x_wconf 83' lang='lat' dir='ltr'>ls-</span> 
     </span>
     <span class='ocr_line' id='line_1_44' title="bbox 109 1897 955 1942; baseline -0.006 -9"><span class='ocrx_word' id='word_1_346' title='bbox 109 1902 242 1934; x_wconf 66' lang='lat' dir='ltr'>raelem?</span> <span class='ocrx_word' id='word_1_347' title='bbox 258 1901 348 1942; x_wconf 88' lang='lat' dir='ltr'>Resp.</span> <span class='ocrx_word' id='word_1_348' title='bbox 359 1899 465 1931; x_wconf 87' lang='lat' dir='ltr'>Statim</span> <span class='ocrx_word' id='word_1_349' title='bbox 482 1899 534 1929; x_wconf 85' lang='lat' dir='ltr'>sub</span> <span class='ocrx_word' id='word_1_350' title='bbox 551 1898 670 1929; x_wconf 88' lang='lat' dir='ltr'>initium</span> <span class='ocrx_word' id='word_1_351' title='bbox 687 1897 790 1928; x_wconf 88' lang='lat' dir='ltr'>docuit</span> <span class='ocrx_word' id='word_1_352' title='bbox 806 1907 856 1928; x_wconf 86' lang='lat' dir='ltr'>eos</span> <span class='ocrx_word' id='word_1_353' title='bbox 874 1908 955 1939; x_wconf 81' lang='lat' dir='ltr'>prae-</span> 
     </span>
     <span class='ocr_line' id='line_1_45' title="bbox 101 1938 955 1985; baseline -0.007 -9"><span class='ocrx_word' id='word_1_354' title='bbox 101 1953 194 1985; x_wconf 68' lang='lat' dir='ltr'>cepta</span> <span class='ocrx_word' id='word_1_355' title='bbox 208 1944 282 1975; x_wconf 87' lang='lat' dir='ltr'>levia</span> <span class='ocrx_word' id='word_1_356' title='bbox 298 1944 332 1974; x_wconf 89' lang='lat'>&amp;</span> <span class='ocrx_word' id='word_1_357' title='bbox 348 1942 457 1983; x_wconf 84' lang='lat' dir='ltr'>gravia.</span> <span class='ocrx_word' id='word_1_358' title='bbox 478 1940 641 1980; x_wconf 80' lang='lat' dir='ltr'>Jevamoth</span> <span class='ocrx_word' id='word_1_359' title='bbox 665 1940 686 1970; x_wconf 90' lang='lat' dir='ltr'>f.</span> <span class='ocrx_word' id='word_1_360' title='bbox 706 1949 768 1980; x_wconf 85' lang='lat'>47,</span> <span class='ocrx_word' id='word_1_361' title='bbox 792 1949 819 1969; x_wconf 90' lang='lat'>1.</span> <span class='ocrx_word' id='word_1_362' title='bbox 841 1938 881 1971; x_wconf 88' lang='lat' dir='ltr'>Et</span> <span class='ocrx_word' id='word_1_363' title='bbox 898 1940 955 1970; x_wconf 92' lang='lat' dir='ltr'>do-</span> 
     </span>
     <span class='ocr_line' id='line_1_46' title="bbox 108 1981 954 2026; baseline -0.006 -7"><span class='ocrx_word' id='word_1_364' title='bbox 108 1995 180 2019; x_wconf 89' lang='lat' dir='ltr'>cent</span> <span class='ocrx_word' id='word_1_365' title='bbox 205 1984 301 2026; x_wconf 87' lang='lat' dir='ltr'>ipsum</span> <span class='ocrx_word' id='word_1_366' title='bbox 323 1993 436 2026; x_wconf 82' lang='lat' dir='ltr'>partem</span> <span class='ocrx_word' id='word_1_367' title='bbox 457 1990 682 2024; x_wconf 87' lang='lat' dir='ltr'>praeceptorum</span> <span class='ocrx_word' id='word_1_368' title='bbox 708 1982 821 2013; x_wconf 88' lang='lat' dir='ltr'>levium</span> <span class='ocrx_word' id='word_1_369' title='bbox 837 1981 871 2012; x_wconf 90' lang='lat'>&amp;</span> <span class='ocrx_word' id='word_1_370' title='bbox 888 1991 954 2023; x_wconf 83' lang='lat' dir='ltr'>par-</span> 
     </span>
     <span class='ocr_line' id='line_1_47' title="bbox 109 2023 953 2070; baseline -0.008 -10"><span class='ocrx_word' id='word_1_371' title='bbox 109 2038 173 2062; x_wconf 81' lang='lat' dir='ltr'>tem</span> <span class='ocrx_word' id='word_1_372' title='bbox 192 2035 417 2070; x_wconf 87' lang='lat' dir='ltr'>praeceptorum</span> <span class='ocrx_word' id='word_1_373' title='bbox 460 2025 587 2058; x_wconf 86' lang='lat' dir='ltr'>ravium.</span> <span class='ocrx_word' id='word_1_374' title='bbox 611 2023 769 2055; x_wconf 79' lang='lat' dir='ltr'>Sanhedrin</span> <span class='ocrx_word' id='word_1_375' title='bbox 788 2023 810 2054; x_wconf 90' lang='lat' dir='ltr'>f.</span> <span class='ocrx_word' id='word_1_376' title='bbox 833 2025 900 2056; x_wconf 89' lang='lat'>106.</span> <span class='ocrx_word' id='word_1_377' title='bbox 922 2034 953 2055; x_wconf 87' lang='lat'>2.</span> 
     </span>
     <span class='ocr_line' id='line_1_48' title="bbox 109 2065 954 2109; baseline -0.008 -6"><span class='ocrx_word' id='word_1_378' title='bbox 109 2072 148 2104; x_wconf 81' lang='lat' dir='ltr'>ad</span> <span class='ocrx_word' id='word_1_379' title='bbox 175 2071 247 2109; x_wconf 82' lang='lat' dir='ltr'>Esaj.</span> <span class='ocrx_word' id='word_1_380' title='bbox 270 2068 392 2101; x_wconf 85' lang='lat' dir='ltr'>XXIlI.</span> <span class='ocrx_word' id='word_1_381' title='bbox 415 2078 429 2099; x_wconf 92' lang='lat'>1</span> <span class='ocrx_word' id='word_1_382' title='bbox 456 2090 463 2099; x_wconf 83' lang='lat'>.</span> <span class='ocrx_word' id='word_1_383' title='bbox 489 2068 541 2098; x_wconf 86' lang='lat' dir='ltr'>ubi</span> <span class='ocrx_word' id='word_1_384' title='bbox 559 2067 671 2104; x_wconf 87' lang='lat' dir='ltr'>scriba,</span> <span class='ocrx_word' id='word_1_385' title='bbox 691 2067 744 2097; x_wconf 88' lang='lat' dir='ltr'>ubi</span> <span class='ocrx_word' id='word_1_386' title='bbox 764 2065 954 2107; x_wconf 81' lang='lat' dir='ltr'>expendens?</span> 
     </span>
     <span class='ocr_line' id='line_1_49' title="bbox 110 2108 953 2155; baseline -0.006 -10"><span class='ocrx_word' id='word_1_387' title='bbox 110 2115 163 2155; x_wconf 91' lang='lat' dir='ltr'>qui</span> <span class='ocrx_word' id='word_1_388' title='bbox 183 2112 320 2154; x_wconf 84' lang='lat' dir='ltr'>expendit</span> <span class='ocrx_word' id='word_1_389' title='bbox 347 2111 450 2142; x_wconf 89' lang='lat' dir='ltr'>omnia</span> <span class='ocrx_word' id='word_1_390' title='bbox 476 2110 576 2151; x_wconf 87' lang='lat' dir='ltr'>gravia</span> <span class='ocrx_word' id='word_1_391' title='bbox 591 2109 624 2140; x_wconf 91' lang='lat'>&amp;</span> <span class='ocrx_word' id='word_1_392' title='bbox 641 2109 734 2149; x_wconf 87' lang='lat' dir='ltr'>levia,</span> <span class='ocrx_word' id='word_1_393' title='bbox 751 2118 825 2149; x_wconf 82' lang='lat' dir='ltr'>quae</span> <span class='ocrx_word' id='word_1_394' title='bbox 843 2108 873 2139; x_wconf 89' lang='lat' dir='ltr'>in</span> <span class='ocrx_word' id='word_1_395' title='bbox 890 2109 953 2151; x_wconf 84' lang='lat' dir='ltr'>lege</span> 
     </span>
     <span class='ocr_line' id='line_1_50' title="bbox 112 2151 953 2192; baseline -0.008 -4"><span class='ocrx_word' id='word_1_396' title='bbox 112 2158 189 2188; x_wconf 91' lang='lat' dir='ltr'>sunt.</span> <span class='ocrx_word' id='word_1_397' title='bbox 206 2154 309 2186; x_wconf 85' lang='lat' dir='ltr'>Aboth</span> <span class='ocrx_word' id='word_1_398' title='bbox 329 2153 370 2184; x_wconf 86' lang='grc' dir='ltr'>ΙΙ.</span> <span class='ocrx_word' id='word_1_399' title='bbox 394 2164 422 2184; x_wconf 89' lang='lat'>1.</span> <span class='ocrx_word' id='word_1_400' title='bbox 451 2153 552 2184; x_wconf 89' lang='lat' dir='ltr'>Rabbi</span> <span class='ocrx_word' id='word_1_401' title='bbox 567 2151 641 2182; x_wconf 81' lang='lat' dir='ltr'>dixit</span> <span class='ocrx_word' id='word_1_402' title='bbox 657 2171 721 2176; x_wconf 83' lang='lat'>—-</span> <span class='ocrx_word' id='word_1_403' title='bbox 739 2161 829 2192; x_wconf 88' lang='lat' dir='ltr'>aeque</span> <span class='ocrx_word' id='word_1_404' title='bbox 850 2160 953 2182; x_wconf 87' lang='lat' dir='ltr'>cautus</span> 
     </span>
     <span class='ocr_line' id='line_1_51' title="bbox 111 2194 955 2235; baseline -0.008 -5"><span class='ocrx_word' id='word_1_405' title='bbox 111 2199 177 2230; x_wconf 89' lang='lat' dir='ltr'>esto</span> <span class='ocrx_word' id='word_1_406' title='bbox 203 2199 234 2228; x_wconf 89' lang='lat' dir='ltr'>in</span> <span class='ocrx_word' id='word_1_407' title='bbox 258 2196 403 2228; x_wconf 88' lang='lat' dir='ltr'>servando</span> <span class='ocrx_word' id='word_1_408' title='bbox 425 2195 484 2226; x_wconf 88' lang='lat' dir='ltr'>levi</span> <span class='ocrx_word' id='word_1_409' title='bbox 504 2194 603 2234; x_wconf 91' lang='lat' dir='ltr'>aliquo</span> <span class='ocrx_word' id='word_1_410' title='bbox 629 2202 805 2235; x_wconf 75' lang='lat' dir='ltr'>praecepm,</span> <span class='ocrx_word' id='word_1_411' title='bbox 823 2200 909 2233; x_wconf 90' lang='lat' dir='ltr'>atque</span> <span class='ocrx_word' id='word_1_412' title='bbox 925 2194 955 2224; x_wconf 90' lang='lat' dir='ltr'>in</span> 
     </span>
     <span class='ocr_line' id='line_1_52' title="bbox 113 2234 957 2283; baseline -0.007 -11"><span class='ocrx_word' id='word_1_413' title='bbox 113 2241 205 2283; x_wconf 84' lang='lat' dir='ltr'>gravi.</span> <span class='ocrx_word' id='word_1_414' title='bbox 227 2240 260 2270; x_wconf 92' lang='lat'>&amp;</span> <span class='ocrx_word' id='word_1_415' title='bbox 276 2238 332 2270; x_wconf 92' lang='lat' dir='ltr'>IV.</span> <span class='ocrx_word' id='word_1_416' title='bbox 353 2234 383 2269; x_wconf 75' lang='lat'>2.</span> <span class='ocrx_word' id='word_1_417' title='bbox 400 2237 435 2268; x_wconf 92' lang='lat' dir='ltr'>F.</span> <span class='ocrx_word' id='word_1_418' title='bbox 457 2236 533 2267; x_wconf 85' lang='lat' dir='ltr'>Usai</span> <span class='ocrx_word' id='word_1_419' title='bbox 549 2236 638 2267; x_wconf 87' lang='lat' dir='ltr'>dixit:</span> <span class='ocrx_word' id='word_1_420' title='bbox 657 2235 752 2266; x_wconf 86' lang='lat' dir='ltr'>Curre</span> <span class='ocrx_word' id='word_1_421' title='bbox 766 2236 803 2265; x_wconf 91' lang='lat' dir='ltr'>ad</span> <span class='ocrx_word' id='word_1_422' title='bbox 819 2245 957 2276; x_wconf 87' lang='lat' dir='ltr'>praecep-</span> 
     </span>
     <span class='ocr_line' id='line_1_53' title="bbox 112 2277 902 2320; baseline -0.009 -6"><span class='ocrx_word' id='word_1_423' title='bbox 112 2292 180 2314; x_wconf 88' lang='lat' dir='ltr'>tum</span> <span class='ocrx_word' id='word_1_424' title='bbox 205 2282 267 2312; x_wconf 89' lang='lat' dir='ltr'>leve</span> <span class='ocrx_word' id='word_1_425' title='bbox 291 2289 432 2320; x_wconf 86' lang='lat' dir='ltr'>tanquam</span> <span class='ocrx_word' id='word_1_426' title='bbox 456 2278 492 2308; x_wconf 79' lang='lat' dir='ltr'>ad</span> <span class='ocrx_word' id='word_1_427' title='bbox 513 2288 608 2319; x_wconf 87' lang='lat' dir='ltr'>grave.</span> <span class='ocrx_word' id='word_1_428' title='bbox 631 2277 793 2308; x_wconf 82' lang='lat' dir='ltr'>Tamhuma</span> <span class='ocrx_word' id='word_1_429' title='bbox 812 2278 832 2308; x_wconf 89' lang='lat' dir='ltr'>f.</span> <span class='ocrx_word' id='word_1_430' title='bbox 855 2277 902 2318; x_wconf 90' lang='lat'>78.</span> 
     </span>
     <span class='ocr_line' id='line_1_54' title="bbox 115 2319 956 2360; baseline -0.008 -4"><span class='ocrx_word' id='word_1_431' title='bbox 115 2324 309 2357; x_wconf 69' lang='lat' dir='ltr'>Benedierum</span> <span class='ocrx_word' id='word_1_432' title='bbox 332 2323 365 2353; x_wconf 78' lang='lat' dir='ltr'>sit</span> <span class='ocrx_word' id='word_1_433' title='bbox 384 2330 496 2351; x_wconf 84' lang='lat' dir='ltr'>nomen</span> <span class='ocrx_word' id='word_1_434' title='bbox 515 2320 575 2350; x_wconf 87' lang='lat' dir='ltr'>Dei</span> <span class='ocrx_word' id='word_1_435' title='bbox 593 2320 624 2350; x_wconf 91' lang='lat' dir='ltr'>S.</span> <span class='ocrx_word' id='word_1_436' title='bbox 645 2321 675 2350; x_wconf 83' lang='grc' dir='ltr'>Β.</span> <span class='ocrx_word' id='word_1_437' title='bbox 698 2320 748 2360; x_wconf 88' lang='lat' dir='ltr'>qui</span> <span class='ocrx_word' id='word_1_438' title='bbox 764 2320 860 2360; x_wconf 87' lang='lat' dir='ltr'>legem</span> <span class='ocrx_word' id='word_1_439' title='bbox 876 2319 956 2350; x_wconf 89' lang='lat' dir='ltr'>dedit</span> 
     </span>
     <span class='ocr_line' id='line_1_55' title="bbox 115 2363 957 2403; baseline -0.007 -5"><span class='ocrx_word' id='word_1_440' title='bbox 115 2367 250 2399; x_wconf 69' lang='lat' dir='ltr'>Israelitis</span> <span class='ocrx_word' id='word_1_441' title='bbox 265 2363 421 2396; x_wconf 83' lang='lat' dir='ltr'>DCXIII.</span> <span class='ocrx_word' id='word_1_442' title='bbox 440 2370 592 2403; x_wconf 70' lang='lat' dir='ltr'>praecepta</span> <span class='ocrx_word' id='word_1_443' title='bbox 611 2363 874 2400; x_wconf 81' lang='lat' dir='ltr'>continentem‚in</span> <span class='ocrx_word' id='word_1_444' title='bbox 892 2363 957 2402; x_wconf 93' lang='lat' dir='ltr'>qui-</span> 
     </span>
     <span class='ocr_line' id='line_1_56' title="bbox 114 2404 954 2449; baseline -0.008 -8"><span class='ocrx_word' id='word_1_445' title='bbox 114 2411 171 2441; x_wconf 91' lang='lat' dir='ltr'>bus</span> <span class='ocrx_word' id='word_1_446' title='bbox 195 2407 338 2449; x_wconf 84' lang='lat' dir='ltr'>quaedam</span> <span class='ocrx_word' id='word_1_447' title='bbox 363 2405 427 2436; x_wconf 89' lang='lat' dir='ltr'>sunt</span> <span class='ocrx_word' id='word_1_448' title='bbox 450 2404 523 2435; x_wconf 84' lang='lat' dir='ltr'>levia</span> <span class='ocrx_word' id='word_1_449' title='bbox 543 2428 552 2443; x_wconf 90' lang='lat'>,</span> <span class='ocrx_word' id='word_1_450' title='bbox 584 2404 725 2444; x_wconf 80' lang='lat' dir='ltr'>quaedam</span> <span class='ocrx_word' id='word_1_451' title='bbox 751 2414 822 2435; x_wconf 87' lang='lat' dir='ltr'>vero</span> <span class='ocrx_word' id='word_1_452' title='bbox 844 2405 954 2445; x_wconf 79' lang='lat' dir='ltr'>gravia.</span> 
     </span>
     <span class='ocr_line' id='line_1_57' title="bbox 116 2446 957 2490; baseline -0.01 -6"><span class='ocrx_word' id='word_1_453' title='bbox 116 2452 183 2484; x_wconf 90' lang='lat' dir='ltr'>Cur</span> <span class='ocrx_word' id='word_1_454' title='bbox 198 2460 271 2482; x_wconf 89' lang='lat' dir='ltr'>vero</span> <span class='ocrx_word' id='word_1_455' title='bbox 287 2448 430 2490; x_wconf 87' lang='lat' dir='ltr'>quaedam</span> <span class='ocrx_word' id='word_1_456' title='bbox 449 2454 601 2488; x_wconf 85' lang='lat' dir='ltr'>praecepta</span> <span class='ocrx_word' id='word_1_457' title='bbox 615 2447 753 2477; x_wconf 89' lang='lat' dir='ltr'>dicuntur</span> <span class='ocrx_word' id='word_1_458' title='bbox 769 2446 844 2477; x_wconf 90' lang='lat' dir='ltr'>levia</span> <span class='ocrx_word' id='word_1_459' title='bbox 855 2446 957 2483; x_wconf 89' lang='lat' dir='ltr'>?Quia</span> 
     </span>
     <span class='ocr_line' id='line_1_58' title="bbox 117 2488 957 2530; baseline -0.01 -4"><span class='ocrx_word' id='word_1_460' title='bbox 117 2495 255 2526; x_wconf 84' lang='lat' dir='ltr'>homines</span> <span class='ocrx_word' id='word_1_461' title='bbox 278 2491 313 2522; x_wconf 92' lang='lat' dir='ltr'>de</span> <span class='ocrx_word' id='word_1_462' title='bbox 334 2491 390 2521; x_wconf 84' lang='lat' dir='ltr'>illis</span> <span class='ocrx_word' id='word_1_463' title='bbox 403 2500 465 2520; x_wconf 89' lang='lat' dir='ltr'>non</span> <span class='ocrx_word' id='word_1_464' title='bbox 483 2498 660 2530; x_wconf 73' lang='lat' dir='ltr'>magnopere</span> <span class='ocrx_word' id='word_1_465' title='bbox 676 2488 742 2519; x_wconf 87' lang='lat' dir='ltr'>sunt</span> <span class='ocrx_word' id='word_1_466' title='bbox 757 2488 889 2529; x_wconf 82' lang='lat' dir='ltr'>solliciti,</span> <span class='ocrx_word' id='word_1_467' title='bbox 910 2488 957 2519; x_wconf 88' lang='lat' dir='ltr'>sed</span> 
     </span>
     <span class='ocr_line' id='line_1_59' title="bbox 117 2530 957 2572; baseline -0.008 -4"><span class='ocrx_word' id='word_1_468' title='bbox 117 2536 165 2568; x_wconf 88' lang='lat' dir='ltr'>illa</span> <span class='ocrx_word' id='word_1_469' title='bbox 181 2536 233 2567; x_wconf 92' lang='lat' dir='ltr'>sub</span> <span class='ocrx_word' id='word_1_470' title='bbox 249 2535 420 2566; x_wconf 70' lang='lat' dir='ltr'>calcaneum</span> <span class='ocrx_word' id='word_1_471' title='bbox 437 2533 612 2572; x_wconf 85' lang='lat' dir='ltr'>projiciunt,</span> <span class='ocrx_word' id='word_1_472' title='bbox 633 2531 763 2561; x_wconf 86' lang='lat' dir='ltr'>dicentes</span> <span class='ocrx_word' id='word_1_473' title='bbox 779 2530 835 2561; x_wconf 80' lang='lat' dir='ltr'>effe</span> <span class='ocrx_word' id='word_1_474' title='bbox 851 2531 957 2562; x_wconf 86' lang='lat' dir='ltr'>facilia.</span> 
     </span>
     <span class='ocr_line' id='line_1_60' title="bbox 114 2573 959 2620; baseline -0.009 -9"><span class='ocrx_word' id='word_1_475' title='bbox 114 2579 280 2620; x_wconf 75' lang='lat' dir='ltr'>‘Propterea</span> <span class='ocrx_word' id='word_1_476' title='bbox 294 2574 394 2607; x_wconf 85' lang='lat' dir='ltr'>David</span> <span class='ocrx_word' id='word_1_477' title='bbox 409 2575 507 2605; x_wconf 89' lang='lat' dir='ltr'>timuit</span> <span class='ocrx_word' id='word_1_478' title='bbox 518 2573 597 2604; x_wconf 88' lang='lat' dir='ltr'>diem</span> <span class='ocrx_word' id='word_1_479' title='bbox 609 2573 716 2614; x_wconf 89' lang='lat' dir='ltr'>judicii</span> <span class='ocrx_word' id='word_1_480' title='bbox 732 2573 877 2613; x_wconf 87' lang='lat' dir='ltr'>dixitque:</span> <span class='ocrx_word' id='word_1_481' title='bbox 890 2573 959 2604; x_wconf 92' lang='lat' dir='ltr'>Do-</span> 
     </span>
     <span class='ocr_line' id='line_1_61' title="bbox 118 2616 960 2658; baseline -0.008 -6"><span class='ocrx_word' id='word_1_482' title='bbox 118 2622 200 2652; x_wconf 87' lang='lat' dir='ltr'>mine</span> <span class='ocrx_word' id='word_1_483' title='bbox 216 2618 410 2658; x_wconf 86' lang='lat' dir='ltr'>mundi‚non</span> <span class='ocrx_word' id='word_1_484' title='bbox 427 2617 543 2648; x_wconf 83' lang='lat' dir='ltr'>timeoa</span> <span class='ocrx_word' id='word_1_485' title='bbox 560 2616 718 2656; x_wconf 78' lang='lat' dir='ltr'>praeceptis</span> <span class='ocrx_word' id='word_1_486' title='bbox 733 2616 869 2656; x_wconf 86' lang='lat' dir='ltr'>gravibus</span> <span class='ocrx_word' id='word_1_487' title='bbox 887 2626 960 2656; x_wconf 84' lang='lat' dir='ltr'>quae</span> 
     </span>
     <span class='ocr_line' id='line_1_62' title="bbox 118 2657 958 2704; baseline -0.007 -10"><span class='ocrx_word' id='word_1_488' title='bbox 118 2664 150 2694; x_wconf 92' lang='lat' dir='ltr'>in</span> <span class='ocrx_word' id='word_1_489' title='bbox 175 2663 237 2704; x_wconf 85' lang='lat' dir='ltr'>lege</span> <span class='ocrx_word' id='word_1_490' title='bbox 261 2661 346 2697; x_wconf 89' lang='lat' dir='ltr'>sunt,</span> <span class='ocrx_word' id='word_1_491' title='bbox 368 2668 437 2690; x_wconf 85' lang='lat' dir='ltr'>nam</span> <span class='ocrx_word' id='word_1_492' title='bbox 462 2659 509 2689; x_wconf 90' lang='lat' dir='ltr'>illa</span> <span class='ocrx_word' id='word_1_493' title='bbox 532 2657 596 2689; x_wconf 89' lang='lat' dir='ltr'>sunt</span> <span class='ocrx_word' id='word_1_494' title='bbox 621 2659 737 2698; x_wconf 85' lang='lat' dir='ltr'>gravia:</span> <span class='ocrx_word' id='word_1_495' title='bbox 762 2657 808 2688; x_wconf 92' lang='lat' dir='ltr'>sed</span> <span class='ocrx_word' id='word_1_496' title='bbox 836 2659 958 2689; x_wconf 86' lang='lat' dir='ltr'>timeoa</span> 
     </span>
     <span class='ocr_line' id='line_1_63' title="bbox 116 2699 959 2746; baseline -0.008 -10"><span class='ocrx_word' id='word_1_497' title='bbox 116 2704 281 2746; x_wconf 84' lang='lat' dir='ltr'>praeceptis</span> <span class='ocrx_word' id='word_1_498' title='bbox 304 2701 484 2742; x_wconf 80' lang='lat' dir='ltr'>levioribus,</span> <span class='ocrx_word' id='word_1_499' title='bbox 504 2711 541 2731; x_wconf 92' lang='lat' dir='ltr'>an</span> <span class='ocrx_word' id='word_1_500' title='bbox 558 2701 635 2732; x_wconf 90' lang='lat' dir='ltr'>forte</span> <span class='ocrx_word' id='word_1_501' title='bbox 652 2701 818 2741; x_wconf 88' lang='lat' dir='ltr'>putaverim</span> <span class='ocrx_word' id='word_1_502' title='bbox 836 2699 959 2741; x_wconf 85' lang='lat' dir='ltr'>perinde</span> 
     </span>
     <span class='ocr_line' id='line_1_64' title="bbox 119 2742 958 2789; baseline -0.008 -10"><span class='ocrx_word' id='word_1_503' title='bbox 119 2746 197 2789; x_wconf 82' lang='lat' dir='ltr'>esse,</span> <span class='ocrx_word' id='word_1_504' title='bbox 217 2747 276 2778; x_wconf 90' lang='lat' dir='ltr'>five</span> <span class='ocrx_word' id='word_1_505' title='bbox 304 2755 337 2775; x_wconf 88' lang='lat' dir='ltr'>ea</span> <span class='ocrx_word' id='word_1_506' title='bbox 356 2744 477 2775; x_wconf 86' lang='lat' dir='ltr'>fecerim</span> <span class='ocrx_word' id='word_1_507' title='bbox 495 2743 554 2774; x_wconf 87' lang='lat' dir='ltr'>five</span> <span class='ocrx_word' id='word_1_508' title='bbox 570 2744 687 2783; x_wconf 83' lang='lat' dir='ltr'>minus,</span> <span class='ocrx_word' id='word_1_509' title='bbox 709 2744 776 2783; x_wconf 85' lang='lat' dir='ltr'>quia</span> <span class='ocrx_word' id='word_1_510' title='bbox 792 2742 867 2773; x_wconf 86' lang='lat' dir='ltr'>levia</span> <span class='ocrx_word' id='word_1_511' title='bbox 883 2742 958 2773; x_wconf 85' lang='lat' dir='ltr'>sunt.</span> 
     </span>
     <span class='ocr_line' id='line_1_65' title="bbox 119 2785 962 2827; baseline -0.009 -4"><span class='ocrx_word' id='word_1_512' title='bbox 119 2790 174 2822; x_wconf 88' lang='lat' dir='ltr'>Tu</span> <span class='ocrx_word' id='word_1_513' title='bbox 196 2799 268 2822; x_wconf 88' lang='lat' dir='ltr'>vero</span> <span class='ocrx_word' id='word_1_514' title='bbox 291 2786 409 2818; x_wconf 86' lang='lat' dir='ltr'>dixisti:</span> <span class='ocrx_word' id='word_1_515' title='bbox 429 2786 551 2817; x_wconf 87' lang='lat' dir='ltr'>observa</span> <span class='ocrx_word' id='word_1_516' title='bbox 566 2792 718 2827; x_wconf 82' lang='lat' dir='ltr'>praecepta</span> <span class='ocrx_word' id='word_1_517' title='bbox 733 2785 828 2823; x_wconf 88' lang='lat' dir='ltr'>levia,</span> <span class='ocrx_word' id='word_1_518' title='bbox 849 2793 880 2815; x_wconf 90' lang='lat' dir='ltr'>ut</span> <span class='ocrx_word' id='word_1_519' title='bbox 895 2794 962 2826; x_wconf 84' lang='lat' dir='ltr'>gra-</span> 
     </span>
     <span class='ocr_line' id='line_1_66' title="bbox 123 2826 963 2867; baseline -0.01 -2"><span class='ocrx_word' id='word_1_520' title='bbox 123 2833 173 2865; x_wconf 82' lang='lat' dir='ltr'>via</span> <span class='ocrx_word' id='word_1_521' title='bbox 204 2831 236 2862; x_wconf 85' lang='lat' dir='ltr'>S.</span> <span class='ocrx_word' id='word_1_522' title='bbox 263 2829 305 2861; x_wconf 95' lang='lat' dir='ltr'>D.</span> <span class='ocrx_word' id='word_1_523' title='bbox 328 2828 399 2860; x_wconf 84' lang='lat' dir='ltr'>Psal.</span> <span class='ocrx_word' id='word_1_524' title='bbox 425 2827 547 2859; x_wconf 89' lang='lat' dir='ltr'>XLIX.</span> <span class='ocrx_word' id='word_1_525' title='bbox 577 2829 605 2858; x_wconf 89' lang='lat'>6.</span> <span class='ocrx_word' id='word_1_526' title='bbox 633 2826 790 2858; x_wconf 79' lang='lat' dir='ltr'>Schevuoth</span> <span class='ocrx_word' id='word_1_527' title='bbox 815 2827 835 2857; x_wconf 89' lang='lat' dir='ltr'>f.</span> <span class='ocrx_word' id='word_1_528' title='bbox 861 2835 910 2867; x_wconf 83' lang='lat'>39.</span> <span class='ocrx_word' id='word_1_529' title='bbox 937 2837 963 2857; x_wconf 87' lang='lat' dir='ltr'>r.</span> 
     </span>
     <span class='ocr_line' id='line_1_67' title="bbox 122 2868 963 2911; baseline -0.008 -5"><span class='ocrx_word' id='word_1_530' title='bbox 122 2875 215 2907; x_wconf 84' lang='lat' dir='ltr'>Dixit</span> <span class='ocrx_word' id='word_1_531' title='bbox 240 2873 327 2905; x_wconf 88' lang='lat' dir='ltr'>Mar:</span> <span class='ocrx_word' id='word_1_532' title='bbox 349 2871 442 2911; x_wconf 81' lang='lat' dir='ltr'>scito,</span> <span class='ocrx_word' id='word_1_533' title='bbox 462 2878 560 2901; x_wconf 89' lang='lat' dir='ltr'>totum</span> <span class='ocrx_word' id='word_1_534' title='bbox 586 2869 734 2900; x_wconf 87' lang='lat' dir='ltr'>mundum</span> <span class='ocrx_word' id='word_1_535' title='bbox 756 2868 963 2900; x_wconf 64' lang='lat' dir='ltr'>contremuisse</span> 
     </span>
     <span class='ocr_line' id='line_1_68' title="bbox 125 2910 965 2959; baseline -0.008 -10"><span class='ocrx_word' id='word_1_536' title='bbox 125 2927 189 2959; x_wconf 88' lang='lat' dir='ltr'>quo</span> <span class='ocrx_word' id='word_1_537' title='bbox 213 2923 348 2956; x_wconf 89' lang='lat' dir='ltr'>tempore</span> <span class='ocrx_word' id='word_1_538' title='bbox 375 2913 456 2944; x_wconf 83' lang='lat' dir='ltr'>Deus</span> <span class='ocrx_word' id='word_1_539' title='bbox 479 2912 510 2944; x_wconf 89' lang='lat' dir='ltr'>S.</span> <span class='ocrx_word' id='word_1_540' title='bbox 537 2913 569 2944; x_wconf 92' lang='lat' dir='ltr'>B.</span> <span class='ocrx_word' id='word_1_541' title='bbox 591 2920 782 2953; x_wconf 87' lang='lat' dir='ltr'>praeceptum</span> <span class='ocrx_word' id='word_1_542' title='bbox 804 2910 877 2958; x_wconf 80' lang='lat' dir='ltr'>illud</span> <span class='ocrx_word' id='word_1_543' title='bbox 894 2921 965 2952; x_wconf 90' lang='lat' dir='ltr'>pro-</span> 
     </span>
     <span class='ocr_line' id='line_1_69' title="bbox 125 2952 964 2999; baseline -0.008 -9"><span class='ocrx_word' id='word_1_544' title='bbox 125 2959 285 2999; x_wconf 85' lang='lat' dir='ltr'>mulgavit:</span> <span class='ocrx_word' id='word_1_545' title='bbox 310 2965 373 2988; x_wconf 89' lang='lat' dir='ltr'>non</span> <span class='ocrx_word' id='word_1_546' title='bbox 388 2955 511 2986; x_wconf 87' lang='lat' dir='ltr'>assumes</span> <span class='ocrx_word' id='word_1_547' title='bbox 528 2964 639 2986; x_wconf 88' lang='lat' dir='ltr'>nomen</span> <span class='ocrx_word' id='word_1_548' title='bbox 654 2953 782 2985; x_wconf 88' lang='lat' dir='ltr'>Domini</span> <span class='ocrx_word' id='word_1_549' title='bbox 799 2952 859 2983; x_wconf 79' lang='lat' dir='ltr'>Dei</span> <span class='ocrx_word' id='word_1_550' title='bbox 877 2955 918 2984; x_wconf 90' lang='lat' dir='ltr'>tui</span> <span class='ocrx_word' id='word_1_551' title='bbox 934 2954 964 2983; x_wconf 86' lang='lat' dir='ltr'>in</span> 
     </span>
     <span class='ocr_line' id='line_1_70' title="bbox 125 2997 966 3037; baseline -0.011 -4"><span class='ocrx_word' id='word_1_552' title='bbox 125 3010 249 3034; x_wconf 89' lang='lat' dir='ltr'>vanum.</span> <span class='ocrx_word' id='word_1_553' title='bbox 271 3000 427 3036; x_wconf 86' lang='lat' dir='ltr'>Quaenam</span> <span class='ocrx_word' id='word_1_554' title='bbox 443 2997 484 3027; x_wconf 88' lang='lat' dir='ltr'>est</span> <span class='ocrx_word' id='word_1_555' title='bbox 500 2997 597 3028; x_wconf 88' lang='lat' dir='ltr'>ratio?</span> <span class='ocrx_word' id='word_1_556' title='bbox 619 2997 685 3037; x_wconf 85' lang='lat' dir='ltr'>quia</span> <span class='ocrx_word' id='word_1_557' title='bbox 698 3003 884 3037; x_wconf 87' lang='lat' dir='ltr'>praeceptum</span> <span class='ocrx_word' id='word_1_558' title='bbox 900 3004 966 3034; x_wconf 86' lang='lat' dir='ltr'>gra-</span> 
     </span>
     <span class='ocr_line' id='line_1_71' title="bbox 126 3037 965 3083; baseline -0.01 -8"><span class='ocrx_word' id='word_1_559' title='bbox 126 3054 165 3077; x_wconf 88' lang='lat' dir='ltr'>ve</span> <span class='ocrx_word' id='word_1_560' title='bbox 181 3043 232 3074; x_wconf 86' lang='lat' dir='ltr'>est.</span> <span class='ocrx_word' id='word_1_561' title='bbox 256 3041 341 3083; x_wconf 85' lang='lat' dir='ltr'>Qid</span> <span class='ocrx_word' id='word_1_562' title='bbox 359 3050 431 3073; x_wconf 91' lang='lat' dir='ltr'>vero</span> <span class='ocrx_word' id='word_1_563' title='bbox 447 3039 582 3079; x_wconf 86' lang='lat' dir='ltr'>intelligis</span> <span class='ocrx_word' id='word_1_564' title='bbox 592 3048 641 3079; x_wconf 90' lang='lat' dir='ltr'>per</span> <span class='ocrx_word' id='word_1_565' title='bbox 657 3045 845 3079; x_wconf 85' lang='lat' dir='ltr'>praeceptum</span> <span class='ocrx_word' id='word_1_566' title='bbox 854 3037 965 3077; x_wconf 87' lang='lat' dir='ltr'>grave?</span> 
     </span>
     <span class='ocr_line' id='line_1_72' title="bbox 126 3079 966 3127; baseline -0.011 -9"><span class='ocrx_word' id='word_1_567' title='bbox 126 3086 257 3127; x_wconf 87' lang='lat' dir='ltr'>Reliqua</span> <span class='ocrx_word' id='word_1_568' title='bbox 271 3083 372 3115; x_wconf 88' lang='lat' dir='ltr'>omnia</span> <span class='ocrx_word' id='word_1_569' title='bbox 388 3082 467 3113; x_wconf 87' lang='lat' dir='ltr'>levia</span> <span class='ocrx_word' id='word_1_570' title='bbox 484 3081 548 3112; x_wconf 90' lang='lat' dir='ltr'>sunt</span> <span class='ocrx_word' id='word_1_571' title='bbox 566 3089 631 3112; x_wconf 89' lang='lat' dir='ltr'>tum</span> <span class='ocrx_word' id='word_1_572' title='bbox 646 3079 821 3111; x_wconf 86' lang='lat' dir='ltr'>affirmativa</span> <span class='ocrx_word' id='word_1_573' title='bbox 837 3088 901 3110; x_wconf 91' lang='lat' dir='ltr'>tum</span> <span class='ocrx_word' id='word_1_574' title='bbox 915 3088 966 3109; x_wconf 78' lang='lat' dir='ltr'>ne—</span> 
     </span>
     <span class='ocr_line' id='line_1_73' title="bbox 128 3122 967 3170; baseline -0.012 -9"><span class='ocrx_word' id='word_1_575' title='bbox 128 3128 227 3170; x_wconf 79' lang='lat' dir='ltr'>gativa</span> <span class='ocrx_word' id='word_1_576' title='bbox 242 3151 252 3166; x_wconf 87' lang='lat'>,</span> <span class='ocrx_word' id='word_1_577' title='bbox 270 3132 396 3168; x_wconf 82' lang='lat' dir='ltr'>excepto</span> <span class='ocrx_word' id='word_1_578' title='bbox 418 3124 469 3155; x_wconf 93' lang='lat' dir='ltr'>illo</span> <span class='ocrx_word' id='word_1_579' title='bbox 494 3123 531 3154; x_wconf 89' lang='lat' dir='ltr'>de</span> <span class='ocrx_word' id='word_1_580' title='bbox 555 3133 617 3154; x_wconf 91' lang='lat' dir='ltr'>non</span> <span class='ocrx_word' id='word_1_581' title='bbox 633 3122 820 3164; x_wconf 87' lang='lat' dir='ltr'>profanando</span> <span class='ocrx_word' id='word_1_582' title='bbox 845 3122 967 3152; x_wconf 87' lang='lat' dir='ltr'>nomine</span> 
     </span>
     <span class='ocr_line' id='line_1_74' title="bbox 130 3165 968 3210; baseline -0.01 -8"><span class='ocrx_word' id='word_1_583' title='bbox 130 3171 204 3202; x_wconf 89' lang='lat' dir='ltr'>Dei.</span> <span class='ocrx_word' id='word_1_584' title='bbox 244 3170 401 3210; x_wconf 84' lang='lat' dir='ltr'>Praecepta</span> <span class='ocrx_word' id='word_1_585' title='bbox 423 3167 501 3202; x_wconf 83' lang='lat' dir='ltr'>enim</span> <span class='ocrx_word' id='word_1_586' title='bbox 526 3167 625 3207; x_wconf 86' lang='lat' dir='ltr'>gravia</span> <span class='ocrx_word' id='word_1_587' title='bbox 641 3165 726 3203; x_wconf 76' lang='lat' dir='ltr'>sunt,</span> <span class='ocrx_word' id='word_1_588' title='bbox 748 3165 854 3206; x_wconf 87' lang='lat' dir='ltr'>quibus</span> <span class='ocrx_word' id='word_1_589' title='bbox 871 3174 968 3205; x_wconf 85' lang='lat' dir='ltr'>poena</span> 
     </span>
     <span class='ocr_line' id='line_1_75' title="bbox 128 3208 970 3255; baseline -0.01 -9"><span class='ocrx_word' id='word_1_590' title='bbox 128 3212 284 3255; x_wconf 68' lang='lat' dir='ltr'>excisionis</span> <span class='ocrx_word' id='word_1_591' title='bbox 307 3212 342 3246; x_wconf 64' lang='grc' dir='ltr'>ὃς</span> <span class='ocrx_word' id='word_1_592' title='bbox 361 3219 442 3254; x_wconf 69' lang='grc' dir='ltr'><strong>σιριξ</strong></span> <span class='ocrx_word' id='word_1_593' title='bbox 457 3219 472 3243; x_wconf 82' lang='lat' dir='ltr'>a</span> <span class='ocrx_word' id='word_1_594' title='bbox 487 3208 632 3253; x_wconf 82' lang='lat' dir='ltr'>Synedrio</span> <span class='ocrx_word' id='word_1_595' title='bbox 649 3208 765 3253; x_wconf 79' lang='lat' dir='ltr'>decreta</span> <span class='ocrx_word' id='word_1_596' title='bbox 781 3208 946 3250; x_wconf 86' lang='lat' dir='ltr'>imponitur</span> <span class='ocrx_word' id='word_1_597' title='bbox 958 3230 970 3251; x_wconf 82' lang='lat'><em>,</em></span> 
     </span>
    </p>
   </div>
   <div class='ocr_carea' id='block_1_21' title="bbox 713 1028 777 1034">
    <p class='ocr_par' dir='ltr' id='par_1_21' title="bbox 713 1028 777 1034">
     <span class='ocr_line' id='line_1_76' title="bbox 713 1028 777 1034; baseline 0 0"><span class='ocrx_word' id='word_1_598' title='bbox 713 1028 777 1034; x_wconf 95' lang='lat' dir='ltr'> </span> 
     </span>
    </p>
   </div>
   <div class='ocr_carea' id='block_1_22' title="bbox 924 2275 1389 2317">
    <p class='ocr_par' dir='ltr' id='par_1_22' title="bbox 924 2275 1389 2317">
     <span class='ocr_line' id='line_1_77' title="bbox 924 2275 1389 2317; baseline -0.002 -9"><span class='ocrx_word' id='word_1_599' title='bbox 924 2287 955 2317; x_wconf 83' lang='lat'>4.</span> <span class='ocrx_word' id='word_1_600' title='bbox 1000 2283 1190 2316; x_wconf 89' lang='lat' dir='ltr'>praeceptum</span> <span class='ocrx_word' id='word_1_601' title='bbox 1206 2275 1297 2307; x_wconf 88' lang='lat' dir='ltr'>levius</span> <span class='ocrx_word' id='word_1_602' title='bbox 1317 2276 1389 2316; x_wconf 83' lang='lat' dir='ltr'>illo,</span> 
     </span>
    </p>
   </div>
   <div class='ocr_carea' id='block_1_23' title="bbox 644 930 1840 971">
    <p class='ocr_par' dir='ltr' id='par_1_23' title="bbox 644 930 1840 971">
     <span class='ocr_line' id='line_1_78' title="bbox 644 930 1840 971; baseline 0.003 -10"><span class='ocrx_word' id='word_1_603' title='bbox 644 934 670 962; x_wconf 89' lang='grc'>8.</span> <span class='ocrx_word' id='word_1_604' title='bbox 692 944 734 962; x_wconf 83' lang='lat'>12.</span> <span class='ocrx_word' id='word_1_605' title='bbox 756 944 800 971; x_wconf 79' lang='lat'>34.</span> <span class='ocrx_word' id='word_1_606' title='bbox 819 944 853 962; x_wconf 87' lang='lat' dir='ltr'>ex</span> <span class='ocrx_word' id='word_1_607' title='bbox 875 933 985 962; x_wconf 84' lang='lat' dir='ltr'>emend.</span> <span class='ocrx_word' id='word_1_608' title='bbox 1001 943 1048 970; x_wconf 83' lang='lat'>53.</span> <span class='ocrx_word' id='word_1_609' title='bbox 1067 942 1114 969; x_wconf 86' lang='lat'>59.</span> <span class='ocrx_word' id='word_1_610' title='bbox 1130 934 1175 960; x_wconf 87' lang='lat'>66.</span> <span class='ocrx_word' id='word_1_611' title='bbox 1197 941 1243 969; x_wconf 85' lang='lat'>73.</span> <span class='ocrx_word' id='word_1_612' title='bbox 1262 930 1310 958; x_wconf 84' lang='lat'>82.</span> <span class='ocrx_word' id='word_1_613' title='bbox 1330 931 1434 969; x_wconf 85' lang='lat' dir='ltr'>Evang.</span> <span class='ocrx_word' id='word_1_614' title='bbox 1458 941 1498 967; x_wconf 91' lang='lat'>¹7·</span> <span class='ocrx_word' id='word_1_615' title='bbox 1523 932 1565 960; x_wconf 83' lang='lat'>18.</span> <span class='ocrx_word' id='word_1_616' title='bbox 1582 934 1710 971; x_wconf 86' lang='lat' dir='ltr'>probante</span> <span class='ocrx_word' id='word_1_617' title='bbox 1725 940 1756 964; x_wconf 89' lang='lat' dir='ltr'>T.</span> <span class='ocrx_word' id='word_1_618' title='bbox 1770 940 1840 967; x_wconf 68' lang='lat' dir='ltr'>Bezn</span> 
     </span>
    </p>
   </div>
   <div class='ocr_carea' id='block_1_24' title="bbox 994 1007 1850 3282">
    <p class='ocr_par' dir='ltr' id='par_1_24' title="bbox 994 1007 1850 3282">
     <span class='ocr_line' id='line_1_79' title="bbox 994 1007 1832 1050; baseline 0.005 -11"><span class='ocrx_word' id='word_1_619' title='bbox 994 1009 1069 1039; x_wconf 87' lang='lat' dir='ltr'>inter</span> <span class='ocrx_word' id='word_1_620' title='bbox 1093 1018 1166 1050; x_wconf 88' lang='lat' dir='ltr'>quae</span> <span class='ocrx_word' id='word_1_621' title='bbox 1188 1009 1276 1039; x_wconf 87' lang='lat' dir='ltr'>etiarn</span> <span class='ocrx_word' id='word_1_622' title='bbox 1295 1007 1355 1038; x_wconf 88' lang='lat' dir='ltr'>hoc</span> <span class='ocrx_word' id='word_1_623' title='bbox 1377 1016 1568 1048; x_wconf 85' lang='lat' dir='ltr'>praeceptum</span> <span class='ocrx_word' id='word_1_624' title='bbox 1591 1008 1642 1041; x_wconf 89' lang='lat' dir='ltr'>est.</span> <span class='ocrx_word' id='word_1_625' title='bbox 1663 1011 1789 1042; x_wconf 72' lang='lat' dir='ltr'>Taanith</span> <span class='ocrx_word' id='word_1_626' title='bbox 1809 1012 1832 1043; x_wconf 88' lang='lat' dir='ltr'>f.</span> 
     </span>
     <span class='ocr_line' id='line_1_80' title="bbox 1002 1049 1840 1087; baseline 0.004 -5"><span class='ocrx_word' id='word_1_627' title='bbox 1002 1061 1048 1082; x_wconf 92' lang='lat'>11.</span> <span class='ocrx_word' id='word_1_628' title='bbox 1062 1060 1087 1082; x_wconf 88' lang='lat'>1.</span> <span class='ocrx_word' id='word_1_629' title='bbox 1109 1049 1377 1087; x_wconf 86' lang='lat' dir='ltr'>Quemadmodum</span> <span class='ocrx_word' id='word_1_630' title='bbox 1387 1051 1519 1081; x_wconf 87' lang='lat' dir='ltr'>membra</span> <span class='ocrx_word' id='word_1_631' title='bbox 1536 1051 1665 1083; x_wconf 88' lang='lat' dir='ltr'>hominis</span> <span class='ocrx_word' id='word_1_632' title='bbox 1683 1053 1840 1085; x_wconf 86' lang='lat' dir='ltr'>vindican-</span> 
     </span>
     <span class='ocr_line' id='line_1_81' title="bbox 997 1092 1840 1137; baseline 0.005 -13"><span class='ocrx_word' id='word_1_633' title='bbox 997 1102 1043 1124; x_wconf 89' lang='lat' dir='ltr'>tur</span> <span class='ocrx_word' id='word_1_634' title='bbox 1061 1094 1098 1123; x_wconf 91' lang='lat' dir='ltr'>ab</span> <span class='ocrx_word' id='word_1_635' title='bbox 1118 1094 1215 1134; x_wconf 88' lang='lat' dir='ltr'>impiis</span> <span class='ocrx_word' id='word_1_636' title='bbox 1232 1093 1262 1122; x_wconf 92' lang='lat' dir='ltr'>in</span> <span class='ocrx_word' id='word_1_637' title='bbox 1278 1093 1391 1123; x_wconf 86' lang='lat' dir='ltr'>mundo</span> <span class='ocrx_word' id='word_1_638' title='bbox 1407 1092 1509 1124; x_wconf 84' lang='lat' dir='ltr'>futuro</span> <span class='ocrx_word' id='word_1_639' title='bbox 1526 1094 1614 1124; x_wconf 83' lang='lat' dir='ltr'>etiam</span> <span class='ocrx_word' id='word_1_640' title='bbox 1630 1103 1751 1136; x_wconf 88' lang='lat' dir='ltr'>propter</span> <span class='ocrx_word' id='word_1_641' title='bbox 1768 1094 1840 1137; x_wconf 82' lang='lat' dir='ltr'>p&#39;ec·</span> 
     </span>
     <span class='ocr_line' id='line_1_82' title="bbox 999 1134 1840 1179; baseline 0.005 -14"><span class='ocrx_word' id='word_1_642' title='bbox 999 1144 1099 1166; x_wconf 82' lang='lat' dir='ltr'>catum</span> <span class='ocrx_word' id='word_1_643' title='bbox 1117 1135 1312 1166; x_wconf 78' lang='lat' dir='ltr'>levezeodem</span> <span class='ocrx_word' id='word_1_644' title='bbox 1330 1134 1424 1165; x_wconf 91' lang='lat' dir='ltr'>modo</span> <span class='ocrx_word' id='word_1_645' title='bbox 1441 1135 1628 1166; x_wconf 85' lang='lat' dir='ltr'>vindicantur</span> <span class='ocrx_word' id='word_1_646' title='bbox 1640 1147 1656 1168; x_wconf 85' lang='lat' dir='ltr'>a</span> <span class='ocrx_word' id='word_1_647' title='bbox 1670 1136 1751 1175; x_wconf 86' lang='lat' dir='ltr'>justis</span> <span class='ocrx_word' id='word_1_648' title='bbox 1768 1148 1840 1179; x_wconf 90' lang='lat' dir='ltr'>pro-</span> 
     </span>
     <span class='ocr_line' id='line_1_83' title="bbox 999 1177 1840 1219; baseline 0.004 -11"><span class='ocrx_word' id='word_1_649' title='bbox 999 1186 1060 1218; x_wconf 89' lang='lat' dir='ltr'>pter</span> <span class='ocrx_word' id='word_1_650' title='bbox 1086 1186 1241 1219; x_wconf 80' lang='lat' dir='ltr'>peccatum</span> <span class='ocrx_word' id='word_1_651' title='bbox 1266 1177 1334 1208; x_wconf 90' lang='lat' dir='ltr'>leve</span> <span class='ocrx_word' id='word_1_652' title='bbox 1350 1201 1360 1216; x_wconf 89' lang='lat'>‚</span> <span class='ocrx_word' id='word_1_653' title='bbox 1386 1177 1467 1218; x_wconf 87' lang='lat' dir='ltr'>quod</span> <span class='ocrx_word' id='word_1_654' title='bbox 1495 1179 1700 1211; x_wconf 87' lang='lat' dir='ltr'>committunt.</span> <span class='ocrx_word' id='word_1_655' title='bbox 1742 1179 1840 1212; x_wconf 89' lang='lat' dir='ltr'>Porro</span> 
     </span>
     <span class='ocr_line' id='line_1_84' title="bbox 998 1219 1840 1264; baseline 0.006 -15"><span class='ocrx_word' id='word_1_656' title='bbox 998 1219 1252 1261; x_wconf 88' lang='lat' dir='ltr'>quemadmodum</span> <span class='ocrx_word' id='word_1_657' title='bbox 1266 1229 1374 1249; x_wconf 87' lang='lat' dir='ltr'>merces</span> <span class='ocrx_word' id='word_1_658' title='bbox 1390 1220 1557 1251; x_wconf 86' lang='lat' dir='ltr'>retribuitur</span> <span class='ocrx_word' id='word_1_659' title='bbox 1568 1220 1653 1260; x_wconf 82' lang='lat' dir='ltr'>justis</span> <span class='ocrx_word' id='word_1_660' title='bbox 1670 1223 1758 1253; x_wconf 87' lang='lat' dir='ltr'>etiam</span> <span class='ocrx_word' id='word_1_661' title='bbox 1769 1232 1840 1264; x_wconf 86' lang='lat' dir='ltr'>pec-</span> 
     </span>
     <span class='ocr_line' id='line_1_85' title="bbox 999 1261 1840 1296; baseline 0.004 -3"><span class='ocrx_word' id='word_1_662' title='bbox 999 1263 1057 1293; x_wconf 83' lang='lat' dir='ltr'>cati</span> <span class='ocrx_word' id='word_1_663' title='bbox 1081 1262 1152 1292; x_wconf 83' lang='lat' dir='ltr'>levis</span> <span class='ocrx_word' id='word_1_664' title='bbox 1170 1262 1208 1292; x_wconf 86' lang='lat' dir='ltr'>ab</span> <span class='ocrx_word' id='word_1_665' title='bbox 1224 1261 1279 1292; x_wconf 84' lang='lat' dir='ltr'>illis</span> <span class='ocrx_word' id='word_1_666' title='bbox 1297 1262 1464 1293; x_wconf 84' lang='lat' dir='ltr'>commiffi:</span> <span class='ocrx_word' id='word_1_667' title='bbox 1488 1265 1527 1293; x_wconf 89' lang='lat' dir='ltr'>ita</span> <span class='ocrx_word' id='word_1_668' title='bbox 1542 1272 1654 1294; x_wconf 87' lang='lat' dir='ltr'>merces</span> <span class='ocrx_word' id='word_1_669' title='bbox 1669 1265 1840 1296; x_wconf 83' lang='lat' dir='ltr'>retribuitur</span> 
     </span>
     <span class='ocr_line' id='line_1_86' title="bbox 997 1303 1841 1346; baseline 0.006 -12"><span class='ocrx_word' id='word_1_670' title='bbox 997 1305 1095 1346; x_wconf 88' lang='lat' dir='ltr'>impiis</span> <span class='ocrx_word' id='word_1_671' title='bbox 1112 1306 1143 1335; x_wconf 84' lang='lat' dir='ltr'>in</span> <span class='ocrx_word' id='word_1_672' title='bbox 1159 1303 1272 1334; x_wconf 89' lang='lat' dir='ltr'>mundo</span> <span class='ocrx_word' id='word_1_673' title='bbox 1284 1304 1384 1335; x_wconf 87' lang='lat' dir='ltr'>futuro</span> <span class='ocrx_word' id='word_1_674' title='bbox 1401 1306 1490 1335; x_wconf 85' lang='lat' dir='ltr'>etiam</span> <span class='ocrx_word' id='word_1_675' title='bbox 1507 1306 1651 1346; x_wconf 83' lang='lat' dir='ltr'>praecepti</span> <span class='ocrx_word' id='word_1_676' title='bbox 1665 1305 1735 1337; x_wconf 86' lang='lat' dir='ltr'>levis</span> <span class='ocrx_word' id='word_1_677' title='bbox 1751 1307 1789 1339; x_wconf 89' lang='lat' dir='ltr'>ab</span> <span class='ocrx_word' id='word_1_678' title='bbox 1804 1308 1841 1339; x_wconf 80' lang='lat' dir='ltr'>ii-</span> 
     </span>
     <span class='ocr_line' id='line_1_87' title="bbox 998 1346 1839 1386; baseline 0.004 -9"><span class='ocrx_word' id='word_1_679' title='bbox 998 1347 1032 1377; x_wconf 82' lang='lat' dir='ltr'>lis</span> <span class='ocrx_word' id='word_1_680' title='bbox 1051 1347 1163 1379; x_wconf 73' lang='lat' dir='ltr'>servati.</span> <span class='ocrx_word' id='word_1_681' title='bbox 1185 1346 1345 1376; x_wconf 81' lang='lat' dir='ltr'>Tanchuma</span> <span class='ocrx_word' id='word_1_682' title='bbox 1367 1347 1488 1386; x_wconf 86' lang='lat' dir='ltr'>f.73.2.</span> <span class='ocrx_word' id='word_1_683' title='bbox 1510 1347 1751 1380; x_wconf 65' lang='lat' dir='ltr'>Deus-israelitas</span> <span class='ocrx_word' id='word_1_684' title='bbox 1770 1359 1839 1380; x_wconf 90' lang='lat' dir='ltr'>mo-</span> 
     </span>
     <span class='ocr_line' id='line_1_88' title="bbox 999 1388 1840 1432; baseline 0.006 -14"><span class='ocrx_word' id='word_1_685' title='bbox 999 1397 1049 1420; x_wconf 87' lang='lat' dir='ltr'>net</span> <span class='ocrx_word' id='word_1_686' title='bbox 1061 1413 1071 1430; x_wconf 83' lang='lat'>‚</span> <span class='ocrx_word' id='word_1_687' title='bbox 1092 1399 1128 1420; x_wconf 88' lang='lat' dir='ltr'>ne</span> <span class='ocrx_word' id='word_1_688' title='bbox 1159 1389 1206 1419; x_wconf 93' lang='lat' dir='ltr'>vel</span> <span class='ocrx_word' id='word_1_689' title='bbox 1235 1398 1340 1420; x_wconf 89' lang='lat' dir='ltr'>contra</span> <span class='ocrx_word' id='word_1_690' title='bbox 1363 1388 1504 1419; x_wconf 84' lang='lat' dir='ltr'>leviffima</span> <span class='ocrx_word' id='word_1_691' title='bbox 1531 1399 1682 1431; x_wconf 79' lang='lat' dir='ltr'>praecepta</span> <span class='ocrx_word' id='word_1_692' title='bbox 1711 1400 1840 1432; x_wconf 85' lang='lat' dir='ltr'>peccent</span> 
     </span>
     <span class='ocr_line' id='line_1_89' title="bbox 1000 1430 1840 1472; baseline 0.004 -10"><span class='ocrx_word' id='word_1_693' title='bbox 1000 1431 1094 1463; x_wconf 77' lang='lat' dir='ltr'>Deut.</span> <span class='ocrx_word' id='word_1_694' title='bbox 1118 1430 1262 1466; x_wconf 76' lang='lat' dir='ltr'>XXXII,</span> <span class='ocrx_word' id='word_1_695' title='bbox 1283 1432 1332 1472; x_wconf 87' lang='lat'>46.</span> <span class='ocrx_word' id='word_1_696' title='bbox 1374 1430 1452 1462; x_wconf 93' lang='lat' dir='ltr'>Non</span> <span class='ocrx_word' id='word_1_697' title='bbox 1475 1433 1556 1462; x_wconf 89' lang='lat' dir='ltr'>enim</span> <span class='ocrx_word' id='word_1_698' title='bbox 1580 1433 1706 1464; x_wconf 89' lang='lat' dir='ltr'>verbum</span> <span class='ocrx_word' id='word_1_699' title='bbox 1728 1444 1840 1466; x_wconf 85' lang='lat' dir='ltr'>vanum</span> 
     </span>
     <span class='ocr_line' id='line_1_90' title="bbox 999 1474 1840 1517; baseline 0.005 -13"><span class='ocrx_word' id='word_1_700' title='bbox 999 1474 1041 1504; x_wconf 87' lang='lat' dir='ltr'>est</span> <span class='ocrx_word' id='word_1_701' title='bbox 1057 1484 1124 1515; x_wconf 87' lang='lat' dir='ltr'>prae</span> <span class='ocrx_word' id='word_1_702' title='bbox 1141 1474 1236 1505; x_wconf 77' lang='lat' dir='ltr'>vobis.</span> <span class='ocrx_word' id='word_1_703' title='bbox 1269 1474 1353 1513; x_wconf 77' lang='lat' dir='ltr'>Quin</span> <span class='ocrx_word' id='word_1_704' title='bbox 1369 1474 1457 1505; x_wconf 87' lang='lat' dir='ltr'>etiam</span> <span class='ocrx_word' id='word_1_705' title='bbox 1475 1484 1663 1515; x_wconf 85' lang='lat' dir='ltr'>praeceptum</span> <span class='ocrx_word' id='word_1_706' title='bbox 1677 1498 1686 1514; x_wconf 87' lang='lat'>‚</span> <span class='ocrx_word' id='word_1_707' title='bbox 1703 1477 1785 1517; x_wconf 88' lang='lat' dir='ltr'>quod</span> <span class='ocrx_word' id='word_1_708' title='bbox 1801 1478 1840 1507; x_wconf 85' lang='lat' dir='ltr'>ti-</span> 
     </span>
     <span class='ocr_line' id='line_1_91' title="bbox 1001 1516 1837 1559; baseline 0.005 -13"><span class='ocrx_word' id='word_1_709' title='bbox 1001 1516 1030 1546; x_wconf 89' lang='lat' dir='ltr'>bi</span> <span class='ocrx_word' id='word_1_710' title='bbox 1055 1517 1113 1547; x_wconf 85' lang='lat' dir='ltr'>vile</span> <span class='ocrx_word' id='word_1_711' title='bbox 1132 1518 1165 1548; x_wconf 67' lang='grc' dir='ltr'>ὃ(</span> <span class='ocrx_word' id='word_1_712' title='bbox 1182 1517 1243 1548; x_wconf 88' lang='lat' dir='ltr'>leve</span> <span class='ocrx_word' id='word_1_713' title='bbox 1264 1516 1397 1555; x_wconf 85' lang='lat' dir='ltr'>videtur,</span> <span class='ocrx_word' id='word_1_714' title='bbox 1418 1518 1511 1548; x_wconf 86' lang='lat' dir='ltr'>vitam</span> <span class='ocrx_word' id='word_1_715' title='bbox 1526 1517 1559 1548; x_wconf 73' lang='grc' dir='ltr'>δε</span> <span class='ocrx_word' id='word_1_716' title='bbox 1578 1518 1837 1559; x_wconf 82' lang='lat' dir='ltr'>prolongationem</span> 
     </span>
     <span class='ocr_line' id='line_1_92' title="bbox 999 1557 1839 1600; baseline 0.005 -12"><span class='ocrx_word' id='word_1_717' title='bbox 999 1557 1112 1589; x_wconf 89' lang='lat' dir='ltr'>dierum</span> <span class='ocrx_word' id='word_1_718' title='bbox 1128 1559 1226 1590; x_wconf 88' lang='lat' dir='ltr'>secum</span> <span class='ocrx_word' id='word_1_719' title='bbox 1244 1558 1328 1590; x_wconf 87' lang='lat' dir='ltr'>affert</span> <span class='ocrx_word' id='word_1_720' title='bbox 1345 1558 1374 1589; x_wconf 90' lang='lat' dir='ltr'>S.</span> <span class='ocrx_word' id='word_1_721' title='bbox 1397 1558 1439 1589; x_wconf 91' lang='lat' dir='ltr'>D.</span> <span class='ocrx_word' id='word_1_722' title='bbox 1462 1560 1503 1589; x_wconf 89' lang='lat' dir='ltr'>ib.</span> <span class='ocrx_word' id='word_1_723' title='bbox 1525 1569 1642 1591; x_wconf 86' lang='lat' dir='ltr'>comm.</span> <span class='ocrx_word' id='word_1_724' title='bbox 1661 1569 1710 1600; x_wconf 91' lang='lat'>47.</span> <span class='ocrx_word' id='word_1_725' title='bbox 1754 1560 1839 1592; x_wconf 88' lang='lat' dir='ltr'>Cum</span> 
     </span>
     <span class='ocr_line' id='line_1_93' title="bbox 1000 1600 1837 1644; baseline 0.007 -14"><span class='ocrx_word' id='word_1_726' title='bbox 1000 1600 1111 1631; x_wconf 87' lang='lat' dir='ltr'>videret</span> <span class='ocrx_word' id='word_1_727' title='bbox 1136 1600 1299 1642; x_wconf 80' lang='lat' dir='ltr'>Bileamus‚</span> <span class='ocrx_word' id='word_1_728' title='bbox 1318 1600 1458 1631; x_wconf 75' lang='lat' dir='ltr'>Israelitas</span> <span class='ocrx_word' id='word_1_729' title='bbox 1480 1602 1567 1631; x_wconf 89' lang='lat' dir='ltr'>etiam</span> <span class='ocrx_word' id='word_1_730' title='bbox 1583 1611 1736 1644; x_wconf 85' lang='lat' dir='ltr'>praecepta</span> <span class='ocrx_word' id='word_1_731' title='bbox 1758 1603 1837 1636; x_wconf 81' lang='lat' dir='ltr'>levia</span> 
     </span>
     <span class='ocr_line' id='line_1_94' title="bbox 1000 1640 1840 1685; baseline 0.006 -13"><span class='ocrx_word' id='word_1_732' title='bbox 1000 1640 1284 1682; x_wconf 74' lang='lat' dir='ltr'>observare3dixit:</span> <span class='ocrx_word' id='word_1_733' title='bbox 1311 1643 1390 1679; x_wconf 90' lang='lat' dir='ltr'>Quis</span> <span class='ocrx_word' id='word_1_734' title='bbox 1412 1644 1521 1682; x_wconf 78' lang='lat' dir='ltr'>poterit</span> <span class='ocrx_word' id='word_1_735' title='bbox 1546 1643 1602 1673; x_wconf 88' lang='lat' dir='ltr'>illis</span> <span class='ocrx_word' id='word_1_736' title='bbox 1627 1644 1702 1675; x_wconf 89' lang='lat' dir='ltr'>male</span> <span class='ocrx_word' id='word_1_737' title='bbox 1723 1644 1840 1685; x_wconf 86' lang='lat' dir='ltr'>dicere,</span> 
     </span>
     <span class='ocr_line' id='line_1_95' title="bbox 1000 1684 1843 1728; baseline 0.006 -14"><span class='ocrx_word' id='word_1_738' title='bbox 1000 1685 1052 1724; x_wconf 91' lang='lat' dir='ltr'>qui</span> <span class='ocrx_word' id='word_1_739' title='bbox 1074 1692 1225 1725; x_wconf 88' lang='lat' dir='ltr'>praecepta</span> <span class='ocrx_word' id='word_1_740' title='bbox 1249 1684 1308 1715; x_wconf 90' lang='lat' dir='ltr'>Dei</span> <span class='ocrx_word' id='word_1_741' title='bbox 1324 1685 1355 1715; x_wconf 85' lang='lat' dir='ltr'>S.</span> <span class='ocrx_word' id='word_1_742' title='bbox 1372 1684 1406 1715; x_wconf 84' lang='lat' dir='ltr'>B.</span> <span class='ocrx_word' id='word_1_743' title='bbox 1429 1685 1609 1716; x_wconf 87' lang='lat' dir='ltr'>observant?</span> <span class='ocrx_word' id='word_1_744' title='bbox 1631 1686 1671 1717; x_wconf 87' lang='lat' dir='ltr'>ib.</span> <span class='ocrx_word' id='word_1_745' title='bbox 1691 1686 1713 1718; x_wconf 88' lang='lat' dir='ltr'>f.</span> <span class='ocrx_word' id='word_1_746' title='bbox 1737 1687 1785 1728; x_wconf 87' lang='lat'>78.</span> <span class='ocrx_word' id='word_1_747' title='bbox 1807 1694 1843 1727; x_wconf 48' lang='lat'>²2⁸</span> 
     </span>
     <span class='ocr_line' id='line_1_96' title="bbox 1000 1725 1845 1771; baseline 0.004 -13"><span class='ocrx_word' id='word_1_748' title='bbox 1000 1726 1136 1758; x_wconf 89' lang='lat' dir='ltr'>Domine</span> <span class='ocrx_word' id='word_1_749' title='bbox 1146 1749 1156 1764; x_wconf 88' lang='lat'>,</span> <span class='ocrx_word' id='word_1_750' title='bbox 1173 1725 1272 1757; x_wconf 90' lang='lat' dir='ltr'>Adam</span> <span class='ocrx_word' id='word_1_751' title='bbox 1285 1726 1391 1767; x_wconf 83' lang='lat' dir='ltr'>dignus</span> <span class='ocrx_word' id='word_1_752' title='bbox 1405 1735 1464 1758; x_wconf 87' lang='lat' dir='ltr'>erat</span> <span class='ocrx_word' id='word_1_753' title='bbox 1479 1736 1594 1766; x_wconf 87' lang='lat' dir='ltr'>morte,</span> <span class='ocrx_word' id='word_1_754' title='bbox 1616 1738 1686 1759; x_wconf 90' lang='lat' dir='ltr'>nam</span> <span class='ocrx_word' id='word_1_755' title='bbox 1702 1737 1845 1771; x_wconf 54' lang='lat' dir='ltr'>praecep-g</span> 
     </span>
     <span class='ocr_line' id='line_1_97' title="bbox 999 1768 1845 1812; baseline 0.007 -14"><span class='ocrx_word' id='word_1_756' title='bbox 999 1775 1065 1799; x_wconf 92' lang='lat' dir='ltr'>tum</span> <span class='ocrx_word' id='word_1_757' title='bbox 1082 1769 1146 1801; x_wconf 90' lang='lat' dir='ltr'>leve</span> <span class='ocrx_word' id='word_1_758' title='bbox 1161 1776 1239 1809; x_wconf 84' lang='lat' dir='ltr'>erat,</span> <span class='ocrx_word' id='word_1_759' title='bbox 1260 1768 1341 1810; x_wconf 90' lang='lat' dir='ltr'>quod</span> <span class='ocrx_word' id='word_1_760' title='bbox 1357 1769 1528 1811; x_wconf 82' lang='lat' dir='ltr'>praecepisti</span> <span class='ocrx_word' id='word_1_761' title='bbox 1544 1770 1615 1811; x_wconf 82' lang='lat' dir='ltr'>ipfi,</span> <span class='ocrx_word' id='word_1_762' title='bbox 1638 1772 1670 1803; x_wconf 73' lang='grc' dir='ltr'>δε</span> <span class='ocrx_word' id='word_1_763' title='bbox 1688 1779 1787 1804; x_wconf 87' lang='lat' dir='ltr'>tamen</span> <span class='ocrx_word' id='word_1_764' title='bbox 1803 1772 1845 1812; x_wconf 43' lang='lat' dir='ltr'>il&lt;</span> 
     </span>
     <span class='ocr_line' id='line_1_98' title="bbox 998 1810 1845 1855; baseline 0.007 -14"><span class='ocrx_word' id='word_1_765' title='bbox 998 1810 1049 1841; x_wconf 91' lang='lat' dir='ltr'>lud</span> <span class='ocrx_word' id='word_1_766' title='bbox 1076 1810 1130 1842; x_wconf 89' lang='lat' dir='ltr'>fuit</span> <span class='ocrx_word' id='word_1_767' title='bbox 1147 1811 1349 1853; x_wconf 67' lang='lat' dir='ltr'>transgressm&#39;,</span> <span class='ocrx_word' id='word_1_768' title='bbox 1369 1820 1522 1853; x_wconf 83' lang='lat' dir='ltr'>propterea</span> <span class='ocrx_word' id='word_1_769' title='bbox 1538 1820 1636 1844; x_wconf 90' lang='lat' dir='ltr'>morte</span> <span class='ocrx_word' id='word_1_770' title='bbox 1651 1813 1756 1855; x_wconf 88' lang='lat' dir='ltr'>dignus</span> <span class='ocrx_word' id='word_1_771' title='bbox 1772 1815 1845 1855; x_wconf 52' lang='lat' dir='ltr'>fuitq</span> 
     </span>
     <span class='ocr_line' id='line_1_99' title="bbox 998 1853 1846 1900; baseline 0.006 -16"><span class='ocrx_word' id='word_1_772' title='bbox 998 1853 1166 1885; x_wconf 69' lang='lat' dir='ltr'>Nedarivnf.</span> <span class='ocrx_word' id='word_1_773' title='bbox 1182 1863 1230 1895; x_wconf 86' lang='lat'>31.</span> <span class='ocrx_word' id='word_1_774' title='bbox 1241 1864 1270 1885; x_wconf 91' lang='lat'>2.</span> <span class='ocrx_word' id='word_1_775' title='bbox 1294 1853 1407 1894; x_wconf 86' lang='lat' dir='ltr'>Magna</span> <span class='ocrx_word' id='word_1_776' title='bbox 1423 1864 1465 1884; x_wconf 90' lang='lat' dir='ltr'>res</span> <span class='ocrx_word' id='word_1_777' title='bbox 1479 1853 1521 1885; x_wconf 90' lang='lat' dir='ltr'>est</span> <span class='ocrx_word' id='word_1_778' title='bbox 1538 1856 1846 1900; x_wconf 64' lang='lat' dir='ltr'>circumcifio‚quip-j</span> 
     </span>
     <span class='ocr_line' id='line_1_100' title="bbox 1004 1895 1841 1941; baseline 0.007 -16"><span class='ocrx_word' id='word_1_779' title='bbox 1004 1905 1040 1936; x_wconf 91' lang='lat' dir='ltr'>pe</span> <span class='ocrx_word' id='word_1_780' title='bbox 1056 1906 1130 1937; x_wconf 88' lang='lat' dir='ltr'>quae</span> <span class='ocrx_word' id='word_1_781' title='bbox 1145 1896 1225 1938; x_wconf 91' lang='lat' dir='ltr'>pellit</span> <span class='ocrx_word' id='word_1_782' title='bbox 1242 1895 1414 1936; x_wconf 84' lang='lat' dir='ltr'>sabbatum,</span> <span class='ocrx_word' id='word_1_783' title='bbox 1434 1896 1515 1937; x_wconf 91' lang='lat' dir='ltr'>quod</span> <span class='ocrx_word' id='word_1_784' title='bbox 1533 1904 1631 1929; x_wconf 85' lang='lat' dir='ltr'>tamen</span> <span class='ocrx_word' id='word_1_785' title='bbox 1647 1898 1682 1929; x_wconf 89' lang='lat' dir='ltr'>ad</span> <span class='ocrx_word' id='word_1_786' title='bbox 1698 1909 1841 1941; x_wconf 63' lang='lat' dir='ltr'>praecep-7</span> 
     </span>
     <span class='ocr_line' id='line_1_101' title="bbox 999 1938 1846 1983; baseline 0.006 -14"><span class='ocrx_word' id='word_1_787' title='bbox 999 1946 1028 1969; x_wconf 87' lang='lat' dir='ltr'>ta</span> <span class='ocrx_word' id='word_1_788' title='bbox 1044 1940 1144 1978; x_wconf 83' lang='lat' dir='ltr'>gravia</span> <span class='ocrx_word' id='word_1_789' title='bbox 1161 1938 1295 1979; x_wconf 89' lang='lat' dir='ltr'>pertinet.</span> <span class='ocrx_word' id='word_1_790' title='bbox 1315 1939 1427 1970; x_wconf 70' lang='lat' dir='ltr'>Avvda</span> <span class='ocrx_word' id='word_1_791' title='bbox 1439 1939 1541 1970; x_wconf 88' lang='lat' dir='ltr'>Saraf.</span> <span class='ocrx_word' id='word_1_792' title='bbox 1554 1949 1582 1981; x_wconf 87' lang='lat'>3.</span> <span class='ocrx_word' id='word_1_793' title='bbox 1595 1950 1620 1972; x_wconf 94' lang='lat'>1.</span> <span class='ocrx_word' id='word_1_794' title='bbox 1645 1940 1746 1978; x_wconf 91' lang='lat' dir='ltr'>Quare</span> <span class='ocrx_word' id='word_1_795' title='bbox 1762 1946 1846 1983; x_wconf 55' lang='lat' dir='ltr'>praei</span> 
     </span>
     <span class='ocr_line' id='line_1_102' title="bbox 1000 1980 1844 2021; baseline 0.007 -11"><span class='ocrx_word' id='word_1_796' title='bbox 1000 1989 1121 2021; x_wconf 86' lang='lat' dir='ltr'>ceptum</span> <span class='ocrx_word' id='word_1_797' title='bbox 1144 1980 1180 2010; x_wconf 89' lang='lat' dir='ltr'>de</span> <span class='ocrx_word' id='word_1_798' title='bbox 1202 1981 1365 2011; x_wconf 87' lang='lat' dir='ltr'>extruendo</span> <span class='ocrx_word' id='word_1_799' title='bbox 1389 1982 1578 2013; x_wconf 89' lang='lat' dir='ltr'>tabernaculo</span> <span class='ocrx_word' id='word_1_800' title='bbox 1606 1992 1732 2015; x_wconf 89' lang='lat' dir='ltr'>vocatur</span> <span class='ocrx_word' id='word_1_801' title='bbox 1754 1985 1844 2016; x_wconf 82' lang='lat' dir='ltr'>leve?</span> 
     </span>
     <span class='ocr_line' id='line_1_103' title="bbox 999 2022 1846 2065; baseline 0.006 -13"><span class='ocrx_word' id='word_1_802' title='bbox 999 2022 1080 2060; x_wconf 87' lang='lat' dir='ltr'>Quia</span> <span class='ocrx_word' id='word_1_803' title='bbox 1104 2024 1135 2053; x_wconf 90' lang='lat' dir='ltr'>in</span> <span class='ocrx_word' id='word_1_804' title='bbox 1160 2032 1197 2053; x_wconf 88' lang='lat' dir='ltr'>eo</span> <span class='ocrx_word' id='word_1_805' title='bbox 1227 2032 1290 2053; x_wconf 90' lang='lat' dir='ltr'>non</span> <span class='ocrx_word' id='word_1_806' title='bbox 1315 2023 1356 2054; x_wconf 91' lang='lat' dir='ltr'>est</span> <span class='ocrx_word' id='word_1_807' title='bbox 1373 2024 1492 2065; x_wconf 89' lang='lat' dir='ltr'>penuria</span> <span class='ocrx_word' id='word_1_808' title='bbox 1512 2025 1615 2056; x_wconf 92' lang='lat' dir='ltr'>loculi.</span> <span class='ocrx_word' id='word_1_809' title='bbox 1648 2025 1747 2056; x_wconf 84' lang='lat' dir='ltr'>Cholin</span> <span class='ocrx_word' id='word_1_810' title='bbox 1767 2025 1846 2060; x_wconf 64' lang='lat' dir='ltr'>XII.</span> 
     </span>
     <span class='ocr_line' id='line_1_104' title="bbox 1000 2064 1844 2108; baseline 0.007 -14"><span class='ocrx_word' id='word_1_811' title='bbox 1000 2073 1027 2104; x_wconf 32' lang='grc' dir='ltr'>ς..</span> <span class='ocrx_word' id='word_1_812' title='bbox 1049 2064 1142 2096; x_wconf 88' lang='lat' dir='ltr'>Deut.</span> <span class='ocrx_word' id='word_1_813' title='bbox 1166 2064 1274 2097; x_wconf 85' lang='lat' dir='ltr'>XXII.</span> <span class='ocrx_word' id='word_1_814' title='bbox 1298 2066 1344 2096; x_wconf 90' lang='lat'>16.</span> <span class='ocrx_word' id='word_1_815' title='bbox 1386 2066 1584 2108; x_wconf 87' lang='lat' dir='ltr'>Praeceptum</span> <span class='ocrx_word' id='word_1_816' title='bbox 1607 2067 1668 2098; x_wconf 88' lang='lat' dir='ltr'>hoc</span> <span class='ocrx_word' id='word_1_817' title='bbox 1690 2068 1755 2100; x_wconf 87' lang='lat' dir='ltr'>leve</span> <span class='ocrx_word' id='word_1_818' title='bbox 1778 2068 1844 2108; x_wconf 85' lang='lat' dir='ltr'>est,</span> 
     </span>
     <span class='ocr_line' id='line_1_105' title="bbox 996 2106 1844 2147; baseline 0.008 -11"><span class='ocrx_word' id='word_1_819' title='bbox 996 2106 1078 2147; x_wconf 91' lang='lat' dir='ltr'>quod</span> <span class='ocrx_word' id='word_1_820' title='bbox 1096 2108 1146 2139; x_wconf 91' lang='lat' dir='ltr'>vix</span> <span class='ocrx_word' id='word_1_821' title='bbox 1163 2106 1266 2138; x_wconf 84' lang='lat' dir='ltr'>affatio</span> <span class='ocrx_word' id='word_1_822' title='bbox 1280 2107 1432 2144; x_wconf 84' lang='lat' dir='ltr'>aestimes,</span> <span class='ocrx_word' id='word_1_823' title='bbox 1443 2110 1476 2140; x_wconf 69' lang='grc' dir='ltr'>ὅ(</span> <span class='ocrx_word' id='word_1_824' title='bbox 1494 2117 1592 2140; x_wconf 87' lang='lat' dir='ltr'>tamen</span> <span class='ocrx_word' id='word_1_825' title='bbox 1610 2109 1674 2140; x_wconf 90' lang='lat' dir='ltr'>Lex</span> <span class='ocrx_word' id='word_1_826' title='bbox 1689 2110 1784 2142; x_wconf 84' lang='lat' dir='ltr'>addit:</span> <span class='ocrx_word' id='word_1_827' title='bbox 1809 2120 1844 2143; x_wconf 89' lang='lat' dir='ltr'>ut</span> 
     </span>
     <span class='ocr_line' id='line_1_106' title="bbox 997 2149 1844 2192; baseline 0.007 -13"><span class='ocrx_word' id='word_1_828' title='bbox 997 2149 1072 2180; x_wconf 83' lang='lat' dir='ltr'>bene</span> <span class='ocrx_word' id='word_1_829' title='bbox 1081 2150 1136 2180; x_wconf 86' lang='lat' dir='ltr'>tibi</span> <span class='ocrx_word' id='word_1_830' title='bbox 1153 2150 1205 2189; x_wconf 82' lang='lat' dir='ltr'>fit,</span> <span class='ocrx_word' id='word_1_831' title='bbox 1218 2151 1252 2181; x_wconf 78' lang='grc' dir='ltr'>ὅτ.</span> <span class='ocrx_word' id='word_1_832' title='bbox 1268 2150 1362 2181; x_wconf 90' lang='lat' dir='ltr'>vitam</span> <span class='ocrx_word' id='word_1_833' title='bbox 1377 2158 1458 2181; x_wconf 90' lang='lat' dir='ltr'>tuam</span> <span class='ocrx_word' id='word_1_834' title='bbox 1475 2150 1645 2192; x_wconf 89' lang='lat' dir='ltr'>prolonges.</span> <span class='ocrx_word' id='word_1_835' title='bbox 1665 2151 1750 2184; x_wconf 88' lang='lat' dir='ltr'>Hinc</span> <span class='ocrx_word' id='word_1_836' title='bbox 1768 2164 1844 2185; x_wconf 90' lang='lat' dir='ltr'>con-</span> 
     </span>
     <span class='ocr_line' id='line_1_107' title="bbox 1000 2191 1844 2238; baseline 0.007 -17"><span class='ocrx_word' id='word_1_837' title='bbox 1000 2191 1106 2231; x_wconf 84' lang='lat' dir='ltr'>clude,</span> <span class='ocrx_word' id='word_1_838' title='bbox 1127 2199 1238 2232; x_wconf 89' lang='lat' dir='ltr'>quanto</span> <span class='ocrx_word' id='word_1_839' title='bbox 1256 2193 1381 2232; x_wconf 83' lang='lat' dir='ltr'>majores</span> <span class='ocrx_word' id='word_1_840' title='bbox 1399 2192 1603 2232; x_wconf 85' lang='lat' dir='ltr'>prorniffiones</span> <span class='ocrx_word' id='word_1_841' title='bbox 1618 2194 1743 2226; x_wconf 88' lang='lat' dir='ltr'>habeant</span> <span class='ocrx_word' id='word_1_842' title='bbox 1759 2206 1844 2238; x_wconf 88' lang='lat' dir='ltr'>prae-</span> 
     </span>
     <span class='ocr_line' id='line_1_108' title="bbox 999 2233 1843 2276; baseline 0.007 -12"><span class='ocrx_word' id='word_1_843' title='bbox 999 2242 1085 2275; x_wconf 85' lang='lat' dir='ltr'>cepta</span> <span class='ocrx_word' id='word_1_844' title='bbox 1102 2235 1200 2274; x_wconf 86' lang='lat' dir='ltr'>gravia</span> <span class='ocrx_word' id='word_1_845' title='bbox 1215 2233 1295 2273; x_wconf 86' lang='lat' dir='ltr'>legis.</span> <span class='ocrx_word' id='word_1_846' title='bbox 1316 2234 1476 2264; x_wconf 83' lang='lat' dir='ltr'>Tanchuma</span> <span class='ocrx_word' id='word_1_847' title='bbox 1497 2234 1518 2265; x_wconf 91' lang='lat' dir='ltr'>f.</span> <span class='ocrx_word' id='word_1_848' title='bbox 1541 2235 1590 2276; x_wconf 84' lang='lat'>83.</span> <span class='ocrx_word' id='word_1_849' title='bbox 1609 2246 1637 2267; x_wconf 85' lang='lat'>2.</span> <span class='ocrx_word' id='word_1_850' title='bbox 1662 2236 1740 2269; x_wconf 91' lang='lat' dir='ltr'>Non</span> <span class='ocrx_word' id='word_1_851' title='bbox 1758 2240 1843 2271; x_wconf 84' lang='lat' dir='ltr'>datur</span> 
     </span>
     <span class='ocr_line' id='line_1_109' title="bbox 1410 2276 1843 2317; baseline 0.014 -10"><span class='ocrx_word' id='word_1_852' title='bbox 1410 2276 1492 2317; x_wconf 92' lang='lat' dir='ltr'>quod</span> <span class='ocrx_word' id='word_1_853' title='bbox 1507 2276 1549 2308; x_wconf 90' lang='lat' dir='ltr'>est</span> <span class='ocrx_word' id='word_1_854' title='bbox 1567 2279 1603 2309; x_wconf 93' lang='lat' dir='ltr'>de</span> <span class='ocrx_word' id='word_1_855' title='bbox 1621 2278 1755 2311; x_wconf 82' lang='lat' dir='ltr'>missione</span> <span class='ocrx_word' id='word_1_856' title='bbox 1770 2282 1843 2312; x_wconf 81' lang='lat' dir='ltr'>avis.</span> 
     </span>
     <span class='ocr_line' id='line_1_110' title="bbox 1000 2316 1844 2363; baseline 0.009 -17"><span class='ocrx_word' id='word_1_857' title='bbox 1000 2316 1112 2358; x_wconf 82' lang='lat' dir='ltr'>Jalkut</span> <span class='ocrx_word' id='word_1_858' title='bbox 1130 2320 1233 2348; x_wconf 79' lang='lat' dir='ltr'>Simoni</span> <span class='ocrx_word' id='word_1_859' title='bbox 1254 2317 1289 2348; x_wconf 92' lang='lat' dir='ltr'>P.</span> <span class='ocrx_word' id='word_1_860' title='bbox 1305 2317 1327 2349; x_wconf 89' lang='lat' dir='ltr'>I.</span> <span class='ocrx_word' id='word_1_861' title='bbox 1351 2318 1433 2353; x_wconf 85' lang='lat' dir='ltr'>f.61.</span> <span class='ocrx_word' id='word_1_862' title='bbox 1456 2329 1485 2350; x_wconf 80' lang='lat'>2.</span> <span class='ocrx_word' id='word_1_863' title='bbox 1513 2320 1544 2351; x_wconf 92' lang='lat' dir='ltr'>Si</span> <span class='ocrx_word' id='word_1_864' title='bbox 1559 2319 1635 2351; x_wconf 88' lang='lat' dir='ltr'>festo</span> <span class='ocrx_word' id='word_1_865' title='bbox 1654 2321 1719 2361; x_wconf 84' lang='lat' dir='ltr'>die,</span> <span class='ocrx_word' id='word_1_866' title='bbox 1734 2324 1783 2363; x_wconf 84' lang='lat' dir='ltr'>qni</span> <span class='ocrx_word' id='word_1_867' title='bbox 1801 2324 1844 2354; x_wconf 85' lang='lat' dir='ltr'>le-</span> 
     </span>
     <span class='ocr_line' id='line_1_111' title="bbox 1001 2359 1845 2405; baseline 0.008 -15"><span class='ocrx_word' id='word_1_868' title='bbox 1001 2361 1066 2390; x_wconf 87' lang='lat' dir='ltr'>vior</span> <span class='ocrx_word' id='word_1_869' title='bbox 1092 2359 1151 2398; x_wconf 81' lang='lat' dir='ltr'>est,</span> <span class='ocrx_word' id='word_1_870' title='bbox 1174 2369 1277 2391; x_wconf 83' lang='lat' dir='ltr'>cavere</span> <span class='ocrx_word' id='word_1_871' title='bbox 1303 2361 1356 2391; x_wconf 91' lang='lat' dir='ltr'>tibi</span> <span class='ocrx_word' id='word_1_872' title='bbox 1384 2360 1470 2392; x_wconf 87' lang='lat' dir='ltr'>debes</span> <span class='ocrx_word' id='word_1_873' title='bbox 1491 2362 1529 2393; x_wconf 90' lang='lat' dir='ltr'>ab</span> <span class='ocrx_word' id='word_1_874' title='bbox 1546 2371 1635 2401; x_wconf 89' lang='lat' dir='ltr'>opere</span> <span class='ocrx_word' id='word_1_875' title='bbox 1654 2383 1714 2387; x_wconf 91' lang='lat'>—</span> <span class='ocrx_word' id='word_1_876' title='bbox 1731 2375 1845 2405; x_wconf 91' lang='lat' dir='ltr'>quanto</span> 
     </span>
     <span class='ocr_line' id='line_1_112' title="bbox 1001 2402 1842 2445; baseline 0.008 -13"><span class='ocrx_word' id='word_1_877' title='bbox 1001 2402 1093 2441; x_wconf 81' lang='lat' dir='ltr'>magis</span> <span class='ocrx_word' id='word_1_878' title='bbox 1118 2403 1258 2442; x_wconf 80' lang='lat' dir='ltr'>sabbate,</span> <span class='ocrx_word' id='word_1_879' title='bbox 1279 2402 1360 2443; x_wconf 84' lang='lat' dir='ltr'>quod</span> <span class='ocrx_word' id='word_1_880' title='bbox 1377 2405 1492 2444; x_wconf 86' lang='lat' dir='ltr'>gravius</span> <span class='ocrx_word' id='word_1_881' title='bbox 1514 2403 1565 2435; x_wconf 89' lang='lat' dir='ltr'>est.</span> <span class='ocrx_word' id='word_1_882' title='bbox 1586 2405 1715 2445; x_wconf 84' lang='lat' dir='ltr'>Edajoth</span> <span class='ocrx_word' id='word_1_883' title='bbox 1734 2407 1792 2439; x_wconf 91' lang='lat' dir='ltr'>IV.</span> <span class='ocrx_word' id='word_1_884' title='bbox 1814 2417 1842 2439; x_wconf 88' lang='lat'>1.</span> 
     </span>
     <span class='ocr_line' id='line_1_113' title="bbox 999 2444 1844 2492; baseline 0.007 -17"><span class='ocrx_word' id='word_1_885' title='bbox 999 2444 1032 2475; x_wconf 89' lang='lat'>&amp;</span> <span class='ocrx_word' id='word_1_886' title='bbox 1055 2444 1095 2475; x_wconf 90' lang='lat' dir='ltr'>V.</span> <span class='ocrx_word' id='word_1_887' title='bbox 1121 2454 1146 2475; x_wconf 94' lang='lat'>1.</span> <span class='ocrx_word' id='word_1_888' title='bbox 1157 2454 1185 2476; x_wconf 87' lang='lat'>2.</span> <span class='ocrx_word' id='word_1_889' title='bbox 1198 2454 1224 2485; x_wconf 79' lang='lat'>3.</span> <span class='ocrx_word' id='word_1_890' title='bbox 1236 2455 1267 2486; x_wconf 93' lang='lat'>4.</span> <span class='ocrx_word' id='word_1_891' title='bbox 1287 2444 1354 2476; x_wconf 85' lang='lat' dir='ltr'>Hae</span> <span class='ocrx_word' id='word_1_892' title='bbox 1371 2456 1415 2476; x_wconf 82' lang='lat' dir='ltr'>res</span> <span class='ocrx_word' id='word_1_893' title='bbox 1429 2446 1465 2476; x_wconf 90' lang='lat' dir='ltr'>ad</span> <span class='ocrx_word' id='word_1_894' title='bbox 1482 2456 1633 2488; x_wconf 89' lang='lat' dir='ltr'>praecepta</span> <span class='ocrx_word' id='word_1_895' title='bbox 1650 2449 1759 2481; x_wconf 87' lang='lat' dir='ltr'>leviora</span> <span class='ocrx_word' id='word_1_896' title='bbox 1777 2459 1844 2492; x_wconf 84' lang='lat' dir='ltr'>per-</span> 
     </span>
     <span class='ocr_line' id='line_1_114' title="bbox 1000 2486 1844 2532; baseline 0.007 -14"><span class='ocrx_word' id='word_1_897' title='bbox 1000 2488 1094 2518; x_wconf 89' lang='lat' dir='ltr'>tinent</span> <span class='ocrx_word' id='word_1_898' title='bbox 1108 2495 1142 2517; x_wconf 85' lang='lat' dir='ltr'>ex</span> <span class='ocrx_word' id='word_1_899' title='bbox 1160 2486 1296 2518; x_wconf 82' lang='lat' dir='ltr'>sententia</span> <span class='ocrx_word' id='word_1_900' title='bbox 1313 2487 1576 2519; x_wconf 83' lang='lat' dir='ltr'>Sammaeanorum</span> <span class='ocrx_word' id='word_1_901' title='bbox 1585 2515 1595 2531; x_wconf 82' lang='grc'>,</span> <span class='ocrx_word' id='word_1_902' title='bbox 1605 2491 1640 2521; x_wconf 87' lang='lat' dir='ltr'>ad</span> <span class='ocrx_word' id='word_1_903' title='bbox 1656 2493 1756 2532; x_wconf 84' lang='lat' dir='ltr'>gravia</span> <span class='ocrx_word' id='word_1_904' title='bbox 1771 2501 1844 2523; x_wconf 86' lang='lat' dir='ltr'>vero</span> 
     </span>
     <span class='ocr_line' id='line_1_115' title="bbox 1000 2528 1844 2564; baseline 0.007 -6"><span class='ocrx_word' id='word_1_905' title='bbox 1000 2539 1035 2559; x_wconf 86' lang='lat' dir='ltr'>ex</span> <span class='ocrx_word' id='word_1_906' title='bbox 1051 2529 1189 2560; x_wconf 90' lang='lat' dir='ltr'>sententia</span> <span class='ocrx_word' id='word_1_907' title='bbox 1205 2528 1444 2562; x_wconf 85' lang='lat' dir='ltr'>Hillelianorum.</span> <span class='ocrx_word' id='word_1_908' title='bbox 1464 2532 1578 2562; x_wconf 83' lang='lat' dir='ltr'>Erubin</span> <span class='ocrx_word' id='word_1_909' title='bbox 1597 2532 1620 2563; x_wconf 91' lang='lat' dir='ltr'>f.</span> <span class='ocrx_word' id='word_1_910' title='bbox 1637 2536 1667 2564; x_wconf 95' lang='lat'>6.</span> <span class='ocrx_word' id='word_1_911' title='bbox 1689 2543 1719 2563; x_wconf 88' lang='lat'>2.</span> <span class='ocrx_word' id='word_1_912' title='bbox 1736 2534 1770 2564; x_wconf 78' lang='grc' dir='ltr'>δε</span> <span class='ocrx_word' id='word_1_913' title='bbox 1787 2537 1844 2564; x_wconf 86' lang='lat' dir='ltr'>Ros</span> 
     </span>
     <span class='ocr_line' id='line_1_116' title="bbox 1001 2570 1845 2617; baseline 0.007 -17"><span class='ocrx_word' id='word_1_914' title='bbox 1001 2570 1156 2613; x_wconf 77' lang='lat' dir='ltr'>Hafthana</span> <span class='ocrx_word' id='word_1_915' title='bbox 1176 2572 1195 2603; x_wconf 89' lang='lat' dir='ltr'>f.</span> <span class='ocrx_word' id='word_1_916' title='bbox 1219 2581 1264 2612; x_wconf 91' lang='lat'>14.</span> <span class='ocrx_word' id='word_1_917' title='bbox 1288 2582 1317 2602; x_wconf 89' lang='lat'>2.</span> <span class='ocrx_word' id='word_1_918' title='bbox 1343 2573 1407 2612; x_wconf 83' lang='lat' dir='ltr'>Qi</span> <span class='ocrx_word' id='word_1_919' title='bbox 1425 2573 1489 2604; x_wconf 89' lang='lat' dir='ltr'>vult</span> <span class='ocrx_word' id='word_1_920' title='bbox 1505 2573 1600 2605; x_wconf 84' lang='lat' dir='ltr'>facere</span> <span class='ocrx_word' id='word_1_921' title='bbox 1616 2574 1691 2605; x_wconf 84' lang='lat' dir='ltr'>levia</span> <span class='ocrx_word' id='word_1_922' title='bbox 1707 2584 1845 2617; x_wconf 87' lang='lat' dir='ltr'>praecep-</span> 
     </span>
     <span class='ocr_line' id='line_1_117' title="bbox 1003 2614 1841 2657; baseline 0.007 -13"><span class='ocrx_word' id='word_1_923' title='bbox 1003 2623 1031 2644; x_wconf 89' lang='lat' dir='ltr'>ta</span> <span class='ocrx_word' id='word_1_924' title='bbox 1050 2614 1312 2645; x_wconf 81' lang='lat' dir='ltr'>Sammaeanorum</span> <span class='ocrx_word' id='word_1_925' title='bbox 1334 2615 1367 2646; x_wconf 91' lang='lat'>&amp;</span> <span class='ocrx_word' id='word_1_926' title='bbox 1385 2615 1614 2647; x_wconf 86' lang='lat' dir='ltr'>Hillelianotum</span> <span class='ocrx_word' id='word_1_927' title='bbox 1630 2640 1641 2656; x_wconf 83' lang='lat'>,</span> <span class='ocrx_word' id='word_1_928' title='bbox 1660 2618 1769 2657; x_wconf 81' lang='lat' dir='ltr'>impius</span> <span class='ocrx_word' id='word_1_929' title='bbox 1784 2620 1841 2650; x_wconf 89' lang='lat' dir='ltr'>est:</span> 
     </span>
     <span class='ocr_line' id='line_1_118' title="bbox 1007 2656 1840 2702; baseline 0.007 -16"><span class='ocrx_word' id='word_1_930' title='bbox 1007 2656 1071 2697; x_wconf 79' lang='lat' dir='ltr'>Qri</span> <span class='ocrx_word' id='word_1_931' title='bbox 1095 2666 1168 2688; x_wconf 87' lang='lat' dir='ltr'>vero</span> <span class='ocrx_word' id='word_1_932' title='bbox 1193 2658 1292 2697; x_wconf 84' lang='lat' dir='ltr'>gravia</span> <span class='ocrx_word' id='word_1_933' title='bbox 1309 2664 1505 2697; x_wconf 89' lang='lat' dir='ltr'>utrorumque</span> <span class='ocrx_word' id='word_1_934' title='bbox 1523 2666 1673 2699; x_wconf 80' lang='lat' dir='ltr'>praecepta</span> <span class='ocrx_word' id='word_1_935' title='bbox 1690 2659 1840 2702; x_wconf 83' lang='lat' dir='ltr'>observat,</span> 
     </span>
     <span class='ocr_line' id='line_1_119' title="bbox 1001 2697 1845 2739; baseline 0.008 -11"><span class='ocrx_word' id='word_1_936' title='bbox 1001 2697 1038 2728; x_wconf 90' lang='lat' dir='ltr'>de</span> <span class='ocrx_word' id='word_1_937' title='bbox 1061 2708 1098 2728; x_wconf 84' lang='lat' dir='ltr'>eo</span> <span class='ocrx_word' id='word_1_938' title='bbox 1119 2698 1259 2739; x_wconf 84' lang='lat' dir='ltr'>scriptura</span> <span class='ocrx_word' id='word_1_939' title='bbox 1287 2698 1373 2730; x_wconf 84' lang='lat' dir='ltr'>dicit:</span> <span class='ocrx_word' id='word_1_940' title='bbox 1399 2699 1500 2730; x_wconf 88' lang='lat' dir='ltr'>stultus</span> <span class='ocrx_word' id='word_1_941' title='bbox 1525 2701 1554 2730; x_wconf 93' lang='lat' dir='ltr'>in</span> <span class='ocrx_word' id='word_1_942' title='bbox 1571 2701 1698 2732; x_wconf 81' lang='lat' dir='ltr'>tenebris</span> <span class='ocrx_word' id='word_1_943' title='bbox 1712 2703 1845 2735; x_wconf 85' lang='lat' dir='ltr'>ambulat</span> 
     </span>
     <span class='ocr_line' id='line_1_120' title="bbox 1003 2739 1846 2781; baseline 0.008 -12"><span class='ocrx_word' id='word_1_944' title='bbox 1003 2739 1107 2781; x_wconf 76' lang='lat' dir='ltr'>Ecclefi</span> <span class='ocrx_word' id='word_1_945' title='bbox 1127 2740 1166 2771; x_wconf 86' lang='grc' dir='ltr'>ΙΙ.</span> <span class='ocrx_word' id='word_1_946' title='bbox 1192 2750 1238 2780; x_wconf 86' lang='lat'>14.</span> <span class='ocrx_word' id='word_1_947' title='bbox 1268 2740 1324 2771; x_wconf 90' lang='lat' dir='ltr'>Sed</span> <span class='ocrx_word' id='word_1_948' title='bbox 1343 2742 1381 2772; x_wconf 87' lang='lat' dir='ltr'>ita</span> <span class='ocrx_word' id='word_1_949' title='bbox 1397 2741 1607 2772; x_wconf 86' lang='lat' dir='ltr'>instituendum</span> <span class='ocrx_word' id='word_1_950' title='bbox 1624 2742 1682 2774; x_wconf 87' lang='lat' dir='ltr'>est:</span> <span class='ocrx_word' id='word_1_951' title='bbox 1707 2743 1739 2774; x_wconf 89' lang='lat' dir='ltr'>Si</span> <span class='ocrx_word' id='word_1_952' title='bbox 1756 2745 1846 2776; x_wconf 82' lang='lat' dir='ltr'>Sam·</span> 
     </span>
     <span class='ocr_line' id='line_1_121' title="bbox 1004 2782 1845 2822; baseline 0.007 -10"><span class='ocrx_word' id='word_1_953' title='bbox 1004 2792 1142 2813; x_wconf 77' lang='lat' dir='ltr'>macanos</span> <span class='ocrx_word' id='word_1_954' title='bbox 1160 2782 1300 2822; x_wconf 81' lang='lat' dir='ltr'>sequeris,</span> <span class='ocrx_word' id='word_1_955' title='bbox 1312 2782 1493 2813; x_wconf 87' lang='lat' dir='ltr'>observanda</span> <span class='ocrx_word' id='word_1_956' title='bbox 1510 2784 1565 2814; x_wconf 89' lang='lat' dir='ltr'>tibi</span> <span class='ocrx_word' id='word_1_957' title='bbox 1582 2784 1646 2815; x_wconf 83' lang='lat' dir='ltr'>sunt</span> <span class='ocrx_word' id='word_1_958' title='bbox 1664 2786 1697 2816; x_wconf 90' lang='lat'>&amp;</span> <span class='ocrx_word' id='word_1_959' title='bbox 1714 2786 1791 2817; x_wconf 82' lang='lat' dir='ltr'>levia</span> <span class='ocrx_word' id='word_1_960' title='bbox 1809 2788 1845 2818; x_wconf 72' lang='grc' dir='ltr'>δε</span> 
     </span>
     <span class='ocr_line' id='line_1_122' title="bbox 1004 2826 1846 2868; baseline 0.008 -14"><span class='ocrx_word' id='word_1_961' title='bbox 1004 2826 1105 2865; x_wconf 85' lang='lat' dir='ltr'>gravia</span> <span class='ocrx_word' id='word_1_962' title='bbox 1131 2834 1236 2854; x_wconf 90' lang='lat' dir='ltr'>eorum</span> <span class='ocrx_word' id='word_1_963' title='bbox 1259 2833 1427 2864; x_wconf 84' lang='lat' dir='ltr'>praecepta:</span> <span class='ocrx_word' id='word_1_964' title='bbox 1451 2826 1484 2856; x_wconf 78' lang='grc' dir='ltr'>ὅ(</span> <span class='ocrx_word' id='word_1_965' title='bbox 1510 2826 1548 2856; x_wconf 85' lang='lat' dir='ltr'>fic</span> <span class='ocrx_word' id='word_1_966' title='bbox 1564 2836 1682 2868; x_wconf 89' lang='lat' dir='ltr'>quoque</span> <span class='ocrx_word' id='word_1_967' title='bbox 1697 2827 1733 2858; x_wconf 88' lang='lat' dir='ltr'>de</span> <span class='ocrx_word' id='word_1_968' title='bbox 1749 2828 1846 2861; x_wconf 85' lang='lat' dir='ltr'>Hille-</span> 
     </span>
     <span class='ocr_line' id='line_1_123' title="bbox 1006 2865 1845 2914; baseline 0.007 -17"><span class='ocrx_word' id='word_1_969' title='bbox 1006 2866 1098 2897; x_wconf 89' lang='lat' dir='ltr'>lianis.</span> <span class='ocrx_word' id='word_1_970' title='bbox 1119 2865 1258 2896; x_wconf 83' lang='lat' dir='ltr'>Debarim</span> <span class='ocrx_word' id='word_1_971' title='bbox 1278 2868 1318 2898; x_wconf 89' lang='lat' dir='ltr'>R.</span> <span class='ocrx_word' id='word_1_972' title='bbox 1338 2866 1394 2898; x_wconf 89' lang='lat' dir='ltr'>VI.</span> <span class='ocrx_word' id='word_1_973' title='bbox 1419 2866 1504 2898; x_wconf 82' lang='lat' dir='ltr'>Deus</span> <span class='ocrx_word' id='word_1_974' title='bbox 1522 2870 1690 2901; x_wconf 82' lang='lat' dir='ltr'>mercedem</span> <span class='ocrx_word' id='word_1_975' title='bbox 1706 2879 1845 2914; x_wconf 84' lang='lat' dir='ltr'>praecep-</span> 
     </span>
     <span class='ocr_line' id='line_1_124' title="bbox 1006 2908 1846 2955; baseline 0.007 -15"><span class='ocrx_word' id='word_1_976' title='bbox 1006 2917 1107 2940; x_wconf 88' lang='lat' dir='ltr'>torum</span> <span class='ocrx_word' id='word_1_977' title='bbox 1124 2908 1243 2940; x_wconf 89' lang='lat' dir='ltr'>suorum</span> <span class='ocrx_word' id='word_1_978' title='bbox 1260 2918 1323 2939; x_wconf 92' lang='lat' dir='ltr'>non</span> <span class='ocrx_word' id='word_1_979' title='bbox 1340 2909 1450 2950; x_wconf 88' lang='lat' dir='ltr'>aperuit</span> <span class='ocrx_word' id='word_1_980' title='bbox 1461 2911 1606 2951; x_wconf 75' lang='lat' dir='ltr'>,exceptis</span> <span class='ocrx_word' id='word_1_981' title='bbox 1623 2911 1846 2955; x_wconf 74' lang='lat' dir='ltr'>duobus‚quo-</span> 
     </span>
     <span class='ocr_line' id='line_1_125' title="bbox 1008 2950 1849 2992; baseline 0.008 -11"><span class='ocrx_word' id='word_1_982' title='bbox 1008 2960 1075 2982; x_wconf 88' lang='lat' dir='ltr'>rum</span> <span class='ocrx_word' id='word_1_983' title='bbox 1093 2950 1215 2982; x_wconf 85' lang='lat' dir='ltr'>alterum</span> <span class='ocrx_word' id='word_1_984' title='bbox 1225 2951 1268 2981; x_wconf 87' lang='lat' dir='ltr'>est</span> <span class='ocrx_word' id='word_1_985' title='bbox 1283 2953 1419 2992; x_wconf 86' lang='lat' dir='ltr'>gravium</span> <span class='ocrx_word' id='word_1_986' title='bbox 1427 2953 1629 2992; x_wconf 75' lang='lat' dir='ltr'>gravissimum</span> <span class='ocrx_word' id='word_1_987' title='bbox 1641 2955 1780 2991; x_wconf 85' lang='lat' dir='ltr'>‚alterurn</span> <span class='ocrx_word' id='word_1_988' title='bbox 1797 2967 1849 2988; x_wconf 90' lang='lat' dir='ltr'>ve-</span> 
     </span>
     <span class='ocr_line' id='line_1_126' title="bbox 1009 2991 1845 3031; baseline 0.01 -8"><span class='ocrx_word' id='word_1_989' title='bbox 1009 3004 1044 3024; x_wconf 90' lang='lat' dir='ltr'>ro</span> <span class='ocrx_word' id='word_1_990' title='bbox 1064 2993 1175 3024; x_wconf 85' lang='lat' dir='ltr'>levium</span> <span class='ocrx_word' id='word_1_991' title='bbox 1191 2991 1370 3024; x_wconf 85' lang='lat' dir='ltr'>leviffimum</span> <span class='ocrx_word' id='word_1_992' title='bbox 1387 2995 1447 3026; x_wconf 80' lang='lat' dir='ltr'>Ex.</span> <span class='ocrx_word' id='word_1_993' title='bbox 1464 2992 1543 3026; x_wconf 90' lang='lat' dir='ltr'>XX.</span> <span class='ocrx_word' id='word_1_994' title='bbox 1563 3005 1612 3026; x_wconf 86' lang='lat'>12.</span> <span class='ocrx_word' id='word_1_995' title='bbox 1629 2999 1719 3029; x_wconf 75' lang='lat' dir='ltr'>Dent.</span> <span class='ocrx_word' id='word_1_996' title='bbox 1736 2997 1845 3031; x_wconf 84' lang='lat' dir='ltr'>XXII.</span> 
     </span>
     <span class='ocr_line' id='line_1_127' title="bbox 1009 3036 1848 3076; baseline 0.008 -11"><span class='ocrx_word' id='word_1_997' title='bbox 1009 3036 1038 3065; x_wconf 89' lang='lat'>6.</span> <span class='ocrx_word' id='word_1_998' title='bbox 1060 3036 1173 3076; x_wconf 61' lang='lat' dir='ltr'>Hieros?</span> <span class='ocrx_word' id='word_1_999' title='bbox 1193 3037 1250 3065; x_wconf 75' lang='lat' dir='ltr'>Pea</span> <span class='ocrx_word' id='word_1_1000' title='bbox 1273 3045 1299 3067; x_wconf 89' lang='lat'>1.</span> <span class='ocrx_word' id='word_1_1001' title='bbox 1320 3037 1438 3067; x_wconf 65' lang='lat' dir='ltr'>Erum-in</span> <span class='ocrx_word' id='word_1_1002' title='bbox 1459 3037 1480 3067; x_wconf 84' lang='lat' dir='ltr'>f.</span> <span class='ocrx_word' id='word_1_1003' title='bbox 1503 3047 1553 3068; x_wconf 86' lang='lat'>21.</span> <span class='ocrx_word' id='word_1_1004' title='bbox 1575 3047 1606 3068; x_wconf 89' lang='lat'>2.</span> <span class='ocrx_word' id='word_1_1005' title='bbox 1630 3047 1725 3070; x_wconf 86' lang='lat' dir='ltr'>vetera</span> <span class='ocrx_word' id='word_1_1006' title='bbox 1740 3041 1774 3073; x_wconf 91' lang='lat'>&amp;</span> <span class='ocrx_word' id='word_1_1007' title='bbox 1791 3047 1848 3072; x_wconf 74' lang='lat' dir='ltr'>n&#39;o·</span> 
     </span>
     <span class='ocr_line' id='line_1_128' title="bbox 1009 3076 1849 3124; baseline 0.007 -16"><span class='ocrx_word' id='word_1_1008' title='bbox 1009 3087 1046 3108; x_wconf 86' lang='lat' dir='ltr'>va</span> <span class='ocrx_word' id='word_1_1009' title='bbox 1063 3076 1151 3109; x_wconf 87' lang='lat' dir='ltr'>Cant.</span> <span class='ocrx_word' id='word_1_1010' title='bbox 1167 3077 1238 3108; x_wconf 82' lang='lat' dir='ltr'>VII.</span> <span class='ocrx_word' id='word_1_1011' title='bbox 1261 3087 1308 3119; x_wconf 87' lang='lat'>13.</span> <span class='ocrx_word' id='word_1_1012' title='bbox 1331 3078 1402 3110; x_wconf 88' lang='lat' dir='ltr'>haec</span> <span class='ocrx_word' id='word_1_1013' title='bbox 1418 3078 1483 3110; x_wconf 91' lang='lat' dir='ltr'>sunt</span> <span class='ocrx_word' id='word_1_1014' title='bbox 1501 3089 1653 3122; x_wconf 83' lang='lat' dir='ltr'>praecepta</span> <span class='ocrx_word' id='word_1_1015' title='bbox 1668 3083 1784 3124; x_wconf 83' lang='lat' dir='ltr'>gravia,</span> <span class='ocrx_word' id='word_1_1016' title='bbox 1799 3081 1849 3114; x_wconf 68' lang='lat' dir='ltr'>init</span> 
     </span>
     <span class='ocr_line' id='line_1_129' title="bbox 1009 3120 1350 3162; baseline -0.003 -11"><span class='ocrx_word' id='word_1_1017' title='bbox 1009 3129 1082 3152; x_wconf 86' lang='lat' dir='ltr'>veto</span> <span class='ocrx_word' id='word_1_1018' title='bbox 1099 3128 1251 3162; x_wconf 88' lang='lat' dir='ltr'>praecepta</span> <span class='ocrx_word' id='word_1_1019' title='bbox 1266 3120 1350 3153; x_wconf 84' lang='lat' dir='ltr'>levia.</span> 
     </span>
     <span class='ocr_line' id='line_1_130' title="bbox 1054 3161 1847 3207; baseline 0.011 -15"><span class='ocrx_word' id='word_1_1020' title='bbox 1054 3161 1093 3194; x_wconf 53' lang='grc' dir='ltr'>τἠν</span> <span class='ocrx_word' id='word_1_1021' title='bbox 1107 3162 1181 3202; x_wconf 51' lang='lat' dir='ltr'>’‘pafo-tv</span> <span class='ocrx_word' id='word_1_1022' title='bbox 1196 3163 1239 3193; x_wconf 67' lang='grc' dir='ltr'>καὶ</span> <span class='ocrx_word' id='word_1_1023' title='bbox 1256 3163 1294 3192; x_wconf 62' lang='grc' dir='ltr'>τὶν</span> <span class='ocrx_word' id='word_1_1024' title='bbox 1308 3163 1386 3204; x_wconf 68' lang='grc' dir='ltr'>ἵλεον]</span> <span class='ocrx_word' id='word_1_1025' title='bbox 1404 3163 1509 3205; x_wconf 68' lang='lat' dir='ltr'>Eccles.=</span> <span class='ocrx_word' id='word_1_1026' title='bbox 1523 3165 1577 3197; x_wconf 80' lang='lat' dir='ltr'>VI.</span> <span class='ocrx_word' id='word_1_1027' title='bbox 1597 3167 1626 3198; x_wconf 80' lang='lat'>6.</span> <span class='ocrx_word' id='word_1_1028' title='bbox 1642 3166 1797 3207; x_wconf 70' lang='lat' dir='ltr'>Judicl&#39;um</span> <span class='ocrx_word' id='word_1_1029' title='bbox 1811 3167 1847 3199; x_wconf 65' lang='lat'>&amp;²</span> 
     </span>
     <span class='ocr_line' id='line_1_131' title="bbox 1011 3204 1819 3251; baseline 0.004 -13"><span class='ocrx_word' id='word_1_1030' title='bbox 1011 3204 1227 3250; x_wconf 68' lang='lat' dir='ltr'>eleemosynam</span> <span class='ocrx_word' id='word_1_1031' title='bbox 1244 3215 1305 3238; x_wconf 87' lang='lat' dir='ltr'>non</span> <span class='ocrx_word' id='word_1_1032' title='bbox 1317 3205 1398 3250; x_wconf 66' lang='lat' dir='ltr'>fecit²</span> <span class='ocrx_word' id='word_1_1033' title='bbox 1417 3207 1572 3251; x_wconf 79' lang='lat' dir='ltr'>Targurn,</span> <span class='ocrx_word' id='word_1_1034' title='bbox 1595 3209 1693 3243; x_wconf 88' lang='lat' dir='ltr'>Mich.</span> <span class='ocrx_word' id='word_1_1035' title='bbox 1715 3208 1768 3241; x_wconf 86' lang='lat' dir='ltr'>VI.</span> <span class='ocrx_word' id='word_1_1036' title='bbox 1791 3219 1819 3249; x_wconf 90' lang='lat'>7.</span> 
     </span>
     <span class='ocr_line' id='line_1_132' title="bbox 1794 3253 1850 3282; baseline -0.018 0"><span class='ocrx_word' id='word_1_1037' title='bbox 1794 3253 1850 3282; x_wconf 80' lang='lat' dir='ltr'>Ec-</span> 
     </span>
    </p>
   </div>
  </div>
 </body>
</html>
