1976 3519
160 200 231 242 IV.
633 204 850 238 ΚΑΤΑ

937 203 1405 242 ΜΑΤΘΑΙΟΝ

1785 211 1862 252 28ι

126 292 175 314 aut
192 283 281 313 etiam
299 282 395 323 locis,
418 291 491 322 quae
513 281 665 320 afficiunt,
684 291 735 314 aut
756 291 836 313 certe
859 281 974 313 aliunde
1017 282 1187 321 intraverit,
1209 285 1482 327 frivolaspeculatio
1496 288 1548 320 est.
1572 288 1865 331 PrecesJudaeomm

125 326 246 356 nomina
262 327 432 366 accipiunt:
454 336 587 365 quorum
602 335 700 356 autem
711 327 810 356 causae
818 327 970 366 proximae

126 378 188 398 non
214 369 252 398 ita
270 377 387 407 patent,
407 368 439 398 &
458 368 569 399 habent
586 368 711 398 effeetus
728 368 815 409 paulo
831 368 969 399 violenti-

125 419 208 449 ores,
232 418 263 440 ut
275 409 494 441 Melancholiae
511 411 663 440 maniaeve
679 412 805 450 species,
827 411 846 440 ii
856 410 969 451 semper

124 452 184 482 fere
208 452 401 483 daemonibus
426 451 646 492 adscribuntur,
669 453 700 482 &
727 453 891 483 laborantes
915 453 970 483 illis

124 493 324 525 Daemoniaci
342 503 498 525 vocantur.
522 494 546 525 Ii
566 504 636 526 vero
654 495 772 532 morbi,
794 496 844 535 qui
862 494 897 524 ad
916 495 970 525 hos

125 537 260 577 proxime
282 537 445 575 accedunt,
465 546 497 567 ut
522 537 600 567 sacer
617 537 827 577 comitialisve,
848 537 970 567 sideralis

124 587 173 609 aut
191 580 335 609 lunaticus
354 580 493 618 morbus,
514 589 595 609 nunc
612 578 832 610 adaemonibus
842 589 922 609 nunc
931 580 968 609 ab

123 621 326 651 accidentibus
356 622 402 651 vel
433 621 521 651 causis
554 620 780 662 appellationem
806 623 968 661 accipiunt.

123 664 186 694 vid.
207 666 380 693 Hammond.
400 663 429 693 in
448 663 561 693 Matth.
583 662 688 694 XVIi.
715 674 759 704 15.
778 663 828 702 Jo.
843 664 966 695 VII-20.

164 706 191 735 8.
213 706 245 736 Si
260 708 383 736 caecitas
391 705 575 736 daemoniaci
585 715 698 736 tanturn
709 707 745 736 ab
755 706 969 747 impedimento

84 769 88 773 ·
124 757 244 779 externo
261 758 276 778 a
299 748 443 778 daemone
469 748 590 787 objecto
616 747 711 779 fuiffet
727 757 793 778 orta
805 773 814 788 ,
831 749 968 789 potuisset

123 790 203 820 idern
222 790 348 820 daemon
364 790 578 828 impedimento
589 799 691 821 amoto
701 792 795 821 caecis
805 790 900 822 visum
913 801 968 831 pro

123 832 218 863 lubitu
237 831 391 862 restituere.
414 832 486 863 Hoc
504 841 600 862 autem
618 833 712 863 facere
728 843 790 863 non
803 835 900 873 potuit
912 833 966 872 Jo.

123 873 166 906 X.
177 885 225 904 21.
235 877 314 904 Num
331 875 503 904 daemonium
508 875 595 916 potest
605 875 693 904 oculos
702 886 835 906 coecorum
843 876 966 915 aperire?

161 916 301 947 Secundo
325 917 396 948 loco
421 919 565 957 quaeritur
590 927 733 958 quaenam
758 918 845 948 fuerit
869 919 964 958 ratio,

122 969 175 990 cur
183 959 424 998 homines,certo
440 960 571 1000 quodam
582 961 691 991 morbo
699 960 880 999 laborantes,
897 961 964 992 dae-

121 1003 252 1032 moniaci
269 1002 302 1032 &
320 1002 667 1043 lunaticiappellarentur.
692 1001 739 1032 De
754 1001 964 1043 lunaticisqui-

121 1044 190 1075 dem
211 1054 272 1074 non
291 1054 393 1085 magna
412 1045 454 1075 est
471 1044 661 1085 disceptatio,
681 1044 743 1075 satis
759 1045 838 1074 enim
848 1054 963 1076 conve·

122 1096 166 1117 nit
191 1087 263 1116 inter
286 1088 434 1124 eruditos,
454 1097 489 1117 ex
513 1087 593 1126 vulgi
616 1088 758 1127 opinione
773 1086 832 1117 hoc
849 1097 963 1120 nomen

119 1129 203 1160 fiiiffe
212 1129 336 1160 sortitos.
357 1129 527 1158 Chemnitius
535 1130 565 1159 in
576 1130 594 1159 l.
607 1129 731 1160 Videtur
739 1138 849 1167 tamen,
857 1130 963 1170 inquit,

119 1182 180 1203 non
192 1171 420 1202 incommodum
430 1171 498 1210 effe,
508 1171 527 1201 fi
536 1173 574 1201 ita
582 1171 794 1212 distinguantur
805 1173 964 1211 vocabula,

119 1223 152 1245 ut
168 1213 352 1244 daemoniaci
365 1214 418 1244 sint
427 1238 436 1254 ,
458 1215 509 1254 qui
524 1213 667 1244 adiabolo
675 1215 806 1256 correpti
817 1217 964 1255 exagitan-

119 1265 188 1293 tur,
211 1256 347 1288 Lunatici
363 1266 434 1287 vero
457 1256 530 1294 sint,
557 1258 608 1295 qui
632 1264 731 1287 mente
757 1258 832 1287 moti
863 1258 963 1289 furore

120 1299 338 1339 corripiuntur,
358 1300 440 1338 cujus
457 1298 540 1329 causa
557 1299 590 1329 sit
607 1308 668 1330 non
685 1298 810 1330 obseffio
829 1299 961 1337 Diaboli,

119 1341 165 1372 sed
183 1341 362 1382 perturbatio
380 1341 541 1372 humorum
559 1343 589 1371 in
606 1341 747 1381 cerebro,
763 1343 813 1382 qui
825 1351 878 1382 pro
895 1345 962 1374 rati-

120 1393 178 1414 one
194 1383 293 1414 Lunae
309 1383 575 1414 PUTANTUR
593 1384 655 1423 plus
676 1384 721 1414 vel
739 1386 838 1414 minus
858 1395 962 1416 move-

120 1427 145 1456 ri
156 1425 182 1457 ”.
210 1426 249 1456 At
263 1425 298 1456 de
315 1425 525 1456 Daemoniacis
541 1426 660 1467 plurimi
676 1426 879 1467 contendunt,
901 1428 961 1459 hoc

119 1478 231 1499 nomen
247 1468 300 1498 illis
321 1468 388 1499 ideo
405 1468 490 1499 fuisse
504 1468 693 1509 impositum,
714 1469 795 1509 quod
814 1469 961 1501 Diabolus

119 1513 180 1551 ejus
197 1511 296 1541 morbi
313 1510 358 1542 vel
370 1511 456 1549 mali,
476 1521 538 1552 quo
552 1510 881 1552 afficiebantur,caussa
890 1513 959 1544 effet

119 1553 168 1583 vel
185 1554 320 1594 proxima
338 1553 383 1584 vel
400 1562 521 1584 remota.
563 1553 744 1584 Sententiam
761 1564 865 1585 eorum
877 1577 886 1593 ‚
906 1558 958 1596 qui

120 1594 275 1625 diabolum
289 1595 417 1626 caussam
437 1604 582 1626 remotam
599 1597 696 1626 morbi
714 1596 788 1627 illius
806 1596 956 1637 statuunt,

119 1639 160 1668 ita
177 1638 299 1677 exponit
315 1637 477 1668 Gerhardus
491 1638 510 1668 l.
534 1647 560 1668 c.
583 1637 658 1668 Illud
675 1638 795 1678 quidam
810 1648 848 1669 tta
867 1641 957 1670 inter-

118 1687 269 1720 pretantur
280 1703 290 1718 ,
319 1680 386 1720 quia
403 1681 431 1709 in
451 1680 598 1719 principio
613 1682 768 1710 creationis
786 1689 887 1711 natura
902 1683 957 1712 hu-

120 1731 208 1752 mana
224 1731 239 1751 a
256 1721 325 1752 Deo
349 1731 410 1751 non
434 1721 478 1751 est
494 1723 532 1752 ita
548 1722 693 1761 formata,
713 1730 744 1751 ut
760 1722 831 1752 effer
848 1733 935 1753 caeca
947 1746 957 1762 ‚

120 1772 220 1798 muta,
251 1764 352 1799 surda,
383 1762 428 1793 sed
455 1773 504 1804 per
526 1772 683 1804 peccatum
700 1763 753 1794 hae
769 1764 802 1794 &
822 1763 890 1795 aliae
906 1765 959 1795 de-

120 1807 304 1846 pravationes
320 1816 336 1836 a
354 1806 487 1836 Diabolo
503 1807 533 1835 in
555 1813 687 1836 naturam
705 1806 863 1837 humanam
876 1807 956 1846 justo

120 1847 182 1878 Dei
191 1848 308 1888 judicio
322 1847 452 1878 invectae
467 1847 548 1878 sunt:
570 1848 638 1877 ideo
655 1848 840 1888 evangelistas
855 1850 894 1880 ita
910 1849 956 1882 10-

120 1891 188 1930 qui‚
212 1899 242 1921 ut
250 1890 405 1922 ostendant
421 1889 477 1919 esse
488 1889 598 1920 morsus
613 1889 723 1920 diaboli
731 1914 762 1929 „.
780 1890 818 1921 Et
829 1901 956 1923 mortem

121 1933 239 1973 quidem
264 1933 444 1973 morbosque
467 1941 502 1962 ex
520 1940 644 1972 peccato
665 1932 771 1962 Adami
789 1934 823 1964 ὃς
848 1933 956 1974 decep-

118 1976 200 2006 tione
214 1974 324 2005 diaboli
340 1976 369 2005 in
385 1984 474 2016 genus
500 1974 664 2004 humanum
681 1974 850 2015 profluxisse
865 1986 955 2006 nemo

114 2026 218 2058 negat:
241 2017 271 2047 id
287 2027 360 2048 vero
376 2016 510 2048 nondum
524 2016 671 2057 explicat,
693 2026 745 2048 cur
754 2018 957 2058 certiquidam

117 2060 219 2089 morbi
235 2061 333 2099 potius
351 2069 440 2100 quam
457 2059 505 2090 alii
520 2069 624 2090 omnes
651 2059 686 2089 ad
702 2059 855 2091 diabolum
881 2061 957 2091 refe-

115 2111 225 2132 rantur.
273 2102 331 2133 Alii
355 2112 425 2143 ergo
448 2101 603 2133 diabolum
631 2102 827 2139 morborum,
850 2104 957 2144 quibus

114 2143 316 2175 Daemoniaci
331 2144 521 2185 laborabant,
544 2142 673 2174 caussam
690 2147 858 2185 proximam
874 2145 954 2177 fece-

113 2196 201 2226 runt,
220 2186 414 2228 dixeruntque
430 2187 513 2217 illum
536 2187 709 2227 corporibus
718 2186 853 2218 humanis
863 2199 956 2220 unum

115 2237 165 2260 aut
181 2229 275 2270 plures
289 2230 407 2270 angelos
425 2229 517 2260 malos
536 2228 700 2267 immffiffe,
710 2231 759 2269 qui
774 2231 871 2262 anima
881 2232 957 2271 quasi

116 2271 182 2302 sede
203 2271 351 2302 deturbata
375 2273 408 2303 &
426 2271 552 2302 vinculis
570 2271 752 2311 constricta,
775 2282 840 2304 tum
858 2283 957 2305 motus

115 2323 220 2345 omnes
244 2315 277 2346 ὅτ
299 2314 425 2354 singulos
448 2314 578 2356 linguae,
600 2324 742 2345 manuum
770 2315 958 2358 pedumque,

115 2358 167 2396 qui
184 2357 338 2387 voluntarii
354 2356 410 2387 effe
427 2356 537 2397 solent,
557 2358 785 2398 imperaverint,
806 2368 855 2389 aut
872 2359 958 2388 cohi-

115 2399 319 2438 buerint,tum
330 2400 418 2430 etiam
435 2399 505 2430 alios
515 2409 614 2430 motus
630 2409 790 2430 nervorum
806 2402 957 2433 convulsi-

115 2450 174 2471 one
189 2442 322 2472 civerint.
365 2441 450 2472 Haec
466 2452 538 2473 vero
552 2442 688 2472 sententia
706 2442 805 2474 multis
832 2444 958 2483 magnis-

117 2493 173 2523 que
188 2483 414 2515 difficultatibus
429 2486 581 2525 premitur.
606 2494 631 2515 1.
653 2484 721 2524 quia
738 2494 792 2514 nec
804 2487 957 2526 probatur,

116 2535 170 2557 nec
195 2527 312 2566 probari
336 2526 440 2567 potest.
467 2526 620 2567 Scriptura
645 2525 875 2558 daemoniorum
901 2539 957 2560 nu-

116 2577 201 2599 mero
217 2569 411 2599 multitudinis
433 2569 503 2599 facit
529 2569 734 2607 mentionem,
755 2569 791 2600 de
815 2570 956 2612 diabolo,

116 2613 168 2650 qui
201 2621 274 2642 unus
305 2611 348 2641 est
363 2635 373 2651 ‚
408 2612 438 2640 in
463 2610 728 2642 daemoniacorum
772 2612 891 2643 historia
920 2625 957 2645 ne

114 2652 242 2684 verbum
267 2653 395 2694 quidem.
438 2653 548 2694 Neque
571 2663 692 2694 usquam
725 2653 854 2694 dicitur,
894 2655 958 2688 dia-

115 2694 219 2726 bolum
253 2705 380 2737 corpora
403 2695 666 2727 daemoniacorum
694 2697 724 2726 in
740 2698 884 2737 potestate
902 2698 956 2729 ha-

115 2736 201 2777 bere,
239 2739 274 2770 &
295 2738 443 2779 possidere,
472 2738 554 2779 quod
578 2739 734 2778 juniorum
757 2739 955 2780 interpretum

114 2780 296 2811 vocabulum
321 2780 374 2812 est.
414 2781 552 2822 Denique
576 2791 638 2813 non
662 2781 726 2812 satis
748 2782 886 2814 videntur
901 2784 956 2816 sibi

115 2822 270 2860 constare,
298 2823 370 2853 dum
393 2824 579 2855 contendunt
603 2824 756 2854 diabolum
783 2835 846 2855 non
871 2826 953 2866 poffe

114 2861 175 2893 dici
202 2863 270 2901 ejici
292 2874 341 2895 aut
362 2865 466 2906 expelli
490 2866 541 2896 nili
558 2866 636 2907 prius
651 2876 778 2908 corpora
791 2867 952 2900 hominum

114 2904 279 2943 poffediffet
293 2916 378 2947 atque
392 2907 561 2945 habitasset,
581 2909 650 2939 alibi
664 2919 736 2940 vero
754 2909 865 2948 Judam
882 2921 952 2950 pro-

113 2945 259 2986 ditorem,
279 2949 308 2978 in
327 2959 416 2988 quem
434 2950 567 2982 diabolus
582 2949 697 2982 intrasse
714 2951 834 2992 legitur,
854 2953 954 2985 aDia-

113 2988 188 3019 bolo
210 2990 365 3030 possessum
380 2992 480 3032 fuisse,
499 3003 569 3024 cum
593 2993 793 3034 indignatione
808 2996 954 3034 rejiciunt.

111 3030 253 3063 Calvinus
268 3033 296 3062 in
318 3033 369 3071 Jo.
392 3033 478 3065 XIII.
500 3045 548 3074 27.
561 3035 673 3066 'Nimis
690 3046 763 3067 vero
782 3036 884 3069 insulse
901 3038 953 3070 de-

110 3072 218 3111 lirant,
240 3075 290 3114 qui
312 3074 462 3106 diabolum
486 3077 602 3118 fingunt
624 3077 824 3117 essentialiter,
846 3089 878 3110 ut
904 3079 952 3111 lo-

110 3124 258 3155 quuntur,
275 3115 385 3155 Judam
409 3119 530 3151 intraffi’.
562 3120 595 3150 &
621 3120 652 3149 in
676 3122 748 3151 Luc.
777 3120 885 3154 XXII.

1012 325 1098 354 initio
1115 326 1306 357 hebdomadis
1325 330 1401 369 apud
1419 333 1559 373 Buxtotf.
1584 332 1723 376 Synagog
1751 347 1778 377 p.
1792 348 1862 379 343.

1014 365 1080 412 Ego
1103 367 1205 406 adjuro
1228 378 1256 399 te
1282 369 1433 411 Poleach,
1460 376 1595 416 princeps
1619 378 1801 419 oblivionis,
1830 390 1864 412 ut

1012 412 1122 455 auferas
1132 419 1146 439 a
1157 420 1204 439 me
1215 420 1268 441 cor
1277 412 1400 442 obesum
1411 416 1443 445 ὅ(
1457 416 1596 448 stolidum
1604 443 1613 458 ,
1623 419 1752 460 illudque
1759 423 1865 461 abjici-

1012 460 1040 480 as
1060 461 1089 481 in
1107 461 1224 498 montes
1240 453 1314 484 altos
1331 457 1362 485 in
1380 458 1501 488 nomine
1515 460 1618 490 fimeto
1629 463 1773 501 Ariman‚
1798 468 1862 496 An-

1012 493 1088 523 sasiel
1105 495 1137 524 &
1163 495 1287 526 Palhiel.
1321 507 1349 527 2.
1373 498 1445 528 Dixi
1465 500 1541 530 hanc
1552 502 1722 535 sententiam
1741 509 1861 547 probari

1012 545 1074 564 non
1092 536 1189 576 poffe:
1211 538 1288 568 unde
1307 541 1388 570 enim
1408 541 1603 581 probaretur?
1622 556 1658 576 an
1676 557 1710 576 ex
1721 551 1860 582 confessi-

1012 587 1069 608 one
1086 578 1217 624 ipsorum
1234 581 1519 614 daemoniacorum?
1542 588 1656 618 Matth.
1678 589 1761 621 VIII.
1781 593 1858 624 istud

1013 630 1086 650 vero
1109 622 1202 661 iplum
1237 624 1347 654 medici
1373 626 1446 656 inter
1478 626 1554 667 signa
1579 630 1701 661 insaniae
1725 643 1841 672 ponunt

1011 664 1043 692 P.
1077 666 1213 700 AEgineta
1241 665 1295 696 111.
1332 676 1378 706 14.
1399 667 1436 698 de
1461 670 1656 702 melancholia
1680 674 1712 704 ἃ
1740 661 1859 709 insania?

1012 704 1076 738 Τινὲς
1085 706 1110 734 δὲ
1119 707 1164 736 noel
1175 707 1287 737 <londa-w
1296 709 1338 738 ὑπό
1348 724 1412 739 τινων
1420 712 1533 751 μειζόνων
1542 716 1688 752 {vestiit-&oei
1704 715 1857 758 [ioeopfiass‘coe-

1011 749 1076 790 Sat]
1085 747 1218 786 δυνάμεων·
1241 750 1286 780 καὶ
1294 752 1420 790 προλέγειν
1430 753 1465 782 τὶι
1473 754 1595 791 ἐσόμενοι,
1616 759 1724 797 καθάπερ
1735 763 1859 801 ἐνθεάζω-

1011 803 1049 822 τες
1064 813 1071 823 ,
1102 789 1140 823 nile
1163 791 1207 821 >cai
1232 794 1378 827 ἐνθεαςικοέις
1403 797 1574 836 ὀνομάζουσιν.
1615 801 1695 830 Sext.
1721 803 1855 843 Empiric.

1008 831 1094 861 ’Ϊποπ
1118 841 1140 862 t.
1166 842 1211 872 14.
1240 838 1261 863 n'i
1277 835 1322 871 μιὲν
1347 839 1515 877 φρενιτίζοντες
1538 840 1583 869 κει)
1605 842 1772 879 θεοφορέμενοι
1796 846 1854 875 ἔκι-

1007 874 1084 911 μηένων
1116 876 1199 905 αἰκκειν
1233 876 1336 907 &ongo-iii
1350 902 1358 912 ,
1385 880 1491 917 {7¹1ka}
1509 885 1543 911 οὗ.
1559 881 1761 915 testimonium
1790 897 1854 920 cer·

1008 924 1036 962 te
1070 916 1202 947 hominis
1234 920 1249 948 ἑ
1273 924 1439 960 σωφρονέντος
1460 933 1522 953 non
1547 923 1589 954 est
1616 928 1714 967 magni
1738 933 1854 969 ponde-

1006 967 1055 1004 ris.
1099 962 1146 988 An
1179 969 1304 993 attentus
1334 963 1479 1003 speetaror
1503 975 1538 997 ex
1563 968 1794 1003 circumstantiis
1819 975 1854 1005 &

1005 1002 1090 1040 liguis
1127 1001 1156 1032 id
1187 1005 1284 1042 potuit
1317 1007 1496 1045 conjicere?
1526 1008 1598 1040 Nec
1625 1010 1685 1042 hoc
1710 1012 1770 1044 dici
1797 1025 1854 1056 po-

1006 1043 1062 1090 teth
1080 1066 1090 1081 ,
1121 1054 1191 1074 cum
1218 1045 1297 1076 idern
1320 1048 1444 1079 effeetus
1468 1059 1503 1080 ex
1530 1052 1632 1083 caussis
1657 1054 1855 1090 diverfisfimis

1005 1095 1135 1134 oriatur5
1160 1087 1255 1128 potest
1278 1091 1342 1129 quis
1366 1101 1395 1122 v.
1424 1101 1467 1132 gr.
1491 1103 1595 1125 caecus
1620 1094 1681 1126 fieri
1708 1099 1854 1141 intempe-

1005 1137 1113 1176 tantia,
1137 1131 1254 1160 vulnere
1274 1142 1417 1172 accepto,
1438 1135 1510 1165 aeris
1527 1137 1734 1179 inclementia,
1756 1144 1854 1181 potest

1004 1179 1092 1200 etiam
1109 1171 1269 1203 luminibus
1285 1175 1383 1205 orbari
1398 1186 1413 1206 a
1429 1176 1499 1206 Deo
1514 1187 1564 1209 aut
1578 1190 1594 1209 a
1612 1181 1787 1223 malogenio
1799 1197 1804 1202 ·
1816 1188 1853 1218 ὃς

1004 1213 1055 1252 qui
1079 1223 1251 1245 excaecatur
1273 1226 1289 1246 a
1313 1217 1452 1257 diabolo,
1473 1229 1537 1250 non
1565 1224 1658 1262 magis
1681 1234 1728 1256 aut
1754 1210 1851 1260 miiiuc

1006 1264 1111 1303 caecus
1136 1256 1196 1295 est,
1217 1268 1313 1298 neque
1341 1268 1389 1290 aut
1404 1260 1516 1292 facilius
1534 1272 1583 1294 aut
1601 1264 1752 1298 difficilius
1771 1271 1851 1301 sana-

1006 1297 1085 1329 bitur
1114 1309 1168 1340 e0‚
1195 1302 1278 1340 cujus
1295 1303 1419 1334 caecitas
1439 1314 1454 1333 a
1473 1305 1576 1336 cauffis
1593 1310 1770 1341 naturalibus
1786 1322 1852 1345 orta

1005 1340 1062 1372 est:
1087 1342 1244 1380 quomodo
1261 1352 1332 1384 crgo
1351 1345 1395 1376 vel
1412 1347 1621 1379 curiofiffimus
1636 1350 1780 1390 speetaror
1801 1366 1852 1386 ve.

1003 1392 1065 1413 ratn
1090 1383 1136 1414 sed
1160 1384 1300 1416 latentem
1326 1389 1394 1418 mali
1419 1389 1546 1420 caussam
1570 1392 1608 1422 ita
1627 1393 1794 1437 indagabit,
1816 1409 1850 1430 ut

1003 1426 1175 1457 caecitatem
1200 1438 1215 1458 a
1236 1428 1358 1460 diabolo
1383 1440 1480 1462 ortam
1507 1433 1544 1463 ab
1569 1437 1655 1465 omni
1688 1437 1740 1467 alia
1758 1463 1768 1478 ,
1805 1442 1850 1471 ci-

1005 1476 1047 1498 tra
1060 1470 1226 1509 periculum
1241 1473 1348 1502 erroris
1359 1495 1366 1509 ,
1376 1483 1459 1505 certo
1474 1474 1645 1516 dignolcat?
1667 1478 1697 1509 Si
1709 1479 1799 1512 hodie
1806 1491 1851 1513 ta-

1002 1509 1041 1540 les
1065 1512 1199 1543 homines
1225 1514 1409 1553 videremus,
1446 1517 1511 1548 illos
1536 1518 1704 1560 fimpliciter
1729 1533 1829 1556 mutos

1001 1552 1120 1591 surdos,
1150 1565 1272 1596 caecOS,
1295 1558 1486 1598 epilepticos,
1509 1560 1636 1592 furiosos
1655 1551 1850 1599 vocaremus,

1000 1605 1093 1635 neque
1108 1596 1145 1627 de
1162 1597 1284 1629 diabolo
1301 1602 1429 1632 omnino
1446 1603 1654 1641 cogitaremus,
1692 1608 1740 1638 An
1758 1593 1851 1641 Chriss

1000 1636 1058 1667 stus
1076 1649 1092 1668 e
1113 1641 1199 1669 coelo
1211 1640 1375 1682 descendit,
1399 1653 1431 1675 ut
1451 1646 1538 1675 nobis
1556 1646 1616 1678 hoc
1632 1657 1771 1681 arcanum
1801 1653 1851 1683 di-

1000 1683 1099 1713 ceret?
1122 1681 1214 1720 Atqui
1230 1683 1304 1712 nihil
1323 1685 1422 1715 nostra
1438 1685 1574 1718 intererat
1584 1688 1643 1719 hoc
1654 1690 1743 1733 scire,
1765 1696 1849 1731 quod

1000 1730 1056 1750 nec
1066 1721 1100 1751 ad
1117 1721 1236 1753 salutem
1245 1733 1390 1755 aeternam
1400 1751 1409 1767 ,
1419 1737 1513 1767 neque
1523 1728 1558 1759 ad
1569 1729 1653 1770 hujus
1665 1734 1739 1765 vitae
1749 1735 1848 1768 felici-

1000 1770 1089 1792 tatem
1103 1766 1265 1804 quicquam
1283 1766 1398 1798 faceret.
1418 1769 1481 1808 Qii
1493 1779 1589 1801 autem
1601 1773 1674 1803 haec
1689 1784 1796 1809 temere
1813 1781 1848 1811 Sc

1000 1804 1058 1834 fine
1069 1807 1246 1846 probatione
1257 1809 1367 1849 credit,
1388 1813 1518 1851 quojure
1528 1814 1741 1850 condemnabit
1749 1819 1848 1852 furem

999 1855 1047 1877 aut
1067 1849 1210 1879 latronem
1227 1851 1386 1882 habentem
1402 1857 1674 1895 excuiationem‚se
1691 1870 1783 1901 neque
1792 1864 1850 1895 sci-

998 1898 1065 1920 ente
1075 1900 1170 1930 neque
1182 1893 1300 1922 volente
1308 1894 1418 1925 fastum
1428 1896 1483 1926 effe
1494 1899 1651 1938 quicquam
1662 1926 1672 1941 ,
1689 1902 1734 1933 sed
1744 1904 1852 1936 diabo-

997 1931 1060 1961 lum
1070 1933 1179 1963 callidis
1187 1936 1297 1965 artibus
1305 1945 1412 1977 corpus
1423 1939 1505 1968 suum
1515 1940 1744 1983 invasisse2atque
1755 1955 1849 1978 mem-

999 1974 1122 2004 brorum
1141 1976 1303 2007 ministerio
1320 1979 1443 2010 abusum
1468 1981 1573 2016 fuiffe?
1604 1986 1684 2023 quod
1702 1987 1851 2023 summam

1000 2016 1207 2048 confufionem
1228 2029 1338 2060 pareret
1353 2044 1363 2060 ,
1395 2032 1578 2064 omnemque
1605 2027 1854 2064 testimoniorum·

1000 2060 1206 2090 certitudinem
1226 2062 1374 2104 ipsamque
1382 2065 1514 2096 sensuum
1524 2066 1701 2101 evidentiam
1711 2072 1848 2107 eluderet.

1035 2110 1062 2141 3.
1083 2113 1145 2133 non
1163 2105 1316 2136 immerito
1326 2107 1414 2137 etiam
1431 2109 1578 2147 quaeritur
1587 2112 1706 2153 abillis,
1728 2117 1848 2155 quidia-

1002 2142 1074 2174 bolo
1100 2145 1170 2176 haec
1188 2146 1377 2187 adscribunt,
1399 2153 1448 2190 qui
1465 2151 1578 2182 facturn
1593 2162 1623 2183 ut
1642 2165 1678 2185 eo
1695 2161 1850 2201 praecipue

1002 2194 1151 2233 tempore,
1175 2198 1236 2228 quo
1253 2190 1389 2223 Christus
1405 2195 1556 2234 apparuit,
1579 2195 1848 2234 Diabolustantam

1000 2239 1031 2259 m
1056 2230 1215 2261 hominum
1242 2242 1368 2274 corpora
1391 2234 1511 2267 haberet
1535 2239 1732 2282 potestatem,
1754 2254 1849 2284 quan-

1001 2278 1061 2301 tam
1084 2283 1139 2303 nec
1163 2273 1252 2304 hodie
1270 2285 1407 2314 exercet,
1430 2287 1485 2308 nec
1502 2279 1540 2309 ab
1556 2290 1594 2310 eo
1612 2289 1746 2323 tempore
1764 2287 1849 2319 ullibi

1000 2316 1160 2347 exercuisse
1175 2316 1232 2346 fide
1248 2317 1343 2359 dignis
1361 2319 1479 2351 testibus
1489 2321 1729 2357 demonstratur?
1753 2329 1848 2369 Quod

998 2358 1078 2387 enim
1104 2359 1225 2398 quidam
1249 2361 1447 2402 respondent,
1475 2364 1529 2394 Dei
1554 2367 1692 2405 permissu
1718 2370 1747 2400 id
1775 2379 1848 2404 tunc

1000 2401 1171 2441 contigisse,
1197 2411 1227 2432 ut
1251 2401 1388 2435 Christus
1412 2415 1448 2436 eo
1471 2407 1647 2447 ampliorem
1664 2410 1779 2443 sanandi
1797 2415 1850 2446 ha-

1002 2441 1081 2472 bei-et
1106 2444 1297 2476 occasionem
1322 2455 1409 2487 atque
1435 2449 1608 2490 materiam,
1638 2454 1688 2483 vix
1716 2455 1789 2485 serio
1811 2458 1845 2488 ὃς

1002 2485 1181 2517 confidente
1201 2487 1316 2518 dictum
1350 2489 1477 2521 videtur.
1531 2492 1690 2525 Novimus
1723 2498 1846 2538 quidem

1000 2526 1124 2567 Agyrtas
1148 2528 1240 2560 solere
1257 2533 1362 2562 veneni
1378 2533 1524 2572 poculum
1544 2535 1660 2577 bibere,
1681 2548 1730 2571 aut
1747 2541 1845 2581 gladio

998 2568 1026 2598 se
1052 2571 1220 2616 yulnerare‚
1242 2581 1274 2603 ut
1298 2574 1444 2606 theriacae
1461 2575 1525 2607 suae
1540 2578 1758 2623 praestantiam,
1781 2584 1848 2616 effi-

1000 2620 1113 2642 caciam
1129 2622 1214 2654 atque
1231 2615 1317 2645 usum
1332 2617 1362 2647 in
1372 2616 1500 2649 sanando
1511 2621 1850 2659 ,praesentidocumen-

1000 2661 1034 2701 to
1061 2655 1205 2694 probent:
1228 2657 1260 2687 Si
1285 2668 1357 2689 vero
1378 2660 1439 2691 aliis
1465 2662 1608 2701 poculum
1627 2667 1783 2706 propinare
1797 2678 1847 2701 aut

999 2696 1088 2728 alium
1107 2698 1205 2738 gladio
1223 2699 1374 2732 vulnerare
1391 2703 1520 2744 vellent,
1537 2705 1602 2742 jure
1621 2710 1848 2742 omnesdetrec-

999 2747 1112 2779 tarent,
1141 2741 1173 2772 &
1192 2749 1256 2772 tum
1276 2743 1357 2774 malo
1374 2752 1439 2775 tum
1456 2747 1586 2777 remedio
1602 2757 1699 2781 carere
1716 2753 1846 2786 mallent.

997 2780 1154 2813 Neutrum
1177 2793 1274 2814 autem
1290 2784 1401 2817 horum
1424 2787 1532 2828 sapiens
1550 2791 1583 2821 &
1601 2790 1694 2822 bonus
1713 2795 1844 2827 medicus

998 2833 1129 2864 unquam
1145 2826 1243 2857 faciet.
1265 2830 1364 2857 Seneca
1379 2828 1416 2859 de
1439 2830 1536 2861 Benef.
1573 2832 1624 2864 VI.
1647 2836 1695 2865 26.
1717 2839 1845 2877 nequitia

996 2865 1038 2895 est
1048 2890 1057 2905 ,
1067 2875 1098 2898 ut
1106 2869 1235 2899 extrahas
1243 2891 1253 2907 ‚
1264 2879 1393 2912 mergere
1402 2881 1549 2910 ,evertere
1561 2895 1569 2910 ‚
1588 2883 1619 2904 ut
1628 2875 1742 2908 suscites
1754 2890 1760 2909 :
1774 2887 1847 2911 ute-

996 2909 1270 2948 mittas,includere.
1280 2912 1358 2944 Non
1368 2914 1501 2945 vulneres
1511 2925 1559 2947 me
1567 2917 1646 2949 malo
1657 2928 1746 2957 quarn
1756 2921 1843 2954 sanes.

1043 2961 1072 2992 4.
1100 2953 1220 2985 Totum
1245 2954 1321 2986 istud
1345 2956 1381 2987 de
1410 2957 1488 2988 malo
1518 2958 1622 2998 angelo
1640 2962 1704 2991 imo
1724 2963 1761 2993 de
1781 2974 1843 2995 ma-

994 2992 1094 3026 lorum
1119 2997 1293 3036 angelorum
1319 2998 1450 3038 collegio
1474 2999 1572 3031 sedern
1597 3003 1712 3034 animae
1727 3006 1757 3035 in
1775 3015 1844 3036 cor-

994 3045 1066 3076 pore
1076 3038 1209 3069 humano
1226 3050 1394 3081 occupante
1408 3043 1526 3081 ejusque
1550 3053 1672 3075 munere
1686 3046 1841 3088 fungente,

993 3086 1054 3110 tam
1069 3081 1110 3111 est
1125 3091 1140 3111 a
1155 3082 1406 3114 verisimilitudine
1420 3084 1548 3115 alienum
1558 3094 1607 3123 ,ut
1617 3089 1780 3126 perieulum
1791 3089 1823 3119 fit
1834 3111 1844 3126 ,

918 3133 946 3164 3.
992 3124 1110 3163 ne,qui
1128 3123 1200 3155 haec
1219 3124 1304 3156 valde
1321 3134 1445 3166 urgent,
1466 3126 1499 3156 &
1517 3126 1572 3157 sese
1587 3127 1646 3157 aliis
1670 3128 1845 3161 deridendos

109 3165 200 3198 porro
215 3168 371 3202 quaerere,
390 3168 427 3192 an
442 3160 660 3194 substantialiter
676 3162 783 3196 satanas
798 3165 944 3206 inJudam
989 3165 1166 3205 praebeant,
1189 3167 1223 3196 &
1249 3174 1346 3199 totam
1360 3166 1531 3199 doctrinam
1550 3168 1662 3200 Christi
1677 3169 1842 3212 suspectam

1142 3207 1180 3238 N
1195 3217 1216 3237 n
1774 3213 1840 3256 red3
