1976 3519
141 225 221 255 100
566 208 1561 253 PROLEG0÷M1ENA

142 299 268 340 tioni?
294 297 341 339 Id
373 296 402 338 fi
429 297 490 338 cui
520 294 678 338 dubium
709 296 791 347 est,
817 296 919 349 legat
939 295 1053 349 hujm
1073 295 1351 338 enarrationem
1369 295 1410 335 in
1429 293 1619 345 psalmos,
1649 296 1688 336 in
1709 296 1881 352 Prophe-

144 366 224 404 tas,
253 358 292 394 ὅ(
321 354 360 393 in
388 352 600 406 Epistolam
627 350 679 392 ad
698 351 898 405 Ephesios.
951 350 1029 391 His
1048 364 1110 392 me
1130 351 1228 391 tueri
1244 362 1439 404 poteram,
1468 351 1612 391 etiamsi
1631 351 1725 405 quid
1746 366 1884 394 mutas·-

145 409 222 449 sem
236 439 248 458 ,
277 411 316 447 δε
339 407 462 448 sciens:
478 406 674 448 mutass'em
692 420 740 447 ex
761 407 928 447 leffione
945 417 1107 459 recepta.
1166 405 1209 446 Si
1228 419 1345 447 nemo
1366 405 1605 460 depravasset
1621 405 1742 447 sacros
1752 407 1884 459 libros,

146 462 290 504 otiosus
317 462 408 504 ess‘et
432 462 658 516 castigator,
686 462 767 502 imo
795 461 916 501 etiam.
942 462 1081 514 impius
1108 457 1219 501 effet„
1276 461 1321 502 Si.
1343 461 1432 515 quis
1459 460 1615 502 audebit
1657 461 1783 502 dicere
1804 492 1817 513 ,
1847 465 1888 505 in

147 518 385 569 Codicibus,
414 517 554 572 quibus
573 529 676 558 nunc
703 516 821 556 utitur
848 514 1037 563 Ecclesia,
1065 515 1162 556 nihil
1183 515 1262 556 effe
1279 514 1534 566 diminutum,
1562 516 1659 556 nihil
1686 516 1887 570 additium-3

145 573 242 615 nihil
271 573 545 627 depravatum,
572 572 669 613 nihil
698 570 796 611 male
817 570 1033 621 redditum,
1063 570 1185 625 patiar
1213 570 1319 624 rejici
1352 571 1596 624 quantumvis
1622 572 1811 615 eruditum
1827 587 1889 613 ca.

144 629 386 684 stigatorem:
415 628 470 668 fin
490 641 551 669 res
566 626 665 668 adeo
686 625 884 666 manifesta
902 626 980 677 est,
1000 637 1044 666 ut
1062 626 1193 680 negari
1213 639 1294 666 non
1313 625 1541 680 poffit,non
1549 626 1644 667 tollo
1666 626 1779 681 quod
1793 626 1886 682 legit

144 684 230 725 usus
252 683 546 733 Ecclesiasticus,
575 695 679 723 certe
694 681 806 721 liceat
826 681 1035 722 admonere
1054 681 1252 722 studiosos.
1628 727 1632 731 ι

195 739 284 793 Jam
315 738 423 793 quod
448 738 714 786 ratiocinatur,
747 735 775 776 sl
808 737 1017 791 quicquam
1047 747 1213 777 mutetur
1234 766 1246 785 ,
1288 737 1425 792 ingens
1444 737 1644 777 imminere
1664 736 1896 790 periurium,

148 809 192 844 ac
215 794 320 835 brevi
343 793 596 834 vacillatur-am
624 791 867 833 autoritatem
884 792 1097 846 Scripturae
1119 791 1297 842 divinae,
1327 805 1410 831 non
1427 792 1522 832 mihi
1542 791 1751 846 persuadeo
1769 793 1892 835 Leum

146 848 222 890 esse
255 861 334 890 tam
369 847 582 902 stupidum,
611 858 653 888 ut
673 846 771 887 haec
788 845 922 887 scribat
940 846 1127 888 exanimi
1145 845 1200 887 sui
1219 846 1413 887 sententia.
1467 847 1644 901 Suspicor
1667 846 1777 887 illum
1793 848 1894 889 hanc

149 917 286 947 canere
304 904 551 951 cantionem,
578 902 638 942 vel
660 902 703 941 in
720 899 854 941 odium
875 902 970 952 mei,
998 901 1060 942 vel
1081 902 1121 942 in
1142 902 1304 956 gratiam
1313 901 1583 955 quorundam,
1613 903 1893 956 &uniusptaffi

147 961 282 1013 cipue,
312 958 362 999 de
381 972 464 1012 quo
478 957 538 998 vel
561 957 704 1010 absque
729 956 856 997 cribro
877 956 986 997 facile
1006 956 1200 998 divinabis
1219 956 1351 998 letior.
1406 955 1522 1010 Quid
1536 956 1602 998 fiet
1621 956 1801 1007 Graecis,
1823 959 1894 1012 qui
1948 960 1959 964 ‘

150 1029 198 1061 ex
223 1013 460 1068 Evangelico
479 1011 615 1053 codice
632 1012 890 1066 pronunciant
909 1011 1029 1052 sacras
1046 1011 1255 1059 lectiones,
1282 1015 1322 1052 &
1340 1026 1386 1054 ea
1403 1012 1524 1067 gratia
1536 1026 1817 1067 nonnunquam
1825 1012 1891 1060 ada

155 1068 253 1110 dunt
283 1083 306 1109 e
326 1067 583 1122 superioribus
600 1067 806 1121 repetitum
828 1079 973 1108 nomen
991 1066 1121 1120 Jesu,
1149 1078 1215 1108 aut
1244 1067 1329 1108 vice
1358 1067 1602 1122 pronominis
1632 1067 1716 1120 ejus
1740 1078 1895 1120 ponunt

148 1138 292 1164 nomen
323 1123 476 1178 ipsum?
503 1121 621 1176 Qid.
637 1122 771 1170 nobis,
801 1135 922 1176 quum
940 1123 981 1162 in
998 1122 1145 1176 templo
1166 1121 1383 1163 solemniter
1403 1121 1583 1163 addimus
1593 1144 1609 1171 3.
1637 1123 1688 1162 In
1707 1122 1779 1162 illo
1799 1131 1896 1163 tem-2

143 1190 235 1232 pore
265 1179 378 1219 dixit*
409 1178 531 1231 Jefits
553 1176 756 1233 discipulis
766 1178 881 1230 suis,
915 1177 1026 1232 quod
1045 1177 1246 1232 aliquoties
1266 1191 1349 1218 nou
1365 1177 1524 1218 habetur
1544 1178 1586 1217 in
1607 1178 1826 1232 Evangeliis
1846 1192 1901 1219 eo

149 1235 266 1275 loco?
297 1233 408 1288 Quid
428 1233 494 1274 fiet
513 1231 611 1282 divo
630 1233 779 1282 Lucae,
811 1232 878 1287 qui
897 1233 1129 1287 precationis
1150 1232 1370 1273 dominicae
1388 1244 1536 1287 partem
1546 1231 1701 1273 omisit?
1729 1233 1898 1287 quidinss·

153 1290 311 1343 tei-preti
335 1290 498 1339 Latino,
528 1288 596 1342 qui
614 1287 864 1338 coronidem,
894 1302 994 1342 quae
1012 1287 1171 1329 habetur
1191 1288 1233 1328 in
1254 1288 1415 1329 Graecis
1435 1287 1561 1337 libris,
1573 1287 1720 1338 omifit,
1735 1301 1819 1328 non
1829 1302 1897 1343 apa

150 1345 338 1398 probante
370 1344 481 1386 Leo?
510 1343 578 1384 sed
605 1357 656 1384 ne
677 1343 800 1397 jocari
828 1341 1028 1384 videamur
1059 1344 1102 1383 in
1131 1357 1172 1384 re
1198 1343 1311 1393 seria,
1341 1354 1466 1384 aetate
1493 1343 1678 1398 Origenis
1696 1343 1898 1385 variabant

154 1401 395 1440 Graecorum
426 1398 676 1452 exemplaria,
704 1397 941 1452 temporibus
968 1397 1163 1439 Ambrosii
1193 1401 1233 1438 &
1262 1398 1467 1453 Augustini
1493 1398 1689 1439 variabant
1707 1398 1899 1452 exempla-0

151 1456 225 1503 ria,
256 1455 405 1496 variant
435 1457 475 1495 ὃς
505 1453 625 1495 hodie
653 1466 736 1494 non
767 1453 898 1507 paucis
926 1453 967 1497 in
983 1452 1100 1504 locis,
1128 1467 1202 1494 nec
1222 1453 1373 1495 vacillat
1393 1465 1525 1494 tamen
1542 1453 1724 1494 autoritas
1742 1453 1902 1496 divinae
1967 1491 1969 1495 .

157 1510 242 1550 Scri
272 1520 387 1551 turae.
981 1523 990 1535 ·
1895 1523 1898 1526 ’

208 1524 403 1619 ὃξὶῐίῑιιε,Ἰ
421 1564 568 1619 inquit,
596 1563 763 1605 santius
787 1574 899 1605 autor
927 1563 985 1605 efl:
1012 1562 1168 1605 divinae
1201 1563 1439 1617 Scripturae,
1467 1573 1582 1617 atque
1604 1564 1639 1604 is
1657 1576 1737 1604 non
1756 1563 1813 1604 est
1832 1579 1904 1606 au-

151 1632 214 1662 tor
239 1619 482 1661 dissensionis
507 1634 552 1660 ac
584 1618 785 1660 mendacii.
844 1619 946 1660 Non
974 1618 1030 1659 est
1050 1619 1166 1672 igitur
1193 1633 1217 1659 a
1245 1619 1390 1672 Spiritu
1420 1619 1531 1673 quod
1550 1620 1690 1664 variat,
1722 1622 1762 1659 &

152 1689 240 1717 cum
259 1675 327 1715 illo
347 1688 429 1718 non
450 1673 661 1723 consentit,
689 1673 931 1723 adversatur,
961 1673 1128 1727 proinde
1146 1673 1250 1715 velut
1270 1674 1467 1715 inimicum
1489 1674 1649 1727 Spiritui
1659 1674 1801 1715 Sanffi)
1812 1676 1901 1729 reji-

153 1729 346 1771 ciendum.
404 1729 499 1770 Hoc
529 1728 762 1783 Syllogisrno
789 1726 991 1769 labefaerat
1009 1728 1111 1769 Leus
1129 1728 1373 1769 autoritatem
1389 1729 1565 1769 omnium
1583 1728 1777 1770 ficrormn
1791 1731 1901 1771 volu-

153 1786 316 1827 minum.
371 1784 412 1826 Si
444 1782 631 1838 quicquid
659 1783 780 1824 variat
808 1781 1083 1836 rejiciendum,
1112 1785 1153 1823 &
1181 1783 1330 1824 variant
1354 1783 1501 1826 alicubi¹
1519 1783 1792 1829 Hebraeorum
1816 1796 1903 1827 turn

155 1841 395 1883 Graecorum
419 1846 506 1881 tum
525 1838 752 1879 Latinorum
773 1838 878 1879 Sacri
897 1837 1090 1889 Codices,
1117 1837 1216 1879 nihil
1235 1838 1351 1893 igitur
1368 1852 1450 1879 non
1461 1838 1723 1892 rejiciendum.
1752 1840 1901 1881 Osten-

154 1896 223 1940 dat
254 1895 367 1936 nobis
397 1893 465 1936 suo
493 1892 621 1948 digito
641 1892 763 1943 Leus,
791 1907 890 1946 quae
908 1892 954 1933 sit
975 1892 1039 1934 illa
1055 1893 1194 1940 leffio,
1221 1907 1337 1948 quam
1355 1893 1517 1935 diei-avit
1537 1894 1698 1947 Spiritus
1718 1895 1902 1947 Sanum,

157 1955 198 1991 &
219 1950 319 1991 hanc
337 1963 453 1991 unam
472 1947 660 2002 amplexi,
689 1947 875 2002 quicquid
891 1947 941 1987 ab
958 1946 1032 1988 hac
1052 1949 1198 1998 variat,
1223 1948 1446 2002 rejiciemus.
1475 1948 1602 2002 Qiod
1618 1949 1645 1990 fi
1664 1950 1726 1990 ille
1736 1964 1816 1990 non
1828 1964 1903 2004 po-

156 2006 251 2056 test,
279 2019 327 2047 ex
354 2003 561 2046 collatione
592 2002 805 2058 linguarum
833 2005 874 2042 &
903 2002 1245 2057 exemplariorum,
1273 2017 1322 2045 ex
1350 2004 1666 2057 interpretatione
1694 2005 1899 2047 celebrium

157 2072 337 2102 autorum
358 2058 554 2100 nobiscum
572 2056 774 2109 scrutetur,
803 2071 903 2112 quae
918 2057 1033 2099 lectio
1050 2057 1096 2099 fit
1116 2059 1280 2099 maxime
1299 2059 1517 2112 probabilis.

214 2116 264 2157 Et
294 2129 331 2168 p.
363 2115 456 2155 208.
484 2112 670 2167 Ejusdem
701 2112 756 2154 est
787 2112 931 2154 farinae
949 2112 1058 2167 quod
1078 2113 1264 2168 sequitur:
1292 2113 1358 2155 Tu
1378 2114 1472 2155 dum
1492 2126 1697 2170 utrumque
1713 2129 1761 2156 ex
1781 2115 1907 2157 altero*
1974 2130 1976 2135 ¹

157 2171 343 2220 restituis,
372 2180 575 2223 utrumque
606 2167 704 2210 facis
729 2168 939 2214 incertum,
968 2178 1083 2223 atque
1108 2183 1158 2209 eo
1194 2169 1397 2221 incertius,
1427 2170 1537 2225 quod
1565 2184 1647 2211 non
1667 2185 1802 2212 omnes
1823 2171 1907 2212 scio

160 2225 389 2267 subscribent
409 2235 478 2266 tuo
495 2222 656 2277 judicio.
711 2223 752 2265 Si
772 2222 864 2265 ideo
884 2234 1087 2278 utrumque
1106 2224 1292 2266 incertum
1310 2225 1387 2275 est,
1416 2226 1602 2280 quoniam
1621 2237 1798 2266 neutrum
1816 2240 1904 2267 om·-

159 2282 255 2322 nino
291 2290 401 2322 vacat
431 2278 603 2330 mendis,
633 2277 760 2320 nullus
786 2279 951 2320 omnino
969 2278 1066 2319 liber.
1082 2292 1165 2320 non
1185 2280 1258 2321 erit
1277 2280 1466 2332 incertus,
1496 2294 1616 2335 quum
1635 2281 1759 2322 nullus
1778 2282 1908 2321 omni-

158 2351 214 2379 no
237 2347 348 2377 vacet
377 2333 538 2376 mendis.
596 2334 653 2375 At
681 2333 749 2389 qui
779 2332 868 2385 fiat,
895 2343 940 2375 ut
968 2347 1104 2375 omnes
1122 2348 1212 2376 meo
1231 2334 1462 2376 subscribant
1481 2335 1653 2389 judicio,
1683 2349 1802 2390 quum
1824 2335 1907 2390 ipse

159 2392 306 2432 clamen
319 2421 331 2441 ,
361 2390 464 2431 nolle
482 2402 703 2444 quenquam
723 2387 845 2431 fidere
865 2402 955 2430 meo
970 2388 1147 2442 judicio?
1175 2391 1269 2431 Hoc
1290 2391 1507 2432 autoritatis
1526 2390 1713 2434 servatum
1733 2392 1906 2443 estLeu,

160 2447 228 2502 qui
247 2458 436 2500 nusquam
457 2458 539 2486 non
560 2443 668 2486 videt
688 2457 842 2496 vetum,
873 2444 941 2499 qui
963 2455 1152 2499 nusquam
1172 2445 1435 2488 hallucinatum

219 2501 297 2542 Sed
327 2499 419 2542 audi
438 2501 540 2541 virus
561 2499 741 2541 Leicum:
772 2500 831 2541 Ex
849 2499 1064 2550 innovatis,
1093 2500 1243 2555 inquit,
1273 2500 1511 2551 Codicibus,
1540 2500 1635 2556 quid
1656 2501 1814 2556 periculi
1834 2500 1906 2552 fit,

161 2556 258 2597 nihil
286 2556 378 2598 dico
407 2555 449 2597 in
478 2554 688 2610 praesentia
705 2585 719 2605 ,
755 2554 822 2596 sed
852 2555 967 2596 nimis
995 2569 1111 2610 quam
1141 2556 1261 2597 timeo
1283 2582 1295 2602 ‚
1335 2570 1385 2598 ne
1404 2557 1614 2611 periculum
1634 2570 1681 2597 ex
1706 2556 1789 2611 ipso
1808 2556 1908 2611 peri-

162 2611 252 2653 culo
279 2610 477 2652 discamus.
533 2610 593 2651 Ita
623 2610 782 2665 quidem
810 2610 921 2652 Leus.
977 2610 1066 2665 Ego
1085 2622 1221 2653 contra
1240 2622 1337 2666 puto
1357 2623 1483 2653 totum
1504 2612 1713 2666 periculum
1731 2611 1806 2653 effi:
1826 2626 1907 2653 me·

161 2665 351 2708 tuendum
379 2680 402 2707 e
429 2665 577 2707 furiosis
603 2665 791 2720 capitibus
816 2665 1061 2721 quorundam
1093 2666 1329 2717 tabularum,
1357 2668 1425 2721 qui
1455 2667 1596 2707 turbari
1617 2667 1764 2707 malunt
1781 2678 1906 2708 totam

164 2723 313 2776 Remp.
342 2720 626 2767 Christianam,
654 2734 771 2776 quam
788 2721 1050 2772 committere,
1076 2732 1121 2762 ut
1139 2720 1209 2776 ipsi
1228 2735 1310 2762 non
1331 2721 1541 2762 habeantur
1566 2723 1606 2762 in
1627 2721 1757 2775 aliquo
1769 2723 1907 2775 pretio»

162 2778 222 2820 Ex
252 2791 345 2818 meo
362 2775 487 2817 studio
516 2775 612 2830 quid
631 2776 788 2830 periculi
810 2775 1042 2827 fit,nescio=;
1071 2789 1173 2818 certe
1192 2776 1327 2818 summi
1347 2776 1442 2827 viri,
1455 2775 1633 2818 doctrina
1655 2776 1837 2821 absoluti,
1850 2777 1909 2817 vi-

163 2843 303 2886 taeque
331 2831 582 2873 sanstimonia
609 2831 795 2885 praediti,
823 2831 877 2873 ad
905 2832 1002 2874 haec
1024 2831 1214 2887 dignitate
1232 2831 1522 2885 praecellentes,
1551 2832 1718 2885 ingenue
1736 2830 1904 2872 fatentur

163 2887 202 2928 se
230 2900 279 2928 cx
307 2887 406 2928 meis·
434 2886 757 2928 lucubrationibus
773 2888 960 2941 permulta
987 2886 1182 2938 didicisse,
1210 2887 1430 2942 quae-prius
1449 2900 1528 2927 non
1549 2886 1907 2927 animadverterant.

163 2941 325 2983 Plurimi
348 2941 520 2982 ,fatentur
547 2941 622 2982 sese
640 2942 691 2982 ad
710 2942 879 2984 studium
896 2942 1115 2985 divinarum
1132 2942 1322 2983 literarum
1341 2942 1520 2982 incitatos
1539 2940 1668 2990 fiiiffin
1699 2954 1816 2996 atque
1834 2942 1905 2981 lio-

164 3010 250 3040 rum
270 2995 435 3051 quidam]
450 2996 514 3037 his
524 2996 687 3038 dotibus
704 2997 871 3051 praediti
891 2998 1001 3049 sunt,
1028 3009 1072 3040 ut
1089 2997 1213 3039 Leum
1231 2998 1295 3039 vix
1314 2995 1475 3052 dignum
1498 2997 1708 3038 existimem
1720 3027 1730 3044 ,
1760 2998 1825 3050 qui
1845 3011 1910 3036 cu-

164 3052 284 3093 linam
314 3065 448 3093 eorum
477 3063 593 3093 curet.
649 3052 752 3093 Non
783 3052 893 3106 quod
922 3052 1045 3095 Leum
1073 3066 1194 3109 usque
1221 3052 1325 3095 adeo
1342 3064 1610 3104 contemnam,
1637 3051 1703 3093 sed
1725 3051 1834 3107 quod
1854 3051 1908 3091 illi

166 3117 321 3150 tantum
340 3105 533 3149 excellant
552 3107 702 3151 eximiis
722 3107 888 3150 dotibus.
1314 3126 1316 3131 ⁸
1835 3158 1914 3201 Sed
