1976 3519
449 215 1442 283 PRoLEGoMENA.
1775 253 1830 294 79

141 328 314 371 Alexius
332 326 536 380 Aristenus
557 325 702 380 scripsit
718 326 759 365 in
775 325 847 380 Jus
867 324 1114 364 Canonicum
1124 354 1136 374 ,
1166 327 1207 363 &
1223 339 1246 363 a
1268 325 1494 367 Balsamone
1512 327 1660 367 citatur.

140 381 746 479 Qnstffltmgslffa'mml'dm
763 380 881 434 judex
900 378 1268 429 Theffilonicenfis‚
1296 379 1439 434 scripsit
1459 381 1510 422 de
1531 382 1654 423 Seffis
1668 382 1804 424 librum
1811 408 1824 429 ‚

0 473 2 477 ,
81 454 152 496 qui
171 452 275 481 extat
294 453 335 479 m
393 471 399 479 .
455 469 465 479 .

568 518 1325 564 SECULOXIII.

140 600 312 642 Nicetas
331 598 543 638 choniates
562 599 668 639 varia
682 596 827 650 scripsit
844 597 986 649 partim
1003 595 1106 636 edita
1123 595 1263 650 partim
1293 594 1462 647 inedita,
1491 597 1742 651 praecipuum
1771 614 1816 640 o-

82 670 154 712 pus
172 657 226 697 est
244 654 460 696 Thesaurus
478 653 738 694 Ortbodoxae
764 651 888 692 Fidei.

134 709 372 763 Exstathius
391 708 560 748 Homeri
583 704 797 763 Interpres.

571 793 1076 836 SECULO
1185 791 1318 834 XIV.

133 869 340 909 Macarius
362 866 712 920 Chryfitcephalus,
742 861 1033 919 Philadelphiae
1069 864 1346 919 Metropolita,
1375 864 1596 920 conscripsit
1627 867 1818 910 Catenam

73 925 116 964 in
136 923 379 964 Matthaeum
398 937 445 962 ex
465 924 577 962 variis
594 922 768 964 Patribus
787 923 854 961 ΑΟ.
880 934 893 959 1
907 934 1000 974 345,
1029 921 1114 961 MS.
1137 921 1272 961 Baroc,
1298 925 1389 961 166.
1420 921 1558 962 Miltia
1579 922 1789 976 inspee'larn
1803 955 1816 974 ,

76 982 118 1020 δε
139 978 189 1018 ad
208 978 373 1019 seculum
394 978 446 1018 X.
466 978 633 1018 relatam.
1513 1017 1516 1019 Α

129 1033 323 1074 Balthasar
353 1031 561 1073 Cardenus
590 1032 840 1085 Antwerpiae
860 1030 985 1072 edidit
1014 1030 1205 1070 Catenam
1224 1032 1381 1072 Pati-um
1404 1032 1644 1074 Graecorum
1669 1034 1709 1074 in
1730 1034 1817 1077 Lu-

75 1103 162 1128 cam
187 1103 235 1129 ex
265 1087 494 1128 bibliotheca
520 1088 639 1128 Card.
660 1086 888 1128 Beffarionis
910 1090 974 1127 ΑΟ.
999 1087 1140 1136 1628.,
1172 1090 1212 1125 ὃς
1233 1090 1300 1128 A0.
1326 1091 1442 1140 1630.
1469 1089 1511 1127 in
1542 1087 1739 1140 Joannem
1767 1104 1815 1131 ex

74 1142 228 1184 Codice
246 1144 537 1185 membranaceo,
557 1141 774 1183 Cardinalis
794 1141 961 1191 Cusani,
991 1143 1058 1195 qui
1070 1141 1250 1182 Treveris
1271 1141 1514 1190 adservatum
1542 1144 1634 1183 item
1654 1145 1695 1184 in
1715 1144 1816 1185 Psal-

74 1200 159 1240 mo's
177 1201 242 1238 ΑΟ.
266 1203 386 1250 1643.
417 1197 583 1239 Videtur
599 1203 730 1238 'autem
752 1198 792 1237 in
813 1210 918 1238 textu
939 1196 1160 1237 exhibendo
1190 1197 1312 1250 magis
1333 1197 1478 1238 secutus
1509 1198 1680 1240 Codices
1711 1201 1814 1254 typis

71 1253 219 1303 editos,
249 1261 364 1307 quam
393 1253 619 1294 Leffionem
651 1253 738 1293 MS.
777 1252 831 1293 sui
864 1251 1038 1292 Codicis.
1093 1252 1214 1291 Porro
1249 1253 1463 1291 ‘Patricius
1500 1251 1647 1303 Junms
1689 1255 1815 1296 edidit

70 1308 244 1350 Londini
270 1311 335 1348 ΛΟ.
371 1313 491 1360 1637.
521 1306 694 1348 Nicetae
713 1307 868 1349 Heracl.
892 1306 1062 1360 Metrop.
1087 1307 1278 1347 Catenam
1309 1307 1349 1346 in
1372 1306 1528 1359 Jobum.
1560 1310 1741 1364 Denique
1770 1310 1812 1351 Ρ.

73 1362 253 1412 Poffinus
280 1362 405 1403 edidit
430 1363 600 1406 Tolosae
629 1365 695 1404 ΑΟ.
721 1366 840 1414 1646.
867 1373 1040 1402 catenam
1065 1362 1104 1401 in
1137 1362 1405 1413 Matthaeum,
1426 1366 1466 1402 δε
1487 1365 1553 1404 A0.
1579 1371 1698 1418 ¹⁶73-
1729 1366 1810 1407 Ro-

71 1432 156 1459 mae
172 1419 215 1459 in
235 1417 425 1458 Marcum.

646 1527 713 1567 DE
752 1528 1002 1570 VERsonE
1041 1527 1243 1567 LATmA.

73 1676 80 1685 ,
159 1639 288 1681 Rimis
315 1638 473 1693 quidem
501 1638 689 1680 Ecclesiae
716 1639 921 1680 Romanae
949 1638 1218 1691 temporibus,
1250 1652 1338 1678 cum
1369 1639 1552 1691 majorem
1584 1653 1729 1694 partem
1763 1655 1809 1681 ex

69 1639 156 1747 P
188 1694 347 1734 Graecis
363 1707 477 1748 atque
498 1695 632 1734 exteris
653 1694 864 1743 constaret,
880 1707 1045 1746 cumque
1065 1693 1193 1732 adhuc
1216 1694 1367 1734 Graeca
1386 1694 1514 1748 lingua
1536 1695 1613 1735 fere
1633 1697 1811 1736 omnibus

71 1748 248 1804 gentibus
266 1762 332 1801 per
352 1750 484 1789 orbem
505 1761 687 1788 terrarum
706 1748 897 1788 familiaris
917 1748 1030 1795 esset,
1058 1748 1196 1786 Latine
1216 1748 1406 1787 conversis
1442 1749 1654 1790 k'odicibus
1682 1752 1807 1791 Sacris

73 1818 172 1858 opus
187 1816 274 1844 non¹
289 1801 382 1853 fuit,
403 1817 519 1856 quum
540 1803 689 1843 Graece
705 1803 781 1856 legi
801 1805 840 1841 &
863 1801 1022 1854 intelligi
1044 1801 1194 1854 possent
1214 1802 1261 1842 ab
1285 1802 1473 1842 omnibus.
1503 1803 1618 1844 Circa
1640 1805 1810 1847 medium

72 1859 228 1900 demum
248 1857 358 1897 seculi
379 1858 530 1907 11.‚P10
551 1857 739 1897 Pontifice
759 1857 857 1897 Italo
877 1855 1242 1904 existente,videtur
1262 1857 1422 1897 leffltari
1435 1858 1624 1912 Scriptura
1636 1860 1746 1900 Sacra
1768 1862 1809 1901 in

73 1914 203 1968 lingua
223 1912 444 1961 vernacula,
473 1912 549 1951 hoc
566 1912 620 1952 est
640 1913 797 1962 Latina,
827 1911 1000 1965 coepiffie.
1031 1909 1275 1963 Cujusmodi'
1297 1924 1424 1952 autem
1447 1911 1560 1955 fuerit
1591 1913 1686 1954 haec
1716 1931 1810 1956 con·

72 1969 217 2018 verno,
244 1967 377 2007 multo¹>
392 1978 480 2007 ante
509 1967 786 2007 correstionem
814 1965 1050 2019 Hieronymi
1079 1965 1285 2016 confecia,
1311 1980 1358 2007 ex
1389 1967 1536 2020 scriptis
1558 1983 1715 2020 eorum,
1744 1973 1811 2025 qui

72 2023 208 2064 eadem
237 2022 290 2063 ufi
320 2021 493 2068 fuerunt,
522 2022 780 2076 conjecturam
805 2020 928 2063 facere
953 2019 1101 2070 licebit,
1131 2032 1365 2076 quamquam
1398 2023 1501 2064 varie
1521 2037 1665 2065 tentata
1686 2040 1729 2065 ac
1746 2026 1811 2067 de-

72 2078 214 2131 scripta
231 2077 353 2118 fuerit:
716 2117 723 2120 .
904 2117 910 2120 .

126 2133 306 2174 Occurrit
333 2132 458 2187 primo
485 2132 575 2173 loco
596 2131 779 2173 Marcion
799 2135 838 2173 ὅ(
856 2131 1147 2183 Marcionitae,
1176 2133 1243 2188 qui
1263 2139 1515 2187 corruperunt
1537 2135 1653 2176 libros
1680 2136 1737 2177 N.
1759 2137 1809 2178 T.

73 2188 221 2230 reseffis
240 2189 417 2235 omnibus
437 2188 503 2239 iis,
533 2187 829 2243 quae-Judaic‘ae
848 2188 1050 2243 Religioni
1071 2188 1197 2229 favere
1220 2189 1429 2243 putabant,
1459 2194 1499 2229 &
1528 2192 1727 2233 contrasto
1748 2205 1810 2233 to-

74 2256 118 2285 to
147 2243 203 2284 N.
230 2243 281 2284 T.
310 2243 351 2283 in
380 2242 478 2284 duos
497 2243 688 2294 Codices,
717 2250 881 2297 quorum
902 2245 1068 2298 priorem
1090 2244 1280 2285 vocabant
1309 2245 1581 2299 Evangelium
1599 2277 1611 2296 ,
1641 2261 1688 2287 ex
1707 2248 1811 2289 Luca

74 2300 278 2340 maximam
304 2310 449 2352 partem
480 2298 715 2349 conflatum,
744 2313 788 2339 ac
818 2298 978 2340 subinde
1004 2314 1051 2340 ex
1087 2300 1240 2353 reliquis
1272 2300 1523 2354 Evangelistis
1559 2303 1811 2356 integratum:

74 2354 378 2408 posterioremA
403 2352 614 2403 ostolicum,
638 2353 901 2394 continentem
921 2354 1109 2407 Epistolas
1128 2355 1176 2394 ad
1202 2355 1381 2403 Galatas,
1412 2355 1462 2395 ad
1477 2355 1732 2408 Corinthios,
1762 2358 1811 2398 ad

74 2410 299 2458 Romanos,
329 2423 349 2448 a
396 2408 770 2459 Thessalonicenses,
799 2409 848 2449 ad
868 2409 1133 2460 Laodicenos,
1163 2409 1213 2449 ad
1241 2409 1503 2462 Colossenses,
1535 2412 1585 2452 ad
1616 2413 1814 2454 Philemo-2

74 2476 187 2513 netu,
217 2466 256 2503 δι
277 2463 326 2503 ad
344 2462 629 2518 Philippenses:

130 2518 297 2559 Instituti
329 2518 447 2559 nostri
477 2533 557 2559 non
586 2519 640 2559 est
669 2516 911 2559 Marcionem
943 2518 1146 2560 refutando
1169 2520 1294 2560 astum
1324 2535 1458 2576 agere,
1490 2537 1534 2563 ac
1553 2522 1603 2564 de
1624 2523 1698 2565 illis
1718 2524 1813 2565 locis

76 2572 289 2628 disputare,
319 2588 417 2627 quae
437 2573 647 2624 sustulerat,
677 2573 743 2614 sed
764 2576 893 2628 potius
914 2574 964 2615 de
983 2576 1028 2615 iis
1049 2589 1225 2629 agemus,
1256 2590 1354 2629 quae
1377 2577 1591 2619 retinuerat.

133 2632 193 2669 Ac
224 2630 438 2683 principio,
468 2629 576 2683 quod
605 2644 628 2669 a
657 2630 811 2670 nemine
844 2629 971 2670 adhuc
1000 2629 1304 2671 animadversum
1337 2645 1433 2685 puto
1452 2664 1464 2683 ,
1496 2633 1588 2684 (nifi
1609 2634 1646 2689 J.
1676 2634 1813 2675 Millio

77 2683 173 2738 prol.
222 2684 314 2735 378.
365 2683 564 2725 suboluisse
617 2684 814 2738 putemus)
861 2686 1119 2739 comperimus
1146 2716 1158 2735 ,
1196 2685 1412 2727 Marcionis
1457 2687 1628 2730 Codices
1666 2690 1724 2732 N.
1763 2690 1814 2730 T.

77 2752 157 2779 non
177 2753 222 2785 ex
245 2739 403 2779 Graecis
423 2739 719 2794 exemplaribus,
742 2739 806 2780 sed
828 2754 874 2780 ex
895 2740 1082 2781 Verfione
1103 2740 1241 2780 Latina
1261 2742 1380 2782 veteri
1409 2741 1486 2783 five
1511 2744 1638 2784 Italica
1669 2744 1816 2785 confla-

78 2795 139 2834 tos
170 2793 286 2834 fuisse.
316 2794 513 2835 Nimirum
543 2809 590 2835 ex
620 2796 737 2835 tribus
769 2806 917 2835 tantum
948 2796 1230 2846 monumentis,
1255 2796 1351 2850 quid
1376 2797 1558 2839 Marcion
1587 2799 1743 2853 legerit,
1775 2802 1815 2838 ὃς

78 2848 232 2889 Romae
251 2850 417 2904 primum
437 2849 638 2896 ediderit-‚³
655 2850 827 2891 constare
849 2850 973 2904 potest
994 2885 1005 2901 ‚
1028 2863 1075 2891 ex
1095 2849 1341 2905 Epiphanio,
1371 2866 1418 2892 ex
1438 2852 1682 2894 Tertulliano
1711 2858 1749 2894 δε
1770 2868 1817 2894 ex

81 2900 258 2956 Dialogo
287 2913 422 2945 contra
454 2905 747 2955 Marcionitas,
778 2920 893 2960 quem
923 2906 1079 2946 Basilius
1100 2920 1187 2946 cum
1211 2906 1406 2962 Gregorio
1436 2908 1671 2950 Philocaliae
1691 2910 1817 2963 capite

85 2967 154 3005 24.
181 2958 369 3013 Origeni,
391 2960 552 3001 Photius
570 2961 667 3002 Bibl.
690 2967 782 3013 236.
813 2960 1050 3012 Methodio‚
1069 2960 1250 3002 Eusebius
1271 2975 1398 3003 autem
1419 2963 1696 3018 antiquissimus
1716 2964 1818 3006 testis

80 3010 182 3052 Hist.
213 3014 312 3055 Eccl.
348 3027 394 3066 ς,
428 3028 490 3066 27.
518 3018 557 3056 &
579 3016 792 3069 Praeparat.
822 3017 967 3072 Evang.
1002 3030 1049 3067 7,
1082 3028 1145 3067 24..
1174 3016 1359 3056 Maximo
1387 3018 1559 3069 cuidam,
1591 3020 1698 3073 cujus
1718 3031 1818 3059 aeta-

82 3077 162 3106 tem
189 3066 379 3120 ignoraffe-
399 3070 573 3121 videtur,
601 3071 818 3126 adscripsit:
848 3085 895 3112 ex
927 3071 1071 3120 curiosa
1101 3085 1194 3112 vero
1214 3073 1373 3128 Dialogi
1394 3073 1509 3127 ipsius
1529 3074 1693 3115 leffione
1715 3084 1820 3127 patet

83 3135 165 3160 non
185 3121 327 3172 solum,
357 3126 524 3178 quod&
543 3127 710 3172 Huetius
728 3126 850 3177 vidit,
880 3127 990 3168 illum
1005 3127 1131 3168 seculo
1157 3125 1228 3171 IV.
1258 3127 1325 3171 sub
1353 3127 1615 3171 Constantino
1644 3128 1726 3177 M,
1756 3126 1821 3169 sed

82 3176 198 3218 etiarn
221 3176 357 3220 Latine
379 3182 568 3234 primurn,
590 3182 804 3228 aMaximo
818 3182 1180 3229 forteTrev‘erenfi,
1202 3181 1383 3237 seriptum
1408 3182 1537 3235 fuiffe,
1565 3186 1607 3223 δε
1630 3182 1762 3277 postga
1781 3183 1822 3222 in

68 3261 70 3263 .
1745 3251 1824 3279 rae·
