1976 3519
106 249 194 304 ³4⁶

507 241 1338 283 ΕΥΑΓΓΕΛΙΟΝ

1740 237 1832 282 vn.

104 331 134 374 οἶ
166 328 357 382 ποταμοὶ,
383 326 437 380 ‘iffi
462 325 625 369 ’ἔπνευσαν
647 324 675 367 οἱ
695 323 827 378 ἑίνεμοι,
854 324 916 368 καὶ
936 324 1160 379 προσέκοψαν
1182 326 1228 377 τῇ
1250 322 1346 374 οἰκίᾳ
1366 321 1476 375 ἐκείνη·
1505 324 1531 376 a&
1554 322 1678 376 ’ἕπεο-ε,
1707 321 1770 364 καὶ

100 385 138 432 ’ἦν
154 388 174 432 ’ἦ
198 387 315 429 νὶἳῶσις
334 385 444 429 αὐτ-ἧς
462 381 620 434 μεγάλη.
651 379 722 424 Καὶ
741 381 870 432 ἐγένετο
893 383 952 423 ὅτε
973 380 1174 424 συνετέλεσεν
1194 379 1208 421 ὃ
1229 380 1350 427 Ἰησοῦς
1372 378 1450 422 τοὺς
1471 378 1599 430 λόγους
1622 378 1765 428 ‘fodra-5,
1798 382 1851 422 28

106 441 364 497 ἒξεπλῆοσ-οντο
394 438 422 482 οἱ
448 438 553 506 ’σ’χζιοι
580 435 642 480 ἐπὶ
675 438 721 491 τῆ
737 438 869 493 διδαχῇ
893 439 1011 482 αὐτοῦ.
1042 437 1116 479 *Hi
1136 435 1208 489 ’γὰρ
1229 434 1395 479 διδάσκων
1412 433 1536 479 αὐτοὺς
1555 433 1598 479 ὣς
1618 433 1767 489 ἐξουσίαν
1800 451 1853 488 29

430 495 440 507 f
734 493 756 502 Ν

105 498 220 553 ἐ’χων,
249 495 311 540 καὶ
333 498 403 552 οὐχ
423 513 466 540 ως
485 513 512 537 οι
537 510 777 549 γραμματεις.

148 659 194 686 27.
214 646 398 687 προσ-ἔκοψαν]
415 644 562 688 προσ-ἕπετον
578 648 625 685 63.
643 648 692 684 712

107 689 276 726 προσ-ἔκρεσοιν
295 698 338 723 13.

148 721 281 762 μεγάλη]
299 729 337 760 -1-
349 723 452 763 σφὸἑξοε
472 736 515 763 ¹3·

150 766 195 794 28.
214 763 389 801 συνετέλεσεν]
411 761 521 792 erineo-n
541 765 576 794 C.
598 773 623 792 1.
644 771 670 790 2.
687 761 734 790 68.
754 770 800 799 73.
819 761 926 798 Evang.
945 770 974 798 ς.

111 805 346 879 εἢίγέιεξνλνὶωπνντο]
368 844 406 875 -1-
423 838 516 872 παὶντες
537 851 560 869 1.
579 841 651 878 Orig.
669 837 687 866 I.
707 848 732 867 c.

1652 561 1670 589 1
1705 544 1776 586 Kal

793 641 950 682 προσ-ἕρρηξοιν
967 644 1037 674 CM.
1061 654 1086 673 ι.
1104 643 1227 684 Chryfhst.
1247 643 1277 672 in
1291 644 1364 673 Gen.
1381 641 1460 680 Bafil.
1479 643 1512 672 dc
1528 647 1604 682 Bapt.
1622 643 1660 671 II.
1679 644 1707 671 6.
1725 650 1759 670 ex
1776 646 1861 672 Luca.

1013 761 1106 789 Editio
1124 768 1174 791 Era
1187 765 1246 794 mi,
1270 761 1396 797 Rogardi,
1416 763 1531 798 Origenes
1558 759 1586 787 in
1601 759 1703 788 Matth.
1726 759 1810 788 XIX.
1833 768 1857 787 ι.

1050 801 1062 826 ὀ
1078 802 1160 831 Ιησοῦς
1204 803 1242 834 4-
1259 798 1351 831 πιένἹοις
1366 809 1413 834 9ι.

151 890 198 916 ²9·
215 881 406 917 γραμματεῖς]
423 882 460 912 -1-
475 878 554 905 arba-3⁹
573 881 610 907 K.
634 887 657 906 1.
681 886 729 914 ¹3.
752 887 796 915 33.
835 879 932 907 Versio
946 883 1010 916 Syra
1026 880 1054 907 ὃ(
1072 880 1176 906 Latina.
1191 876 1305 914 AEthiop.
1325 877 1411 905 Arab.
1427 876 1518 914 Euseb.
1536 877 1573 905 D.
1593 876 1806 913 1.7.&IX.11.

147 919 339 956 γραμματεῖς]
360 921 398 951 4-
416 921 460 944 καὶ
475 919 497 944 οἱ
510 918 640 954 <papio-odon
662 917 696 944 C.
717 916 794 945 Vers.
813 918 891 953 Vulg.
911 923 966 957 Syr.
983 921 1088 947 Armen-
1108 916 1197 954 Euseb.
1218 918 1301 944 Dem.
1323 925 1347 943 1.
1368 925 1395 951 7.

156 968 180 986 1.
202 953 350 990 nmrxssdura
372 955 398 983 δὲ
421 955 510 992 αὐτῷ]
533 951 699 987 καταβάντος
721 951 748 982 at
769 955 847 982 ωὐτιῦ
863 957 898 985 C.
918 966 941 985 ι.
964 965 1008 993 13.
1030 965 1074 994 33.
1095 958 1123 985 &
1139 964 1284 991 comm.5.
1295 964 1329 981 ne
1345 954 1425 981 bisin
1439 954 1538 981 eodem
1557 954 1770 984 commateeffet
1779 953 1860 991 αὖτζῶ.

149 990 226 1031 ἕχλοι
242 992 350 1030 πολλοὶ]
372 989 448 1029 ἶν’χλος
462 992 542 1024 πολὺς
563 1003 610 1031 33,
631 994 738 1031 Evang.
758 1003 803 1022 ²0.

153 1044 180 1062 2.
199 1030 300 1068 ἐλθὸν]
319 1028 454 1070 προσελθὸν
469 1033 502 1060 Ε.
527 1042 551 1061 1.
568 1042 614 1068 51.
632 1034 678 1061 61.
699 1033 746 1061 66.
767 1042 814 1070 74.
832 1032 879 1069 89.
899 1043 947 1069 90.
965 1043 1014 1070 9¹-
1038 1033 1143 1071 Evang.
1163 1042 1190 1068 7.
1210 1041 1256 1061 20.
1284 1031 1380 1059 Verslo
1400 1036 1462 1071 Syra
1481 1032 1621 1069 posterior·
1630 1034 1749 1072 *AEthisp
1767 1034 1860 1070 cyrill.

112 1111 172 1151 ejus
183 1135 192 1151 ‚
208 1110 241 1140 &
256 1120 319 1141 non
342 1108 452 1140 exiisset
471 1110 502 1140 in
519 1109 618 1141 ae'rem
641 1109 754 1141 mundi.
775 1109 916 1141 Debarim
931 1112 969 1141 R.

114 1153 186 1184 VII.
210 1153 295 1184 Dixit
315 1152 355 1183 R.
380 1152 537 1184 Simeonf.
561 1152 736 1194 Chelpatba.
784 1153 969 1194 Qicunque

112 1195 219 1228 didicit
235 1195 328 1228 verba
343 1195 413 1236 legis
423 1196 478 1234 ,δί
496 1205 559 1226 non
576 1195 667 1236 facit,
688 1195 766 1228 illius
783 1196 870 1237 culpa
880 1196 968 1236 longe

114 1239 233 1279 gravior
266 1237 326 1279 est,
348 1247 438 1279 quam
463 1239 544 1279 ejus,
564 1239 616 1278 qui
641 1239 728 1280 plane
751 1238 824 1269 nihil
849 1238 966 1270 didicit.

118 1281 167 1313 Ut
192 1281 281 1313 simili
306 1290 370 1312 rem
387 1280 552 1312 illustrem:
572 1281 640 1312 Rex
656 1280 778 1322 quidam
795 1281 826 1311 in
843 1281 968 1312 hortum·

113 1324 200 1355 suum
218 1324 294 1355 duos
309 1323 483 1354 hortulanos
500 1324 765 1363 introduxit3alter
773 1334 878 1354 eorum
886 1324 970 1365 plan—

114 1368 190 1399 tavit
215 1367 354 1406 arbores,
373 1366 419 1397 sed
443 1376 489 1397 eas
505 1367 608 1408 postea
623 1365 762 1398 exscidit:
791 1366 861 1397 alter
885 1377 969 1408 pror-

114 1410 161 1440 sus
187 1409 260 1440 nihil
278 1409 421 1451 plantavit
432 1432 442 1449 ,
466 1409 500 1441 &
517 1409 591 1441 nihil
608 1408 749 1449 exscidit,
772 1411 893 1440 cuinam
911 1409 970 1441 ho-

114 1462 183 1483 rum
202 1451 268 1483 Rex
285 1450 439 1492 irascitur,-
462 1461 565 1484 nonne
582 1451 639 1492 illi,
662 1453 714 1493 qui
723 1452 969 1493 plantavit&ex-

113 1494 224 1526 scidit?
245 1493 408 1525 Tanchuma
426 1495 446 1525 f.
468 1504 526 1535 79,
546 1504 576 1534 4.
601 1495 634 1526 &
655 1495 717 1536 84,
742 1504 773 1535 4.
792 1495 834 1526 R.
854 1494 969 1535 Jocha-

115 1547 175 1569 nan
198 1537 288 1569 dixit:
312 1538 484 1578 quicunque
498 1537 634 1570 observat
649 1537 764 1580 legem,
783 1537 864 1568 idem
872 1537 915 1568 est
932 1547 967 1569 ac

116 1580 139 1611 fi
166 1590 232 1611 eam
257 1580 372 1611 tulisset.
401 1579 586 1622 Kiddufihim
605 1579 628 1610 f.
649 1589 714 1621 40,
739 1590 769 1611 2.
813 1579 896 1611 Cum
913 1580 968 1611 ali-

115 1622 236 1664 quando
254 1623 296 1654 R.
319 1623 468 1664 Tarphon
485 1625 518 1654 &
534 1623 658 1654 seniores
675 1622 798 1664 Lyddae
813 1623 845 1653 in
862 1633 969 1654 coena-

115 1666 189 1697 culo
214 1665 321 1697 domus
345 1664 436 1696 Nitsa
458 1665 609 1706 sedissent,
640 1664 772 1706 quaestio
801 1664 876 1696 haec
892 1666 968 1696 inter

115 1718 168 1740 eos
188 1716 292 1739 exorta
316 1707 374 1739 est:
407 1707 497 1739 Num
514 1707 633 1739 scientia
649 1708 743 1747 majus
758 1707 831 1747 quid
847 1707 911 1745 est³
930 1718 968 1740 an

116 1751 236 1792 praxis?
260 1750 304 1781 R.
325 1749 474 1791 Tarphon
499 1749 593 1791 dixit,
615 1751 719 1791 praxin
733 1750 791 1782 esse
805 1750 967 1789 majorem:

115 1794 158 1826 R.
192 1793 292 1824 Akiba
309 1803 382 1826 vero
404 1792 559 1824 doetrinae
574 1793 683 1834 primas
700 1791 790 1824 dedit.
822 1791 883 1824 Cui
898 1802 968 1824 om-

116 1846 170 1867 nes
199 1836 303 1877 reliqui
321 1835 531 1867 consenserunt
553 1836 702 1867 dicentes:
725 1834 865 1867 Eruditio
882 1845 968 1876 prae-

117 1878 237 1910 ferenda
255 1879 315 1918 est,
337 1880 406 1920 quia
422 1878 507 1909 ducit
523 1878 560 1909 ad
577 1879 689 1921 praxin.
713 1877 870 1909 Sanhedrin
879 1878 900 1909 f.
915 1888 968 1919 99,

120 1931 148 1953 1.
170 1921 202 1952 R
219 1921 310 1961 Josua
325 1921 347 1952 f.
369 1921 496 1952 Korcha
512 1921 602 1952 dixit:
628 1921 812 1962 Quicunque
821 1920 916 1962 legem
926 1920 970 1951 di-

118 1963 214 2005 dicit,
236 1973 342 1994 verum
358 1963 393 1994 ad
410 1965 471 2003 ejus
481 1964 694 2004 praescriptum
707 1965 799 1994 vitam
808 1973 870 1994 non
879 1973 968 1994 com-

118 2007 222 2047 ponit,
247 2006 347 2036 similis
363 2006 405 2037 est
421 2006 559 2047 homini,
579 2007 631 2046 qui
655 2004 740 2046 serit,
761 2013 790 2036 at
799 2016 862 2037 non
873 2007 969 2038 metit.

119 2049 162 2080 R.
181 2047 275 2088 Josua
301 2049 393 2080 dixit:
416 2049 589 2089 quicunque
618 2049 716 2089 legem
740 2048 865 2088 didicit,
886 2058 968 2079 eam-

120 2101 179 2132 que
207 2091 358 2121 oblivioni
375 2091 480 2132 tradit,
503 2091 603 2122 fimilis
617 2090 660 2121 est
677 2089 814 2131 mulierI,
835 2101 909 2132 quae
924 2092 971 2121 in-

119 2134 234 2166 fantem
257 2133 353 2175 parit,
374 2133 473 2175 paullo
497 2134 566 2173 post
586 2143 659 2164 vero
676 2133 784 2174 sepelit.
807 2133 972 2165 Tanchuma

120 2176 143 2208 f.
166 2177 224 2214 82,
248 2186 274 2206 1.
313 2176 470 2217 Tempore
487 2176 590 2207 futuro
608 2177 705 2207 veniet
721 2185 858 2216 regnum.
879 2175 973 2209 Dicet

118 2220 186 2261 ipfis
205 2219 235 2251 S.
260 2219 291 2250 Β.
314 2220 364 2250 cui
381 2219 422 2249 rei
437 2229 491 2250 vos
500 2229 625 2260 operam
633 2218 774 2250 dedistis?
795 2218 974 2259 Responde-

119 2262 215 2294 bunt:
238 2261 350 2293 multos
374 2263 460 2293 vicos
482 2261 719 2300 aedificavimus,
737 2262 772 2293 &
800 2262 893 2293 multa
902 2262 974 2292 ‘bal—

121 2315 177 2336 nea
208 2306 402 2337 extruximus.
444 2303 560 2335 Omnia
594 2314 666 2335 vero
693 2304 747 2335 ista
770 2314 833 2334 non
857 2304 911 2335 alia
937 2304 974 2336 de

122 2347 221 2380 cauffa
237 2347 382 2388 fecimus,
406 2356 495 2387 quam
514 2356 547 2378 ut
564 2346 706 2378 Israelitae
721 2347 778 2388 legi
793 2356 913 2389 operam
923 2346 975 2377 da-

121 2399 198 2421 rent.
239 2389 298 2420 Sed
314 2389 501 2430 respondebit
517 2390 548 2421 S.
571 2390 603 2421 Β.
628 2389 835 2430 Quaecunque
851 2389 972 2429 fecistis,

124 2432 217 2465 vestri
233 2431 393 2463 commodi
410 2432 507 2463 caussa
524 2432 643 2464 fecistis.
675 2432 770 2464 Vicos
785 2432 970 2473 aedificastis,

122 2483 158 2506 ut
182 2474 278 2508 scorta
302 2475 332 2505 in
360 2475 413 2505 illis
432 2474 638 2513 collocaretis'·‚
659 2475 763 2507 balnea
778 2475 814 2506 ad
836 2475 973 2516 volupta-

123 2525 187 2549 tem
212 2517 338 2549 vestram
362 2517 544 2549 aedificastis.
587 2517 730 2550 Succedit
747 2528 871 2559 regnum
881 2518 974 2549 Persi-

124 2570 214 2598 cum3
236 2561 344 2601 quibus
367 2560 446 2591 dicet
464 2561 562 2592 Deus:
585 2562 706 2592 cuinam
722 2563 763 2592 rei
781 2571 836 2593 vos
853 2570 976 2602 operam

124 2602 265 2634 dedistis?
284 2601 537 2642 Respondebunt:
559 2604 665 2635 multas
682 2604 769 2635 urbes
788 2601 976 2645 subegimus,

126 2645 240 2676 multos
263 2653 368 2686 pontes
389 2647 586 2678 extruximus:
608 2647 712 2677 onmia
728 2647 817 2687 ideo,
838 2655 870 2677 ut
888 2646 976 2678 Israe-

125 2688 193 2719 litae
218 2687 277 2728 legi
301 2697 422 2728 operam
447 2688 515 2719 dare
540 2689 667 2731 possent.
705 2689 763 2720 Sed
788 2688 976 2730 respondebit

125 2731 228 2762 Deus:
251 2730 364 2761 Omnia
381 2731 455 2762 haec
466 2732 557 2763 vestri
565 2732 661 2764 caussa
670 2732 801 2772 fecistis,
812 2733 897 2762 urbes
907 2732 976 2763 sub·

125 2773 223 2813 egistis
251 2781 284 2804 ut
319 2773 440 2804 subditis
461 2785 553 2805 onera
571 2776 788 2816 imponeretis3
803 2782 908 2816 pontes
926 2784 976 2806 ex-

127 2815 321 2856 truxistis,ut
337 2816 493 2855 vectigalia
510 2817 578 2848 inde
594 2819 790 2859 perciperetiS.
813 2817 977 2849 Berachoth

125 2857 150 2888 f.
176 2868 210 2898 7,
233 2868 261 2889 2.
282 2858 323 2889 R.
336 2858 493 2898 Jochanan
513 2861 634 2891 nomine
644 2860 685 2891 R.
709 2860 847 2893 Simonf.
865 2860 983 2900 Jochai.

127 2900 221 2940 dixit,
242 2901 338 2941 legem
356 2901 450 2931 facere
469 2902 572 2933 melius
588 2902 648 2940 est,
667 2913 758 2943 quam
773 2912 838 2934 eam
857 2903 978 2934 discere.

127 2943 159 2973 S.
182 2942 223 2973 D.
244 2943 307 2973 Hic
326 2943 369 2974 est
386 2942 462 2974 Elisa
477 2942 497 2974 f.
520 2944 649 2984 Saphat‚
672 2946 722 2986 qui
746 2945 828 2976 Eliae
843 2947 978 2978 manibus

126 2995 234 3026 aquam
260 2985 366 3017 affudit
405 2995 433 3016 2.
450 2988 516 3023 Reg.
541 2986 596 3018 ΙΙΙ.
623 2997 669 3017 11.
691 2997 753 3018 non
778 2987 905 3019 dicitur:
926 2990 977 3028 qui

129 3027 337 3067 discebat,sed
355 3027 537 3060 affundebat.
560 3030 632 3060 Hoc
653 3029 760 3069 docet,
782 3030 879 3060 facere
892 3032 977 3062 meli-

129 3081 163 3103 us
180 3070 237 3101 effe
248 3080 338 3111 quam
354 3071 472 3102 discere.
495 3072 597 3103 Aboth
615 3072 652 3103 V.
678 3081 723 3112 14.
756 3072 895 3111 Qatuor
913 3073 978 3104 sunt

126 3113 263 3145 scholam
280 3114 512 3154 ingredientium
526 3125 645 3156 genera:
670 3116 720 3154 qui
731 3115 818 3146 intrat
828 3125 884 3146 nec
896 3116 979 3156 facit,

1011 1109 1102 1141 Hanc
1114 1110 1285 1141 sententiam
1295 1118 1358 1141 non
1367 1107 1462 1140 solum
1473 1116 1576 1140 notam
1586 1108 1861 1152 feceruntProphe-

1011 1161 1076 1193 tae,
1099 1163 1203 1185 verum
1219 1153 1309 1183 etiam
1327 1161 1342 1182 e
1357 1151 1441 1182 scetis
1457 1153 1584 1192 antiquis
1598 1151 1791 1193 docti,iique
1808 1152 1866 1194 qus

1010 1205 1104 1236 neque
1113 1195 1250 1227 viderunt
1259 1204 1392 1235 unquam
1403 1194 1577 1235 Prophetas,
1588 1204 1683 1235 neque
1689 1194 1864 1236 sapientiam

1010 1248 1117 1269 eorum
1131 1239 1325 1275 audiverunt,
1349 1236 1428 1267 idem
1439 1236 1588 1276 docuere,
1608 1238 1719 1269 scilicet
1730 1248 1793 1270 non
1802 1238 1862 1270 effe

1013 1281 1183 1322 quempiam
1197 1280 1354 1311 hominem
1371 1279 1556 1321 perfectum,
1577 1280 1631 1311 nisi
1649 1281 1864 1321 quiscientiam

1014 1325 1048 1356 ὅτ
1064 1334 1154 1365 opera
1169 1323 1256 1354 fimul
1265 1323 1470 1362 conjunxerit3
1483 1323 1516 1353 &
1525 1332 1615 1363 quam
1626 1323 1808 1364 praeclarum
1819 1323 1865 1355 est

1013 1366 1130 1397 dietum
1164 1365 1339 1407 Philosophi
1375 1365 1450 1396 illius
1474 1365 1643 1397 excellentis
1661 1377 1667 1396 :
1699 1366 1862 1399 consilium

1014 1409 1074 1441 Dei
1091 1411 1122 1441 in
1139 1410 1226 1440 nobis
1235 1408 1313 1448 esse,
1335 1417 1367 1439 ut
1376 1408 1568 1449 intelligentes
1576 1408 1664 1440 simus
1679 1409 1713 1439 &
1724 1408 1808 1440 boni.
1827 1409 1867 1441 St

1013 1453 1078 1493 quis
1095 1453 1177 1483 enim
1193 1452 1313 1483 scientia
1329 1452 1363 1483 &
1379 1451 1572 1492 intelligentia
1587 1450 1735 1493 praeditus
1745 1450 1864 1493 cupidi-

1012 1502 1083 1526 tates
1109 1495 1232 1526 sectetur
1253 1519 1264 1535 ,
1292 1504 1355 1526 non
1378 1493 1420 1524 est
1444 1493 1491 1524 ille
1507 1503 1605 1525 revera
1619 1494 1767 1536 eruditus,
1786 1503 1865 1526 cum-

1010 1537 1147 1570 scientiae
1172 1538 1290 1568 initium
1315 1537 1347 1566 in
1369 1535 1430 1567 hoc
1454 1535 1611 1578 consistat,
1633 1545 1668 1568 ut
1683 1547 1747 1569 non
1765 1538 1865 1578 capiat

1012 1581 1076 1620 quis
1100 1590 1117 1611 e
1137 1579 1339 1620 voluptatibus
1365 1580 1500 1620 corporis
1525 1580 1578 1610 nifi
1601 1589 1663 1621 quo
1686 1579 1865 1620 sustentetur:

1012 1632 1131 1664 corpus.
1176 1622 1263 1659 Quae
1285 1631 1385 1653 autem
1409 1621 1470 1653 huc
1486 1620 1636 1663 speeiem,
1657 1622 1748 1654 fufius
1763 1623 1794 1654 in
1810 1626 1866 1662 eit-2

1010 1665 1171 1706 plicatione
1192 1664 1351 1696 TraCtatus
1376 1664 1483 1696 Aboth
1496 1663 1720 1705 explicabimus.
1762 1665 1867 1707 Atque

1012 1707 1073 1739 hoc
1091 1707 1187 1739 modo
1203 1708 1376 1738 invenimus
1384 1731 1394 1746 ‚
1404 1706 1589 1748 Prophetam
1596 1705 1771 1748 redarguisse
1780 1714 1866 1750 eum,v

1013 1751 1084 1792 qui,
1105 1759 1178 1781 cum
1201 1749 1354 1781 scientiam
1379 1749 1431 1779 fibi
1452 1749 1634 1791 attribuerit,
1662 1750 1760 1792 legem
1784 1752 1867 1782 inte-

1013 1794 1072 1824 rim
1088 1793 1212 1824 violaret
1220 1816 1230 1833 ,
1250 1793 1402 1833 animique
1417 1791 1460 1823 sui
1467 1793 1677 1833 cupiditatibus
1686 1793 1869 1835 indulgeret,¹

1010 1835 1072 1867 hoc
1099 1835 1204 1874 dicto,
1226 1835 1338 1875 Jerem.
1362 1833 1450 1867 VIII.
1474 1834 1501 1865 8.
1523 1845 1554 1876 9.
1575 1836 1677 1874 Quare
1693 1838 1729 1869 &
1745 1846 1797 1878 per
1813 1845 1868 1877 toff

1011 1886 1074 1910 tam
1101 1878 1197 1920 legem
1224 1885 1419 1919 praeceptum
1444 1879 1592 1909 invenies:
1614 1880 1649 1911 δε
1672 1879 1789 1912 discetis
1810 1884 1869 1919 ea}

1013 1922 1048 1954 &
1063 1920 1171 1952 deinde
1188 1932 1194 1951 z
1217 1922 1251 1952 ὅτ.
1274 1920 1386 1952 facietis
1404 1930 1448 1951 ea.
1469 1920 1524 1952 inf.
1546 1920 1670 1954 XXIII.
1693 1933 1722 1964 3.
1740 1922 1815 1964 Jac,
1835 1920 1867 1962 I,

1014 1973 1137 2002 22--25.
1159 1967 1240 1995 Rom.
1264 1963 1304 1994 ΙΙ.
1333 1972 1382 2003 13.
1406 1972 1455 2003 17.

1049 2006 1174 2045 ποταμοὶ
1188 2025 1255 2033 --
1270 2004 1381 2047 liniam]
1405 2008 1485 2037 Dan.
1495 2006 1602 2039 VII2
1623 2008 1704 2050 Efhj.
1716 2006 1865 2049 )()()ζΙῙ.1

1011 2057 1043 2080 2.
1064 2051 1129 2088 Sap.
1148 2048 1206 2080 IV.
1229 2058 1259 2087 4.
1279 2048 1352 2088 Job.
1375 2047 1399 2079 Ι.
1424 2059 1468 2089 19.
1491 2049 1568 2090 Psal.
1592 2050 1711 2084 XLVI.
1734 2061 1764 2092 4.
1787 2059 1816 2090 5.

1053 2094 1065 2124 ἦ
1081 2093 1185 2125 urge-55
1201 2109 1265 2115 —--
1281 2090 1414 2134 μεγάλη]
1436 2095 1537 2122 Severi
1555 2096 1653 2124 AEtna
1673 2103 1742 2134 373.
1765 2092 1860 2135 Saepe

1015 2134 1127 2174 premit
1156 2134 1256 2165 fauces
1280 2135 1394 2175 magnis
1411 2133 1544 2164 extructa
1559 2137 1650 2166 ruinis
1675 2136 1866 2178 Congeries,

1016 2176 1184 2217 clauditque
1209 2178 1277 2208 vias.
1309 2177 1449 2207 Diodorus
1473 2176 1503 2207 S.
1527 2176 1646 2210 XVIII.
1672 2188 1722 2219 70.
1740 2180 1867 2217 μεγάλω

1017 2219 1043 2249 δὲ
1062 2223 1108 2250 τοῦ
1120 2219 1266 2257 nuifare-105
1283 2219 1329 2249 καὶ
1343 2218 1472 2259 ποιμκδόξκ
1488 2220 1605 2259 ’γενομένῃ
1616 2244 1628 2261 ,
1649 2227 1672 2252 οἱ
1681 2221 1755 2252 κατ-ἃ
1763 2221 1869 2254 rivus»-

1017 2270 1054 2290 λιν
1076 2280 1142 2286 --
1163 2262 1379 2297 κατεπλάγησαν.
1401 2260 1483 2291 Philo
1505 2261 1544 2292 de
1567 2264 1682 2305 migrat.
1698 2265 1810 2295 Abrah.
1820 2264 1865 2295 T.

1021 2313 1048 2333 1.
1070 2313 1099 2345 p.
1120 2312 1204 2346 440>
1226 2314 1277 2344 41.
1307 2304 1352 2335 noel
1377 2304 1489 2335 dam-522»
1512 2307 1645 2340 πολλάκις
1659 2308 1736 2344 μέγα.
1758 2311 1867 2344 πτῶμα

1016 2344 1099 2376 ’ἔπεα-εν
1114 2370 1124 2381 ,
1156 2347 1188 2380 ὡς
1211 2347 1306 2385 μιηνιέτι
1329 2350 1446 2378 &varim
1468 2347 1608 2380 ιῘῊναισ-θαιι.
1650 2352 1769 2380 Petron.
1793 2358 1865 2380 121.

1016 2388 1127 2429 Tuque
1141 2390 1254 2430 ingenti
1268 2389 1368 2420 satiare
1383 2391 1466 2421 ruina
1482 2389 1593 2422 Pallida
1609 2391 1787 2432 Tisiphone.
1822 2393 1866 2421 0-

1016 2432 1078 2463 vid.
1106 2431 1144 2462 de
1168 2433 1270 2463 Ponto
1287 2432 1312 2463 1.
1336 2442 1364 2472 9.
1392 2441 1439 2473 13.
1461 2433 1548 2464 Tum
1561 2433 1672 2466 domus
1688 2436 1799 2476 ingenti
1817 2434 1865 2465 su.-

1018 2474 1083 2505 bito
1108 2484 1175 2506 mea
1189 2475 1266 2516 lapsa
1282 2476 1368 2506 ruina
1385 2474 1550 2516 Concidit,
1571 2477 1602 2507 in
1618 2476 1736 2509 domini
1753 2486 1864 2518 procu-

1018 2517 1146 2558 buitque
1171 2526 1269 2559 caput.
1310 2517 1353 2549 Fl.
1375 2519 1501 2560 Vopiscus
1517 2521 1548 2550 in
1564 2518 1656 2551 Caro.
1700 2520 1800 2551 Ruina
1817 2519 1870 2549 in-

1018 2569 1089 2600 gens
1114 2561 1163 2593 vel
1186 2561 1327 2602 naufragii
1354 2561 1449 2592 modo
1462 2585 1471 2601 ‚
1493 2562 1540 2592 vel
1565 2562 1704 2594 incendii.
1746 2562 1864 2593 AEneid.

1020 2602 1106 2634 VIII.
1130 2613 1198 2644 190.
1239 2603 1331 2635 Hanc
1348 2604 1464 2646 adspice
1480 2614 1604 2646 rupem,
1627 2605 1777 2646 Disjet'iae
1793 2615 1869 2646 pro·

1019 2646 1069 2676 cul
1096 2654 1128 2677 ut
1155 2646 1249 2678 moles
1270 2646 1438 2688 desertaque
1458 2648 1570 2679 montis
1591 2648 1653 2679 Stat
1677 2647 1805 2687 domus,
1831 2647 1869 2678 &

1019 2688 1134 2730 scopuli
1151 2690 1302 2730 ingentem
1320 2698 1431 2721 traxere
1446 2691 1572 2721 ruinam.
1614 2689 1663 2732 Q
1681 2695 1798 2722 Curtius
1809 2689 1864 2722 111.

1023 2741 1070 2762 11.
1101 2731 1188 2764 Tum
1205 2743 1278 2765 vero
1294 2732 1396 2764 similis
1413 2733 1512 2762 ruinae
1529 2732 1635 2773 strages
1643 2743 1712 2764 erat.
1735 2736 1865 2773 Propert.

1020 2773 1058 2806 II.
1086 2784 1135 2804 10.
1157 2774 1189 2806 Si
1205 2785 1262 2816 qua
1280 2776 1361 2805 venit
1371 2774 1450 2811 sero,
1473 2784 1578 2815 magna
1587 2777 1670 2806 ruina
1682 2778 1772 2807 venit.
1795 2778 1868 2806 Mae

1020 2816 1107 2847 nilius
1120 2817 1175 2849 IV.
1200 2827 1230 2858 9.
1253 2817 1411 2848 Materiern
1428 2816 1565 2848 struimus
1583 2828 1706 2860 magnae
1726 2829 1777 2860 per
1794 2828 1867 2850 vota

1020 2861 1130 2891 ruinae.
1151 2863 1264 2890 Statius
1291 2859 1392 2890 Theb.
1412 2858 1467 2890 III.
1490 2869 1543 2901 43.
1566 2861 1656 2901 Signa
1677 2861 1766 2894 dabat
1784 2871 1870 2903 mag.-

1020 2913 1075 2938 nae
1097 2902 1186 2944 longe
1212 2901 1363 2933 manifesta
1387 2903 1487 2933 ruinae
1503 2904 1537 2935 &
1556 2900 1630 2943 646.
1654 2904 1725 2936 Vidi
1743 2906 1869 2945 ingentis

1023 2953 1159 2986 portenta
1175 2945 1276 2975 ruinae
1293 2945 1326 2976 &
1347 2943 1398 2974 VI.
1422 2947 1491 2986 879.
1513 2945 1872 2989 Oppressumqueingen—

1022 2988 1058 3022 tis
1084 2987 1165 3019 mole
1183 2988 1282 3018 ruinae
1301 2986 1457 3019 Condidit.
1478 2988 1520 3020 X.
1545 2990 1615 3030 863.
1637 2989 1676 3021 Et
1692 2991 1803 3032 ingenti
1820 2990 1869 3021 su-

1021 3031 1066 3061 bit
1090 3038 1270 3061 occurrente
1285 3031 1376 3063 ruina.
1398 3032 1481 3062 Silius
1498 3031 1552 3064 1V.
1574 3034 1646 3072 623„
1668 3032 1816 3065 Concidit
1833 3033 1873 3063 ἃ

1022 3072 1125 3107 clausit
1143 3081 1250 3111 magna
1260 3074 1337 3103 vada*
1346 3073 1437 3114 preffa
1445 3076 1537 3106 ruina.
1550 3074 1636 3107 VIII.
1658 3077 1731 3116 246.
1741 3074 1872 3115 ingenti-

1025 3125 1083 3156 que
1100 3116 1182 3146 ruina
1200 3115 1338 3147 festinans
1353 3118 1464 3157 aperire
1479 3118 1595 3149 locum.
1617 3118 1660 3151 X.
1685 3129 1735 3160 34.
1765 3119 1869 3149 Trun-

126 3155 162 3186 &
174 3156 406 3196 hicwmercedem
424 3165 539 3189 tantum
549 3155 678 3189 accessus
686 3158 810 3198 accipit:
824 3159 875 3198 qui
885 3160 983 3199 intrat,
1027 3167 1064 3188 ca
1077 3167 1164 3198 atque
1179 3168 1264 3199 aegra
1281 3168 1428 3191 metuceu
1445 3160 1635 3206 magnarelisa
1648 3163 1735 3194 ruina
1755 3169 1872 3201 corpo-

127 3199 163 3232 &
179 3199 270 3240 facit,
291 3198 346 3231 iste
359 3200 423 3243 pius
439 3199 491 3232 est'.
510 3203 650 3240 Maimon.
672 3208 759 3243 porta
777 3200 875 3236 Molis
890 3211 920 3243 p.
931 3201 983 3243 98,
1027 3210 1069 3241 ra.
1098 3200 1257 3235 Damnum
1272 3202 1467 3245 irreparabile.⁴

1747 3244 1798 3277 28.
1809 3244 1864 3281 ι’γῖ-
