1976 3519
476 203 1465 255 PROLEGOMENA.
1811 213 1842 247 'a

1822 248 1843 271 2

106 302 240 357 >jorem
262 332 274 351 ,
313 314 428 356 quam
472 301 609 341 veritas
648 296 798 352 liquido
829 297 1041 351 postulabat
1060 328 1071 347 ‚
1112 304 1273 338 aetatem
1300 297 1372 337 illis
1403 297 1585 351 affignare
1604 329 1617 347 ‚
1655 300 1766 354 quod
1793 309 1847 342 Bi-

114 354 370 403 βλιοκαπῆλοις
399 355 591 410 pulchrius
623 367 738 408 quam
768 351 938 393 eruditae
967 352 1102 393 mercis
1131 351 1432 392 aestimatoribus
1450 354 1643 394 convenit.
1697 355 1848 400 Literae

119 413 301 467 sequioris
334 412 418 452 aevi
447 410 613 450 minores
644 409 729 449 illae
758 406 865 458 sunt,
894 407 1029 461 quibus
1046 406 1126 460 jam
1147 406 1264 461 vulgo
1282 406 1543 462 Typographi
1560 420 1727 450 utuntur.
1780 413 1848 454 Est

114 480 306 521 praeterea
336 464 437 506 aliud
460 464 721 518 Alphabetum
742 462 959 512 Graecum,
988 475 1068 516 quo
1089 461 1217 502 Latini
1239 462 1327 515 post
1349 462 1484 502 Caroli
1508 462 1566 502 M.
1596 476 1773 518 tempora
1792 468 1846 509 usl

113 523 221 572 sunt,
251 522 355 575 cujus
384 521 512 560 literae
532 533 614 559 non
635 519 685 559 ita
707 517 892 572 regulares
912 516 1019 566 sunt,
1047 517 1222 570 inprimis
1243 524 1336 558 vero
1355 531 1380 557 a
1401 519 1441 557 ὅ(
1461 531 1482 556 e
1504 519 1544 557 δε
1565 531 1594 573 y
1612 518 1662 559 ad
1682 519 1846 564 formam

115 578 292 619 Latinam
313 574 570 615 inflestuntur.

174 645 208 682 5.
235 631 281 671 In
305 630 430 679 libris,
453 630 571 683 priori
591 629 772 683 scriptura
788 628 948 670 exaratis
962 657 974 675 ‚
1001 627 1204 668 Accentus
1222 630 1263 667 &
1284 626 1458 680 Spiritus
1477 631 1571 668 ut&
1585 627 1847 681 distinffliones

115 699 252 728 vocum
272 685 493 739 plerumque
513 684 659 725 desunt.
712 685 898 725 Nostram
920 696 1001 722 non
1020 680 1178 723 facimus
1194 681 1244 722 de
1265 695 1388 724 aetate
1408 685 1649 724 Accentuum
1672 689 1710 725 ὃς
1731 686 1847 741 Spiri-

76 743 78 745 ’
115 755 221 783 tuum
252 739 570 789 controverfiam,
599 739 648 780 de
677 740 821 793 vulgari
851 737 980 778 saltem
1013 751 1147 777 eorum
1175 736 1242 778 usu
1270 738 1312 777 in
1344 738 1458 779 MSS.
1487 738 1699 792 loquimur:
1727 756 1847 785 unum

114 797 279 838 vidimus
301 795 554 849 fragmentum
585 794 686 847 Cap.
717 793 887 849 sequenti
917 791 1232 842 describendum,
1271 795 1310 831 &
1340 793 1620 846 Prophetarum
1651 796 1847 840 codicem

112 851 442 893 Marechalianum
461 864 506 890 ex
526 850 812 900 vetustioribus,
841 848 902 888 cui
919 846 991 887 hae
1011 858 1127 887 notae
1147 847 1343 901 adspersae
1363 847 1515 889 fuerunt
1526 868 1539 894 ‚-
1552 849 1592 889 in
1614 853 1748 892 ceteris
1762 867 1847 895 om-

114 907 247 956 nibus,
278 919 375 959 quos
403 905 667 953 tractavimus,
699 905 762 944 vix
792 904 858 944 uni
890 914 954 943 aut
982 901 1089 943 alteri
1107 903 1195 942 voci
1218 902 1355 944 similes
1373 915 1489 944 notae
1510 918 1776 959 apponuntur:
1805 922 1845 951 at

113 961 262 1002 mediae
293 961 528 1014 antiquitatis
558 959 729 1000 Codices
756 972 913 1009 omnes,
942 957 1031 998 licet
1058 957 1234 1011 imperite
1264 957 1352 999 satis
1380 958 1484 999 haud
1515 973 1623 1012 raro,
1653 963 1846 1017 appofitas

114 1016 266 1063 casdem
288 1028 400 1056 notas
421 1015 611 1056 exhibent.

168 1075 203 1110 6.
233 1070 549 1125 Orthographiae
568 1071 666 1111 ratio
685 1071 725 1111 in
743 1069 932 1111 veteribus
953 1068 1032 1110 fere
1051 1068 1187 1109 eadem
1208 1069 1285 1118 est,
1316 1068 1364 1109 ab
1384 1068 1570 1111 hodierna
1591 1084 1715 1114 autem
1748 1088 1846 1116 non-

113 1126 208 1167 nihil
246 1125 410 1175 recedit,
439 1125 603 1167 scribunt
630 1127 733 1167 enim
763 1122 932 1178 τέσσεςοι,
960 1122 1235 1177 τεσσεςοίκοντα,
1264 1122 1463 1176 ὄλεθ’ςεύειν,
1493 1123 1656 1174 δῖαξὲννει,
1685 1127 1847 1182 (affinium,

113 1177 369 1231 ἀποκἾεννοἬων,
398 1176 596 1230 λημφθεῖς,
625 1179 907 1231 λημφθῆσομαι,
936 1179 1116 1233 {genounia-e,
1146 1177 1321 1230 ἦδύνσιντο,
1351 1178 1556 1229 ἦυλόγησεν,
1584 1180 1688 1234 apert,
1718 1182 1847 1238 ἕχθες,

113 1232 358 1289 ἒπςοφῖττευον,
386 1233 708 1287 συνκαταμῖγνυμι,
739 1234 880 1286 ἒνπνέον,
910 1232 1209 1287 συνπροπὲμψοιι,
1238 1234 1460 1282 ἐγκαλοῦμαι.
1489 1234 1594 1279 οὕτως
1622 1242 1662 1278 &
1692 1237 1848 1288 ἐγέννησεν

100 1305 193 1337 ,non
213 1290 302 1330 ὅυτω
321 1296 359 1331 &
380 1289 544 1340 ἐγέννησε,
574 1293 690 1332 etiam
711 1292 776 1333 ubi
793 1292 961 1346 sequitur
979 1290 1177 1330 Consona.
1234 1321 1259 1339 ‚,
1287 1291 1438 1331 Literae
1459 1308 1486 1330 a.
1503 1295 1542 1331 δε
1562 1310 1590 1333 υ.
1620 1295 1779 1348 quando
1796 1299 1850 1338 21-

113 1377 139 1398 ,‚
169 1347 239 1387 teri
270 1347 394 1387 vocali
422 1361 502 1387 non
530 1347 762 1402 junguntur,
792 1361 863 1388 nec
883 1345 1176 1400 diphthongum
1196 1345 1392 1394 efficiunt,
1422 1347 1575 1397 punffis
1595 1347 1754 1403 superne
1775 1367 1846 1394 no-

111 1433 140 1452 „
170 1412 296 1442 tantur
314 1408 329 1441 'a'
345 1407 375 1442 ϋ.
395 1403 589 1456 Palaeogr.
621 1405 681 1455 3³⁸.
710 1407 738 1441 Γ
742 1419 778 1441 νοι
800 1405 839 1442 &
857 1400 1012 1454 σαςοιδοι
1031 1414 1103 1454 pro
1124 1398 1194 1448 ’γνῶ
1215 1404 1255 1439 &
1276 1399 1434 1453 παςαδὶῖ
1452 1401 1643 1454 scribitur,
1672 1417 1714 1446 ut
1733 1407 1772 1447 in
1786 1423 1849 1450 ve..

113 1457 184 1498 teri
212 1457 388 1498 columna
416 1456 444 1497 ἒν
470 1474 521 1498 τοι
550 1466 702 1505 araneam
719 1489 732 1509 ,
769 1469 975 1511 antequam
1008 1456 1032 1495 ὦ
1054 1452 1155 1504 μέγα.
1184 1455 1388 1497 advestum
1418 1455 1531 1508 esset,
1561 1471 1726 1512 quatuor
1758 1476 1848 1507 ante

117 1511 315 1553 Christum
334 1512 475 1555 seculis.
532 1513 727 1568 Palaeogr.
754 1527 792 1569 p.
828 1513 918 1566 138.

98 1606 102 1613 ,
169 1580 203 1620 7.
235 1568 361 1610 Etiam
392 1568 626 1610 vetustiffimi
655 1569 841 1623 quasdam
873 1582 989 1610 voces
1018 1569 1058 1609 in
1080 1568 1314 1624 Compendia
1334 1569 1521 1622 scribunt,
1552 1571 1603 1612 ita
1623 1583 1666 1614 ut
1686 1575 1851 1630 primam

100 1634 262 1665 -tantum
281 1636 396 1679 atque
415 1625 610 1675 ultimam,
630 1624 822 1666 interdum
844 1628 883 1665 &
907 1625 1075 1665 mediam
1095 1625 1265 1676 literam,
1294 1640 1367 1681 pro
1393 1627 1542 1691 integ-ra
1562 1636 1658 1670 v'oce
1677 1643 1850 1686 ponant,

1634 1688 1698 1694 —.
1749 1689 1858 1700 ἡ,

115 1693 289 1749 lineaque
330 1694 553 1749 superduEta
589 1705 741 1749 tegant,
770 1708 812 1737 ut
842 1694 910 1744 Oc,
939 1707 1013 1745 κο,
1043 1706 1104 1745 ac,
1133 1708 1218 1746 χε,
1248 1712 1313 1746 w,
1343 1709 1424 1747 σηρ,
1454 1707 1510 1744 mn
1540 1701 1598 1743 vel
1629 1709 1712 1751 ισλ,
1742 1709 1849 1754 «Ampe,

114 1748 201 1755 .———
239 1749 420 1754 —.-.-—

116 1772 222 1809 πμ,
239 1774 333 1810 tegat,
354 1758 461 1803 Δαδ,
498 1772 571 1812 pro
593 1756 699 1806 Θεὸς,
729 1751 868 1809 Κῦςιος,
896 1757 1038 1803 Ἰησοῦς,
1073 1755 1227 1808 Χριῗός,
1256 1755 1342 1809 ὖιὸς,
1373 1759 1518 1812 Σωτὴρ,
1548 1761 1711 1815 Ἰσραὴλ,
1740 1765 1853 1816 Ἰερου-

103 1810 265 1860 «σοιλῆμ,
295 1809 465 1863 πατέρα,
494 1808 650 1864 μητέρα,
679 1810 807 1852 Δαυῖδζ
863 1811 989 1864 Quod
1016 1825 1063 1852 ex
1088 1811 1328 1867 Judaeorum
1356 1812 1544 1859 scribendi
1577 1818 1852 1863 consuetudine

104 1867 177 1908 vvel
209 1883 230 1907 a
259 1866 388 1907 LXX.
417 1868 689 1921 Interpretibus
711 1867 776 1909 ‘vel
807 1867 855 1906 ab
875 1866 1049 1920 Origene
1070 1866 1112 1904 in
1133 1865 1309 1906 Codices
1327 1867 1380 1908 V.
1409 1880 1525 1923 atque
1544 1873 1637 1914 inde
1656 1876 1772 1916 etiam
1794 1877 1852 1918 N.

116 1922 168 1963 T.
199 1926 239 1961 δε
260 1922 396 1975 scripta
415 1922 569 1962 Parrum
590 1922 802 1963 derivatum
822 1919 897 1961 effe
918 1931 1025 1973 puto.
1079 1918 1177 1960 ldeo
1197 1931 1324 1975 autem
1339 1925 1473 1964 ,notari
1491 1925 1629 1977 debet,
1659 1940 1701 1969 ut
1710 1943 1854 1983 pateat,

103 1985 234 2030 'quam
265 1976 374 2017 facile
400 1977 601 2028 acciderit,
630 1988 673 2018 nt
705 1975 888 2017 vocabula
911 1971 1018 2025 Θεὸς,
1048 1971 1198 2026 Χριῲός,
1228 1978 1268 2015 &
1288 1973 1421 2028 Κύριος,
1451 1994 1539 2021 cum
1560 1983 1642 2023 aliis
1665 1997 1854 2037 permuta-

103 2035 268 2082 ‘rentur',
298 2030 405 2086 quod
424 2031 562 2073 Virum
583 2032 872 2073 eruditissimum
884 2030 922 2084 J.
951 2029 1196 2071 Pearsonium
1217 2031 1335 2072 miror
1355 2033 1519 2086 latuisse,
1533 2038 1854 2093 quandoquidem

105 2087 160 2127 'in
187 2087 440 2141 explicatione
457 2087 629 2143 Symboli
648 2086 925 2142 Apostolorum
944 2084 994 2126 de
1014 2084 1104 2126 loco
1126 2099 1142 2124 1
1177 2086 1283 2127 Tim.
1311 2086 1382 2127 ΙΙΙ.
1417 2093 1480 2130 16.
1510 2105 1644 2134 contra
1665 2094 1856 2138 Hincma-

106 2157 204 2183 ·rum
222 2143 383 2195 excipit·,
412 2173 436 2192 ‚‚
465 2144 576 2183 unius
595 2143 724 2184 literae
745 2142 957 2183 mutatione
976 2155 1020 2181 ex
1041 2139 1076 2182 ’ές
1107 2155 1189 2181 non
1218 2140 1325 2195 posse
1355 2141 1437 2197 fieri
1470 2143 1611 2190 Θεός”;
1649 2150 1730 2190 imo
1761 2167 1855 2194 vero

122 2197 273 2237 nonnisi
306 2197 516 2238 tenuiffima
545 2198 684 2238 lineola
701 2198 905 2250 'requiritur
921 2208 963 2237 ut
981 2209 1029 2236 ex
1050 2210 1099 2236 oc
1122 2195 1189 2237 fiat
1208 2198 1263 2239 ὅσ
1283 2195 1325 2236 id
1342 2198 1397 2238 est
1419 2196 1514 2242 Θεὸς.
1569 2204 1628 2244 Ex
1649 2204 1726 2246 hoc
1744 2205 1855 2249 fonte

123 2254 314 2301 manavit,
343 2253 449 2306 quod
473 2253 612 2294 Genes.
639 2252 789 2294 XLIV.
824 2266 859 2306 3.
890 2253 929 2292 in
952 2250 1302 2300 AldinavEditione
1319 2254 1480 2308 legitur,
1504 2254 1529 2296 δι
1549 2255 1724 2313 ἅνθςωποι
1739 2260 1855 2303 ἀυτῶν

123 2321 203 2360 pro.
227 2305 252 2346 ὃι
282 2304 337 2346 ’ὄνοι
359 2306 494 2357 ἀυτῶν,
524 2309 703 2349 nimirum
724 2320 874 2363 promta
892 2318 972 2348 erat
993 2306 1200 2357 aberratio,
1230 2320 1272 2363 ut
1295 2324 1319 2346 <z
1340 2322 1412 2362 pro
1432 2327 1447 2348 ο
1466 2311 1637 2355 librarius
1657 2315 1854 2369 scriberet,

124 2361 227 2403 unde
248 2376 319 2416 pro
339 2360 394 2402 ’όνόι
413 2362 554 2404 fastum
571 2363 625 2404 est
647 2362 710 2403 ἅνω
729 2365 753 2404 i.
781 2378 812 2405 e.
843 2360 1028 2425 ἅνθςὲ-σ-τοι.
1085 2362 1326 2425 Qetiam
1348 2364 1426 2415 est,
1455 2368 1563 2421 quod
1583 2369 1674 2412 Luc.
1703 2371 1754 2412 ΙΙ.
1788 2374 1854 2426 38.

110 2435 198 2483 'pro
231 2425 450 2482 Γεςουσαλνῖμ
479 2430 616 2485 legitur
645 2424 786 2492 Ἰ-σς-οιὴλ
817 2430 840 2470 i.
869 2444 901 2471 e.
931 2439 985 2476 ιηλ
1008 2445 1080 2486 pro
1101 2440 1199 2479 ιλημ.
1228 2432 1269 2470 &
1289 2430 1422 2472 Aeror.
1452 2431 1564 2475 XIII.
1599 2449 1661 2491 23.
1690 2438 1868 2493 effingim-

112 2514 197 2552 ¹pro
224 2498 360 2551 σωτῆςα.
390 2499 510 2542 Ἰησοῧν
541 2499 577 2539 h.
606 2513 638 2539 e.
664 2514 751 2549 σριαν
772 2512 844 2552 pro
863 2515 927 2550 σρα,
945 2516 979 2540 ιν.
1035 2499 1112 2541 Sed
1130 2503 1169 2539 &
1188 2499 1260 2540 alia
1279 2500 1402 2541 caussa
1423 2502 1497 2552 est,
1528 2518 1627 2558 quae
1650 2520 1712 2548 me
1721 2521 1855 2551 move-

126 2556 212 2603 bat,
242 2565 282 2594 ut
306 2555 397 2594 haec
416 2554 618 2608 scripturae
637 2553 886 2607 Compendia
906 2567 1101 2606 notarem,
1131 2569 1181 2596 ne
1201 2556 1287 2610 quis
1302 2570 1390 2596 cum
1410 2557 1514 2598 Beza
1537 2562 1577 2598 &
1599 2561 1776 2604 Gomaro
1789 2565 1857 2605 ali-

125 2610 254 2663 isque,
284 2610 433 2662 quoties
452 2609 654 2650 difficultas
668 2609 792 2662 aliqua
815 2611 1001 2661 occurrit,
1033 2610 1083 2650 ad
1105 2610 1233 2651 nescio
1243 2614 1615 2665 quaecommentitia
1624 2618 1856 2673 compendia

125 2663 331 2718 confugere
351 2664 461 2704 licere
477 2664 682 2714 existimet,
711 2675 752 2704 ut
772 2677 891 2717 quum
914 2671 992 2716 Ιριου
1011 2679 1083 2718 pro
1101 2663 1274 2717 Ἰεςεμῖου,
1304 2672 1396 2719 Ζςιου
1416 2681 1488 2721 pro
1507 2670 1871 2728 Zotxoega'oufltco‘pro-

124 2721 249 2770 καιςῷ,
279 2728 423 2760 απολοις
442 2733 513 2774 pro
533 2715 754 2764 ἀποτῖὸλοις,
784 2725 866 2758 Μαν
885 2733 957 2773 pro
978 2720 1149 2763 Μανασσῆ
1168 2721 1348 2775 scriptum
1369 2721 1720 2778 fuisseconjiciunt5
1745 2720 1854 2783 quod

125 2774 220 2828 quid
241 2773 343 2814 aliud
364 2775 417 2814 est
430 2805 441 2824 ‚
470 2789 586 2828 quam
604 2788 649 2815 ex
670 2774 850 2826 scriptura
871 2775 1003 2816 nasum
1020 2789 1170 2816 cereum
1192 2776 1315 2817 facere
1332 2779 1347 2817 ?
1375 2777 1476 2819 Illud
1497 2778 1601 2820 enim
1622 2782 1747 2823 testari
1766 2797 1856 2837 pos-

126 2830 204 2869 sum
217 2860 226 2876 ‚
258 2829 344 2869 talia
365 2829 595 2884 compendia
614 2843 663 2870 ne
691 2828 849 2884 quidem
878 2830 918 2870 in
934 2831 1096 2884 junioris
1114 2831 1198 2874 aevi
1220 2831 1373 2873 Codice
1394 2832 1650 2884 u110,nedum
1671 2837 1712 2878 in
1731 2838 1856 2881 Vetu-

127 2884 320 2933 stioribus,
341 2896 530 2937 repertum
551 2885 606 2925 iri.

183 2941 217 2978 8.
251 2939 314 2979 Ad
342 2939 590 2993 Compendia
616 2939 832 2993 scriptionis
859 2940 1005 2991 refero,
1033 2942 1141 2996 quod
1168 2942 1338 2984 Codices
1357 2941 1539 2996 Veteres,
1569 2961 1667 3001 quos
1686 2948 1854 2990 imitatur

131 2993 297 3045 Coptica
327 2998 364 3033 ὃ(
398 2995 568 3035 Gothica
592 2995 752 3046 Versio,
786 3008 956 3035 numeros
988 2997 1180 3038 literarum
1214 2998 1316 3039 notis
1336 3012 1522 3053 perpetuo
1542 3001 1620 3043 fere
1643 3004 1871 3057 exprimere>

131 3047 281 3087 soleant.
316 3048 524 3098 „Discedit
544 3049 701 3104 quidem
721 3052 761 3090 in
782 3050 854 3091 alia
872 3053 1004 3092 omnia
1024 3049 1193 3103 Millius,
1222 3053 1381 3106 quando
1401 3054 1452 3095 de
1474 3056 1534 3096 his
1553 3058 1719 3098 numetis
1737 3071 1854 3110 agens

130 3132 158 3152 „
186 3101 453 3155 Compendia,
482 3105 631 3159 inquit,
659 3105 874 3160 scriptionis
895 3107 936 3146 in
956 3120 1095 3161 genere
1116 3107 1224 3162 quod
1243 3107 1408 3162 spestat‚
1437 3124 1517 3151 non
1538 3111 1592 3151 est
1616 3111 1723 3165 quod
1743 3114 1853 3165 Apo-

129 3186 156 3212 „
184 3156 287 3198 stolis
304 3170 348 3201 ea
368 3158 592 3213 tribuamus,
606 3174 769 3218 quorum
788 3172 869 3204 erat
889 3161 1061 3260 Codices
1077 3162 1201 3206 sacros
1212 3164 1493 3217 aperte,clare‚
1505 3164 1774 3261 accuratiffinpe
1785 3165 1854 3227 de-

1026 3230 1044 3257 2
1683 3246 1711 3272 ,‚
1754 3234 1852 3276 crip-
