1976 3519
404 187 1393 236 PROLEGOMENA.'
1728 196 1807 239 179

130 281 174 322 In
208 278 334 321 Notis
357 278 524 334 denique
543 278 592 320 ad
610 278 751 317 calcem
773 275 878 316 Libri
901 275 1051 328 rejeffis
1072 286 1218 328 praeter
1236 275 1333 316 levia
1354 274 1544 329 quaedam
1565 273 1704 316 menda
1725 289 1805 316 ma·

82 336 237 377 nifestus
270 335 382 376 etiam
405 347 518 388 atque
538 346 697 386 magnus
716 346 820 372 error
842 331 881 370 in
903 331 973 370 hac
993 343 1096 370 nova
1118 329 1320 380 Editione,
1350 331 1404 370 uti
1427 344 1493 383 par
1512 343 1613 380 erat,
1643 330 1804 371 sublatus

79 393 144 432 est.
201 392 304 430 Cum
323 390 427 429 enim
443 390 598 430 Titulus
619 386 810 427 Editionis
831 384 1065 426 Oxoniensis
1088 386 1300 424 Variantes
1316 384 1538 435 Leffiiones,
1553 400 1599 424 ex
1614 385 1706 439 plus
1718 399 1805 425 cen-

77 456 160 486 tum
194 445 314 487 MSS.
345 442 551 483 Codicibus
583 442 789 491 collefft'as,
820 441 1079 494 promitteret,
1109 439 1150 479 id
1173 439 1234 478 el.
1264 439 1458 479 Notarum
1480 441 1627 480 Au&or
1647 455 1726 481 non
1747 441 1802 482 so—

75 502 152 541 lum
179 502 230 541 ita
259 497 460 548 intellexit,
490 513 534 537 ac
563 496 590 537 fi
626 497 763 536 Editor
793 495 957 535 totidem
988 494 1103 534 totius
1125 494 1236 534 Novi
1258 494 1495 534 Testamenti
1515 495 1661 549 integra
1681 510 1803 537 exem—

78 556 196 609 plaria
224 556 264 594 in
302 554 473 594 manibus
492 551 700 595 habuisset,
731 564 862 590 verum
883 550 997 590 etiam
1023 562 1094 602 pro
1113 561 1218 588 certo
1238 548 1386 602 posuit,
1416 548 1610 589 Codicum
1633 551 1805 592 Varieta-

80 624 136 651 tes
154 622 287 650 omnes
305 614 342 649 &
365 607 525 661 singulas
548 605 809 647 studiofiffime
833 617 948 658 atque
967 603 1248 658 diligentiffime
1270 603 1470 643 adnotatas
1491 603 1617 649 fuiffe;
1648 619 1726 659 quo
1746 620 1803 646 as-

81 665 206 706 sumto
227 663 460 716 consequens
480 674 579 711 erat,
609 674 651 701 ut
669 661 818 714 quoties
839 660 963 699 decem
984 673 1019 698 v.
1049 672 1101 713 gr.
1130 671 1262 698 contra
1284 669 1474 710 receptam
1487 659 1710 700 Leffionem
1721 661 1804 702 Co-

77 722 181 761 dices
200 719 306 759 citari
326 717 492 760 videret,
521 716 668 764 statim,
689 715 872 755 subdusto
901 714 1067 761 calculo,
1097 725 1288 766 receptam
1308 713 1532 753 Leffionem
1553 715 1591 753 in
1614 718 1801 768 nonagin-

79 785 124 815 ta
152 773 363 814 Codicibus
393 772 567 822 reperiri,
598 771 771 824 adeoque
799 770 948 810 testium
974 782 1134 809 numero
1157 768 1264 808 facile
1286 768 1458 818 vincere,
1489 769 1728 810 confidenter
1749 771 1803 811 af-

78 830 253 870 firmaret.
311 827 433 880 Atqui
454 826 529 865 hoc
549 825 785 878 consequens
804 839 933 865 verum
955 823 1029 863 esse
1050 837 1128 862 non
1160 823 1306 875 potest,
1335 836 1422 863 curn
1441 823 1639 864 assumtum
1661 838 1802 866 utrum-

80 898 154 938 que
188 881 318 923 falsum
349 881 412 927 fits
441 880 589 920 constat
613 881 716 920 enim
749 894 795 920 ex
825 879 1025 920 Laterculo
1045 881 1080 915 &
1104 877 1370 931 Descriptione
1391 878 1585 919 Codicum
1606 879 1715 921 MSS.
1732 896 1803 926 ,ne

76 940 230 980 unicum
258 935 415 990 quidem
447 949 582 976 omnes
611 934 724 975 Novi
751 933 990 974 Testamenti
1018 933 1133 973 libros
1162 934 1359 974 continere
1379 933 1570 986 integros,
1601 935 1802 990 plerosque

81 995 144 1034 vix
164 1004 309 1047 partem
332 991 481 1031 tertiam
494 1017 504 1035 ,
531 991 608 1030 hoc
628 991 682 1030 est
706 1000 769 1029 aut
789 988 1020 1043 Evangelia,
1048 999 1112 1028 aut
1136 989 1233 1027 Atta
1254 1002 1340 1027 cum
1365 989 1545 1041 Epistolis
1565 990 1799 1044 Catholicis,

78 1061 141 1089 aut
171 1046 357 1101 Epistolas
386 1045 580 1093 Paulinas‚
612 1043 812 1084 rariflimos
842 1056 969 1083 autem
1002 1043 1180 1083 exhibere
1200 1043 1477 1097 Apocalypsin:
1508 1044 1666 1086 alterum
1683 1061 1799 1098 ver0,

84 1102 189 1157 quod
208 1103 256 1142 de
277 1114 432 1145 eorum,
456 1100 521 1154 qui
542 1100 712 1140 Codices
733 1098 846 1139 MSS.
877 1112 964 1138 cum
986 1098 1098 1138 editis
1117 1098 1587 1152 contulerunt,diligentia
1599 1100 1798 1156 plusquam

78 1158 244 1198 humana
264 1156 309 1196 ab
332 1156 376 1196 iis
396 1156 461 1209 qui
481 1169 551 1195 nec
575 1155 749 1195 homines
769 1154 852 1193 illos
873 1165 1035 1201 norunt,
1065 1167 1136 1193 nec
1159 1153 1329 1192 Codices
1348 1153 1417 1206 ipsi
1439 1153 1698 1207 inspexerunt,
1719 1158 1800 1197 vul·-

80 1227 132 1266 go
150 1212 334 1266 jastatur,
363 1225 411 1259 eo
434 1211 559 1250 minus
579 1223 740 1249 meretur
761 1208 900 1258 fidem,
931 1207 1059 1262 quod,
1089 1209 1155 1261 qui
1176 1209 1215 1247 in
1237 1207 1295 1247 his
1317 1208 1594 1262 cognoscendis
1604 1222 1718 1264 atque
1729 1223 1802 1252 tta-

81 1267 228 1308 &andis
248 1261 449 1320 diligenter
467 1264 601 1305 versati
619 1265 725 1313 sunt,
756 1277 834 1304 uno
856 1278 923 1304 ore
943 1263 983 1303 id
1005 1275 1156 1317 negent.
1213 1262 1252 1301 Si
1270 1263 1354 1315 quis
1374 1277 1465 1303 vero
1486 1262 1556 1303 suis
1577 1266 1696 1305 oculis
1719 1281 1799 1307 rem

82 1323 219 1363 intueri
249 1334 363 1376 quam
396 1321 443 1359 ab
471 1320 631 1360 aliorum
661 1319 880 1360 testimonio
911 1318 1077 1372 pendere
1098 1316 1225 1367 malit,
1254 1317 1366 1370 hujus
1386 1318 1578 1358 Editionis
1601 1318 1801 1362 Variantes

78 1376 297 1424 Leffiones,
325 1390 371 1416 ex
398 1375 583 1428 Stephani
617 1375 725 1415 tertia
755 1374 984 1427 descriptas,
1014 1374 1074 1414 vel
1105 1387 1191 1413 cum
1220 1373 1532 1413 annotationibus
1563 1374 1641 1415 Th.
1674 1376 1801 1418 Bezae

79 1432 138 1472 vel
170 1446 255 1472 cum
286 1430 468 1471 Editione
499 1427 764 1483 Complutenfi
792 1428 984 1479 conferat,
1017 1440 1163 1481 praeter
1191 1441 1252 1467 eas
1279 1442 1376 1481 quae
1401 1443 1422 1467 a
1452 1428 1649 1481 Stephano
1675 1431 1801 1473 editae

79 1486 182 1535 sunt,
211 1500 256 1526 ex
288 1484 554 1538 Complutenfi
590 1484 684 1524 ultra
714 1483 972 1537 septingentas
1002 1484 1112 1531 alias,
1143 1497 1189 1522 ex
1222 1482 1375 1536 reliquis
1401 1483 1669 1536 Stephanianis
1690 1487 1729 1526 in
1753 1488 1803 1527 E-

80 1541 261 1595 vangeliis
285 1541 377 1581 ultra
393 1552 568 1588 centum,
598 1541 637 1578 ὃς
658 1552 703 1579 ex
723 1538 805 1578 solo
828 1539 983 1579 Ostavo
1003 1538 1188 1591 Stephani
1208 1539 1301 1577 ultra
1322 1538 1574 1592 quadraginta
1604 1541 1802 1582 varietates

82 1596 206 1636 statim
225 1596 456 1648 comperiet,
485 1607 527 1635 ut
547 1594 713 1642 Millius,
744 1607 944 1634 numerum
966 1593 1204 1633 varietatum
1222 1592 1438 1632 omiffarum
1471 1594 1803 1652 negleftarumque

82 1652 272 1692 annotatis
289 1651 477 1704 editisque
496 1648 612 1703 longe
634 1648 818 1701 majorem
839 1649 934 1698 esse,
964 1648 1031 1689 suo
1048 1649 1132 1700 jure
1155 1648 1417 1701 pronunciasse
1438 1649 1619 1690 videatur.

136 1706 226 1746 Dixi
246 1705 389 1754 modo,
419 1718 465 1744 ex
485 1718 552 1752 e0‚
581 1704 688 1756 quod
709 1704 809 1742 nulla
829 1703 991 1743 Codicis
1011 1703 1166 1755 alicujus
1188 1703 1361 1743 Varietas
1379 1716 1561 1744 annotata
1582 1707 1801 1758 reperiatur,

81 1774 161 1800 non
184 1761 283 1800 reste
302 1759 455 1804 inferri,
484 1771 618 1797 omnes
643 1757 814 1797 Codices
833 1757 978 1811 legere,
1011 1758 1065 1796 uti
1085 1757 1124 1796 in
1146 1756 1275 1796 Textu
1299 1757 1492 1797 Editionis
1510 1761 1722 1812 expressum
1733 1763 1802 1811 est3

82 1828 167 1854 cum
187 1829 229 1855 ea
251 1827 306 1854 res
328 1815 454 1868 potius
472 1812 654 1852 incuriam
674 1826 806 1852 eorum
827 1815 893 1865 qui
917 1811 1027 1852 MSS.
1055 1825 1142 1851 cum
1161 1811 1273 1851 editis
1293 1811 1556 1863 contulerunt,
1585 1828 1700 1868 quam
1711 1832 1806 1858 con.

82 1869 227 1910 sensum
256 1870 455 1910 Librorum
484 1868 676 1908 editorum
704 1878 818 1920 atque
846 1866 1070 1919 scriptorum
1100 1878 1249 1919 arguat:
1282 1866 1373 1906 illud
1404 1867 1482 1921 jam
1512 1868 1640 1919 addo,
1673 1872 1803 1924 quod,

84 1926 257 1978 quamvis
291 1922 389 1964 forte
412 1923 533 1976 prima
552 1921 679 1961 fronte
698 1935 843 1961 novum
865 1921 1059 1972 videatur,
1089 1921 1133 1960 iis
1156 1933 1305 1969 tamen,
1337 1921 1404 1974 qui
1424 1935 1596 1975 receptae
1618 1925 1804 1978 vulgatae-

81 1993 156 2033 que
186 1979 359 2019 Leffioni
381 1978 428 2018 ab
450 1978 527 2018 istis
551 1975 794 2016 varietatibus
815 1977 1054 2025 metuebant,
1085 1990 1165 2015 non
1188 1975 1328 2028 poterit
1351 1989 1430 2014 non
1451 1976 1525 2016 effe
1545 1979 1805 2032 gratiffimum‚

84 2034 261 2074 nimirum
292 2033 437 2074 Textus
459 2033 599 2085 recepti
619 2031 884 2071 auctoritatem
906 2043 947 2072 ut
966 2031 1167 2084 plurimum
1189 2044 1258 2069 nec
1278 2030 1459 2070 consensu
1480 2032 1678 2074 citatorum
1694 2037 1806 2077 MSS.

86 2088 279 2129 Codicum
312 2089 432 2144 magis
451 2087 612 2135 firmari,
642 2100 714 2126 nec
732 2086 942 2126 eorundem
965 2084 1126 2126 dissensu
1147 2085 1344 2125 debilitari.
1400 2086 1666 2128 Producuntur
1685 2089 1805 2132 fateor

82 2144 227 2184 testium
260 2143 347 2183 loco
379 2152 532 2182 centum
562 2140 754 2190 Codices,
786 2142 914 2181 multis
944 2142 982 2181 in
1006 2140 1098 2181 locis
1119 2148 1141 2187 ‘u
1160 2153 1310 2193 recepta
1331 2140 1515 2182 Lectione
1535 2142 1806 2187 dissentientes.

85 2197 193 2239 Cave
213 2211 337 2239 autem
359 2198 566 2247 existimes,
596 2195 761 2251 fingulos
781 2195 997 2251 religiosos,
1030 2210 1183 2249 graves,
1214 2195 1397 2244 idoneos,
1419 2198 1602 2250 omnique
1612 2203 1804 2254 exceptio-

85 2267 133 2293 ne
163 2253 323 2307 majores
353 2252 448 2301 esse;
476 2254 568 2307 quin
589 2255 716 2306 potius
738 2251 875 2291 horum
897 2251 923 2289 ‘1
937 2252 1069 2292 estium
1095 2250 1325 2304 Catalogum
1347 2264 1495 2291 mecum
1516 2255 1669 2294 attentis
1686 2257 1806 2297 oculis

82 2308 280 2360 perlustra,
312 2312 350 2348 ὃ(
372 2308 495 2359 leves,
523 2318 744 2360 corruptos,
776 2307 855 2347 imo
874 2305 985 2347 fistos
1005 2305 1215 2361 falsosque,
1246 2306 1286 2346 ni
1306 2306 1551 2348 vehementer
1572 2307 1704 2362 fallor,
1734 2311 1803 2352 de-

81 2363 291 2416 prehendes
310 2363 503 2416 plurimos.

141 2431 173 2457 1.
208 2418 368 2458 Codicis
388 2433 421 2459 v,
450 2433 502 2472 gr.
533 2416 824 2467 Alexandrini,
853 2418 968 2458 tantis
986 2417 1219 2458 eruditorum
1238 2417 1449 2470 praeconiis
1466 2418 1661 2470 celebrati,
1692 2419 1804 2476 scrip-

84 2483 143 2512 tor
165 2473 412 2513 chraismos
434 2473 648 2528 frequentes
668 2472 717 2512 ad
741 2473 882 2512 Graeci
901 2473 1082 2513 sermonis
1102 2473 1371 2525 proprietatem
1395 2472 1595 2523 formavit,
1627 2489 1723 2528 quae
1739 2479 1804 2517 ab·

82 2527 154 2567 esse
181 2528 286 2582 posse
316 2528 469 2582 putabat
502 2528 628 2568 omisit
648 2557 660 2577 ,
702 2542 798 2581 quae
821 2527 889 2580 ipsi
920 2527 1074 2569 obscura
1104 2539 1218 2580 atque
1237 2526 1421 2580 impedita
1438 2541 1545 2568 erant
1565 2530 1803 2583 immutavit,

84 2582 208 2634 priore
227 2583 404 2636 scriptura
425 2583 483 2623 vel
507 2584 629 2624 deleta
650 2582 708 2621 vel
730 2582 830 2622 erasa
850 2596 990 2622 novam
1011 2582 1216 2631 substituit,
1245 2583 1375 2621 omnia
1407 2582 1573 2637 denique
1596 2598 1666 2637 pro
1686 2586 1805 2628 lubitu

84 2637 133 2675 ita
163 2638 423 2691 interpolavit,
454 2649 496 2678 ut
528 2636 812 2691 Metaphrastae
840 2638 967 2690 potius
995 2651 1110 2691 quam
1140 2636 1277 2676 librarii
1296 2636 1427 2677 officio
1450 2637 1556 2692 fungi
1575 2638 1730 2682 voluisse
1750 2643 1804 2683 vi-

83 2691 162 2731 deri
184 2693 305 2745 poffit,

144 2760 176 2786 2.
211 2760 243 2799 3.
273 2760 311 2799 4.
346 2761 377 2795 ς.
416 2748 520 2789 Inter
549 2745 781 2799 Bodlejanos
810 2746 980 2788 Codices
1010 2747 1071 2787 ille
1101 2747 1167 2802 qui
1189 2747 1286 2787 Asta
1311 2747 1584 2801 Apostolorum
1607 2752 1802 2802 continet,

87 2800 174 2839 item
196 2802 542 2856 Cantabrigt'enfis,
573 2807 613 2843 &
633 2802 977 2853 Claromontanus,
1007 2803 1113 2855 cujus
1138 2803 1419 2856 Apographum
1436 2803 1489 2843 est
1503 2804 1643 2845 Codex
1655 2806 1689 2845 S.
1707 2807 1804 2846 Ger·

89 2857 214 2904 mani,
242 2871 263 2896 a
283 2857 433 2898 librario
452 2859 591 2898 Latino
613 2857 762 2911 scripti,
793 2861 831 2896 δε
853 2856 902 2896 ad
924 2856 1150 2897 Versionem
1169 2857 1338 2897 Italicam
1361 2870 1577 2912 corruptam
1599 2871 1675 2900 tam
1697 2862 1804 2913 inep-

88 2919 126 2948 te
154 2921 265 2962 atque
292 2913 463 2966 imperite
495 2913 697 2953 deformati
730 2924 843 2966 atque
865 2912 1062 2965 depravati
1083 2912 1188 2962 sunt,
1220 2925 1260 2953 ut
1281 2912 1392 2952 risum
1412 2925 1617 2963 moveant,
1647 2916 1714 2969 qui
1733 2916 1805 2957 illis

88 2962 213 3002 locum
232 2964 529 3021 dignitatemque
550 2968 802 3022 genuinorum
826 2967 1021 3007 Codicum
1042 2967 1277 3008 Graecorum
1297 2968 1499 3009 conciliare
1518 2968 1730 3010 voluerunt.

144 3021 179 3055 6.
211 3018 338 3059 Editio
361 3022 651 3075 Complutensts,
679 3036 765 3062 cum
786 3025 825 3061 &
847 3021 995 3062 mendis
1005 3023 1290 3076 typothetarum
1303 3022 1440 3062 scateat
1453 3053 1464 3073 ,
1481 3027 1519 3062 δε
1533 3037 1611 3063 ηοη
1625 3024 1673 3064 ad
1687 3024 1803 3065 fidem

91 3070 325 3115 Graecorum
342 3076 453 3118 MSS.
481 3077 546 3118 sed
566 3076 689 3118 modo
709 3077 759 3118 ad
777 3076 953 3119 Latinam
975 3076 1224 3127 Vei-sionem,
1254 3076 1376 3118 modo
1393 3077 1443 3118 ad
1462 3078 1622 3120 incertas
1646 3080 1695 3119 D.
1710 3080 1804 3119 Hie-

939 3131 978 3173 Z
1012 3145 1031 3172 2
1690 3145 1804 3186 rony-
