1976 3519
129 216 208 245 120
429 194 1472 241 -PROLEGOMENA.

127 289 257 329 &ione
278 285 444 332 extrusa,
475 289 515 326 &
535 285 584 325 ad
605 285 815 339 marginem
835 296 898 324 aut
916 282 965 323 ad
986 282 1128 323 calcem
1150 281 1233 321 libri
1254 281 1418 334 rejeeta?
1449 280 1537 334 Ego
1555 295 1646 322 vero
1664 283 1780 338 longe
1789 285 1851 324 ali·
1892 306 1894 315 ν

129 355 187 383 ter
214 343 357 391 sentio,
387 354 500 395 atque
530 341 677 386 statuo,
711 339 879 380 hominis
905 337 1061 377 candidi
1090 351 1134 376 ac
1154 335 1286 376 sinceri
1302 335 1473 376 officium
1493 335 1589 382 effe,
1617 349 1659 378 ut
1678 339 1780 379 libris
1799 340 1853 380 sa-

127 399 201 438 cris
219 397 468 438 emendandis
488 407 552 436 aut
572 394 723 450 prorsus
744 406 877 434 manus
898 393 1178 441 abstineat,aut
1189 402 1374 444 quantum
1386 391 1426 430 in
1438 390 1519 444 ipso
1530 392 1583 431 est
1596 392 1666 441 ‚ab
1676 394 1854 435 omnibus

129 453 365 492 librariorum
388 451 518 492 erratis
537 463 766 504 perpurgare
786 448 1024 501 summopere
1044 445 1191 486 studeat
1202 467 1213 494 5
1226 456 1344 500 utque
1353 445 1451 486 inter
1461 445 1555 486 duas
1566 446 1738 500 pluresve
1748 462 1854 489 men-

129 507 242 548 dosas
273 507 498 556 Editiones,
530 520 609 545 non
631 518 715 545 earn
729 531 740 548 ,
769 517 867 556 quae
888 503 1014 542 minus
1038 500 1196 549 vitiosa,
1223 511 1287 540 aut
1310 511 1483 553 tempore
1503 502 1607 554 prior
1626 502 1728 556 typis
1746 517 1856 545 excu-

131 562 168 602 sa
197 562 273 608 est,
302 563 417 616 eligat
440 574 554 616 atque
581 575 652 614 pro
681 557 934 598 fundamento
962 567 1103 610 ponat,
1133 554 1198 595 sed
1228 568 1344 608 quam
1375 555 1545 596 instituta
1574 556 1856 611 diligentiffime

132 618 338 658 collatione
365 617 552 669 optimam
581 619 620 654 &
652 612 703 653 ad
735 612 998 666 Apostolicam
1027 611 1246 664 scripturam
1276 623 1392 663 quam
1422 611 1594 663 proxime
1612 611 1857 653 accedentem

129 672 287 726 judicat.
343 671 466 726 quue
488 670 633 711 tamdiu
649 668 824 716 credam,
854 666 980 707 donec
999 665 1133 719 aliquis
1150 665 1327 715 evicerit,
1357 664 1605 718 profanorum
1625 678 1773 707 tantum
1793 669 1860 721 qui

134 739 320 768 vocantur
350 730 540 768 Autorum
574 724 776 764 Editiones
807 733 978 761 accurate
1008 732 1122 774 atque
1141 718 1345 773 diligenter
1363 720 1583 761 emendatas
1610 721 1684 762 effe
1701 722 1860 774 debere,

135 782 326 823 sacrorum
356 794 483 827 autem
511 779 709 820 Codicum
741 777 1045 830 qualemcunque
1063 773 1286 815 Editionem
1306 773 1473 815 sufficere
1491 775 1618 828 posse,
1645 777 1727 817 imo
1745 791 1863 818 omne

135 837 299 878 studium
321 868 332 888 ,
375 836 484 891 quod
510 835 568 875 his
597 831 848 876 emendandis
879 829 1139 884 impenditur,
1168 829 1485 883 supervacaneum
1505 829 1600 880 este,
1630 826 1745 884 atque
1764 831 1864 873 adeo

136 893 306 932 noxium.
361 893 406 932 In
436 890 569 931 eadem
603 900 717 942 atque
741 901 815 940 ego
836 885 1018 926 sententia
1051 884 1203 925 fuerunt
1224 897 1381 934 omnes,
1410 896 1603 939 quotquot
1622 884 1736 926 secuti
1759 886 1865 938 sunt,

137 948 195 988 N.
221 947 271 987 T.
299 947 487 994 editores,
516 957 613 1000 quos
632 957 722 986 mox
741 940 1022 983 recensebimus.

560 1059 628 1100 Dr:
660 1067 871 1108 qumque
904 1054 1212 1096 Emnoumus
1241 1053 1444 1094 ERASMI.

233 1177 312 1216 Icet
333 1172 466 1214 Editio
488 1171 530 1212 N
536 1200 544 1209 .
572 1169 622 1210 T.
651 1167 940 1222 Complutensis
956 1165 1235 1220 Erasmianam
1259 1164 1410 1219 integro
1431 1163 1588 1203 biennio
1606 1165 1869 1208 anteverterit.

142 1176 231 1284 L
260 1231 341 1284 ejus
368 1240 495 1268 tamen
523 1224 753 1278 exemplaria
783 1236 865 1263 non
895 1222 964 1263 nisi
996 1221 1126 1262 multis
1154 1221 1264 1260 annis
1284 1219 1416 1272 postea
1433 1218 1616 1272 publicari
1636 1231 1869 1272 coeperunt,

142 1302 230 1329 cum
263 1282 480 1326 Cardinalis
498 1281 703 1322 Ximenius
722 1293 766 1319 ea
787 1277 944 1318 distrahi
964 1276 1104 1321 nollet,
1136 1277 1356 1329 priusquam
1375 1274 1492 1314 totius
1503 1272 1630 1327 o'peris
1650 1273 1788 1314 Biblici
1803 1275 1875 1314 im-

141 1342 281 1398 pressio
307 1339 356 1379 ad
386 1338 501 1378 finem
523 1334 707 1390 perduffit
725 1333 837 1383 esset,
867 1331 975 1386 quod
990 1332 1160 1385 contigit
1182 1331 1245 1371 ΑΟ.
1278 1343 1295 1369 1
1310 1341 1398 1381 517.
1427 1328 1665 1369 Ulteriorem
1687 1342 1875 1370 remoram

142 1400 233 1439 dein
264 1394 393 1448 injecit
423 1391 501 1446 ipse
531 1392 635 1444 Papa
667 1390 749 1430 Leo
769 1388 823 1428 X.
855 1388 920 1441 qui
941 1387 1097 1430 demum
1119 1387 1185 1426 A0.
1218 1397 1338 1433 1520.
1366 1382 1556 1438 permisit,
1586 1393 1629 1424 ut
1647 1383 1877 1438 exemplaria

142 1452 397 1494 venderentur
417 1479 428 1498 ,
468 1448 528 1487 cui
556 1444 786 1486 accesserunt
818 1446 858 1482 ὃ(
892 1443 986 1488 alia,
1015 1443 1068 1482 ita
1097 1451 1139 1481 ut
1168 1454 1272 1480 anno
1292 1438 1450 1480 demum
1474 1451 1595 1486 1522.
1623 1438 1699 1478 hoc
1719 1439 1773 1480 est
1791 1438 1877 1493 post

143 1509 294 1550 tertiam
322 1503 579 1544 Erasmianam
612 1498 835 1540 Editionem
866 1498 934 1537 ista
969 1494 1312 1550 Complutenfisin
1335 1507 1469 1534 manus
1488 1493 1631 1533 Erasmi
1653 1496 1878 1546 perveniret.

144 1565 249 1605 Cum
268 1575 360 1602 vero
384 1557 555 1598 Erasmus
574 1569 654 1595 non
673 1554 794 1595 solum
814 1552 922 1594 edito
941 1552 998 1593 N.
1027 1551 1078 1592 T.
1106 1563 1286 1605 magnam
1307 1549 1375 1589 fibi
1395 1548 1502 1589 fimul
1521 1547 1733 1589 &laudem
1754 1552 1794 1588 &
1817 1549 1876 1588 in·

143 1619 287 1660 vidiam
310 1614 498 1670 pepererit
510 1643 521 1662 ,
549 1623 681 1651 verum
698 1609 814 1650 etiam
837 1621 924 1648 cum
943 1607 1025 1661 ejus
1044 1604 1179 1646 Editio
1195 1605 1261 1645 diu
1280 1618 1352 1657 pro
1372 1617 1506 1645 norma
1526 1614 1675 1644 tantum
1695 1617 1777 1644 non
1790 1605 1873 1645 uni·

144 1690 188 1715 ca
216 1672 372 1725 genuini
398 1669 545 1709 Textus
577 1665 703 1705 habita
733 1663 866 1710 fuerit,
907 1674 1048 1715 operae
1063 1660 1227 1714 pretium
1247 1659 1320 1700 ess'e
1340 1670 1460 1712 puto,
1492 1658 1518 1698 fi
1542 1658 1655 1711 paulo
1673 1659 1879 1700 accuratius

145 1718 504 1771 exaininaverimus‚
534 1717 737 1774 quomodo
757 1716 832 1757 sese
852 1717 893 1756 in
915 1727 1002 1756 toto
1019 1728 1068 1755 eo
1089 1715 1249 1767 negotio
1269 1713 1326 1753 vir
1347 1713 1410 1753 ille
1426 1726 1587 1766 magnus
1609 1712 1769 1767 gesserit.

202 1782 343 1823 Codex
373 1779 454 1832 ejus
476 1778 647 1833 primum
677 1771 824 1827 prodiit
852 1773 918 1812 ΑΟ.
954 1772 1075 1819 1516.
1107 1767 1293 1809 Calendis
1322 1767 1467 1808 Martii.
1523 1767 1706 1818 Adhanc
1730 1767 1880 1809 Editio-

147 1852 235 1880 nem
267 1831 532 1877 adornandam
562 1828 735 1870 adhibuit
761 1827 932 1881 quinque
959 1824 1154 1873 Codices,
1185 1823 1308 1863 Num.
1348 1836 1381 1863 1.
1416 1837 1451 1862 2,
1483 1835 1516 1874 3.
1552 1826 1615 1862 61.
1644 1826 1685 1862 &
1716 1828 1780 1870 69.
1812 1823 1880 1864 de·

147 1896 328 1947 scriptos,
341 1900 489 1944 praeter
508 1899 597 1934 e03,
629 1883 718 1937 qui,
748 1882 813 1922 ubi
833 1883 883 1921 ad
903 1881 1000 1921 Asta
1025 1883 1064 1919 &
1085 1878 1275 1932 Epistolas
1295 1889 1451 1918 ventum
1471 1876 1602 1927 fuerit,
1615 1877 1887 1921 describentur..

149 1949 291 2003 Operis
319 1939 632 2000 Typograpbicis
651 1951 727 1978 una
747 1951 835 1977 cum
856 1934 939 1989 ipso
958 1933 1124 1974 intendit
1147 1933 1316 1972 animum
1337 1931 1514 1984 Joannes
1539 1932 1879 1987 Oecolampadius‚

148 2005 255 2058 cujus
283 2003 358 2041 lioc
379 1998 429 2039 ad
447 1997 589 2037 calcem
610 1993 694 2033 libri
713 2002 816 2032 extat
832 1989 1111 2032 testimonium:
1141 2015 1168 2037 ,‚
1198 1987 1285 2042 Ego
1307 2000 1423 2037 vero,
1451 1988 1512 2027 cui
1531 1986 1603 2026 hac
1624 1987 1750 2028 hieme
1771 1989 1881 2030 The-

149 2093 174 2110 „
204 2058 355 2111 ologiae
386 2051 556 2106 alioquin
582 2047 685 2103 apud
706 2044 925 2087 Basilienses
945 2056 1125 2085 vacaturo
1145 2041 1351 2083 feliciffima
1367 2043 1497 2096 magni
1513 2042 1658 2082 Erasmi
1680 2043 1880 2085 consuetu-

149 2144 176 2166 „
208 2116 261 2154 do
283 2109 468 2164 contigit,
499 2119 580 2146 non
601 2102 751 2158 poss‘um
769 2115 850 2141 non
868 2099 994 2140 testari
1013 2097 1287 2152 infatigabilem
1305 2097 1475 2137 hominis
1503 2097 1781 2149 strenuitatem,
1811 2100 1877 2138 vix

150 2203 176 2223 ‚,
206 2165 435 2209 credendam
455 2163 495 2202 in
513 2157 715 2202 trafitando
736 2156 863 2198 fidem.
891 2176 961 2187 ----
985 2153 1223 2195 Admirabile
1241 2152 1346 2193 enim
1366 2151 1618 2207 spe&aculum
1638 2152 1734 2193 mihi
1751 2165 1882 2194 erat.-

151 2258 176 2277 ‚,
206 2224 414 2265 distantem
447 2213 860 2272 recognoscentemque
879 2241 890 2261 ‚
928 2220 1115 2264 quantum
1146 2209 1217 2249 tria
1237 2206 1364 2261 praela
1383 2208 1625 2261 exciperent,
1655 2207 1806 2258 videre,
1836 2223 1881 2249 ac

155 2312 180 2333 ‚,
209 2278 332 2320 nihilo
357 2275 472 2316 secius
499 2270 652 2312 interim
682 2269 831 2309 Graeca
861 2266 1073 2319 Latinaque
1090 2263 1340 2317 exemplaria,
1368 2276 1489 2317 eaque
1507 2262 1610 2304 varia
1627 2265 1667 2302 &
1687 2262 1882 2304 vetustiss-

206 2349 268 2375 ma
287 2330 546 2373 consulentem
558 2353 568 2372 ,
600 2325 770 2366 Graecos
791 2322 1026 2374 Latinosque
1044 2319 1276 2373 Interpretes
1292 2317 1553 2358 conferentem
1564 2347 1576 2368 ,
1604 2317 1745 2372 priscos
1763 2333 1807 2358 ac
1825 2333 1881 2359 re-

152 2421 177 2443 ‚,
206 2390 392 2431 centiores
423 2384 568 2439 primae
597 2379 702 2420 simul
731 2392 775 2418 ac
802 2375 956 2416 infimae
972 2373 1090 2415 claffis
1109 2374 1309 2428 scriptores
1329 2371 1644 2427 perpendentem.
1699 2373 1807 2414 Hinc
1825 2374 1880 2414 est

152 2479 178 2499 „
209 2442 316 2499 quod
347 2454 427 2482 non
459 2436 562 2478 sensa
588 2434 711 2475 modo
731 2431 917 2487 aperuerit
937 2453 986 2461 ---
1004 2428 1069 2482 sed
1091 2443 1162 2470 nec
1183 2428 1334 2470 verbula
1353 2428 1534 2478 minima,
1555 2427 1806 2482 articulosque
1826 2429 1884 2482 ip-

210 2501 268 2541 sos
280 2531 290 2550 ‚
315 2501 352 2537 &
374 2493 544 2550 apiculos
563 2488 828 2531 minutiffimos
846 2484 1088 2540 praeterierit.
1250 2483 1409 2523 Suarum
1428 2482 1542 2523 etiam
1561 2482 1716 2523 laudum
1735 2495 1881 2536 partem

169 2589 180 2608 ,
211 2556 251 2596 in
280 2554 373 2594 alios
402 2549 542 2604 rejicit,
574 2545 684 2600 quale
705 2547 743 2582 ὃς
764 2541 857 2583 illud
875 2539 1116 2593 exemplum,
1146 2552 1234 2579 cum
1251 2536 1602 2589 me,subfidiariam
1620 2537 1741 2578 solum
1762 2539 1801 2578 in
1821 2553 1882 2578 ca-

154 2590 181 2664 i,
211 2607 393 2663 stigandis
422 2601 593 2645 formulis
622 2612 801 2652 operam,
830 2594 1047 2637 accersitum
1065 2608 1087 2634 a
1106 2592 1300 2634 Frobenio
1317 2592 1687 2646 chalcographorum
1705 2593 1879 2633 omnium

155 2700 182 2719 „
212 2660 519 2718 diligendssimo,
549 2654 709 2711 perinde
738 2668 781 2694 ac
809 2665 891 2692 non
910 2648 1146 2706 asymbolum
1165 2647 1316 2689 Thesea
1332 2649 1447 2689 etiam
1466 2646 1572 2688 suum
1591 2661 1728 2688 vocare
1747 2647 1881 2702 digna·

212 2732 272 2761 tus
300 2718 397 2759 est''.

212 2779 315 2815 Haec
345 2770 423 2825 ipsa
447 2768 586 2815 editio,
616 2780 665 2806 ne
692 2764 860 2818 exceptis
891 2761 1047 2817 quidem
1080 2759 1267 2801 erroribus
1284 2757 1618 2814 Typographicis,
1646 2757 1805 2811 repetita
1825 2758 1879 2799 est

158 2830 334 2874 Venetiis
364 2827 410 2866 ab
444 2823 600 2864 Andrea
630 2820 820 2862 Asulano‚
858 2817 960 2859 Aldi
989 2816 1142 2866 socero,
1172 2816 1237 2855 ΛΟ.
1272 2815 1392 2865 1518.
1421 2812 1549 2853 mense
1570 2812 1796 2862 Februario,
1826 2826 1882 2854 at-

156 2900 232 2941 que
264 2882 442 2929 Erasmo,
470 2890 512 2918 ut
538 2890 606 2930 par
635 2887 736 2924 erat,
765 2873 952 2925 inscripta.
1008 2870 1153 2911 Millius
1170 2881 1298 2911 tamen
1317 2868 1555 2913 observavit,
1582 2868 1621 2907 in
1641 2878 1796 2907 centum
1813 2869 1880 2908 cir-

158 2944 250 2982 citer
266 2939 360 2978 locis
375 2936 546 2976 Textum
562 2929 793 2971 Erasmicum
813 2929 852 2968 in
870 2928 942 2967 bac
966 2925 1149 2967 Editione
1169 2922 1415 2965 emendatum
1435 2921 1565 2970 fuiffe,
1594 2936 1637 2961 ac
1649 2922 1812 2963 totidem
1827 2921 1880 2963 fc-

157 3012 198 3038 re
216 2994 310 3035 locis
329 2991 515 3032 vitiatum.
571 2984 695 3037 Qiod
715 2997 807 3024 vero
823 2981 1029 3031 Asulanus,
1059 2981 1100 3020 in
1120 2978 1359 3020 Praefatione
1376 2979 1526 3032 integro
1545 2976 1757 3017 Bibliorum
1777 2977 1883 3018 volu-

158 3052 254 3093 mini
274 3063 295 3089 a
316 3047 353 3087 sc
380 3044 488 3086 edito
505 3039 692 3096 praefixa:
723 3065 750 3088 ‚,
780 3037 889 3091 Ego,
919 3037 1064 3090 inquit,
1093 3034 1220 3075 multis
1240 3032 1491 3075 vetustiffimis
1509 3032 1784 3086 exemplaribus
1803 3030 1882 3072 col·

157 3139 185 3160 ,‚
213 3104 319 3154 latis,
348 3099 519 3142 adhibita
547 3096 663 3136 etiam
693 3091 936 3147 quorundam
960 3088 1294 3130 eruditissimorum
1325 3088 1526 3128 hominum
1545 3101 1655 3133 cura,
1685 3086 1882 3137 Biblia,ut

156 3194 183 3215 ‚‚
211 3160 329 3215 vulgo
348 3154 563 3211 appellant,
585 3151 733 3191 Graece
761 3147 898 3188 cunstat
925 3143 1125 3199 descripsi,
1153 3155 1268 3198 atque
1286 3143 1326 3183 in
1342 3156 1460 3184 unum
1492 3142 1670 3184 volumen
1697 3155 1885 3236 reponeg·

1780 3226 1808 3248 2>
1866 3210 1888 3236 a

151 2369 177 2389 3)

154 2535 179 2554 ³>

155 2753 182 2773 '²
