1976 3519
152 240 348 284 XXVIII.
644 245 858 279 ΚΑΤΑ
919 242 1390 278 ΜΑΤΘΑΙΟΝ
1766 256 1844 296 547

129 340 176 377 17
206 326 298 379 ξατο
329 324 444 367 αὐτοῖς
474 325 488 365 ὃ
516 320 653 371 Ἰησοῦς..
675 321 747 365 Kal
768 320 886 366 ἰδόντες
905 321 1030 373 αὐτὸν,
1060 321 1303 376 προσεκύνησαν
1322 324 1431 374 αὐτῷ.
1462 323 1491 365 οἵ
1507 322 1542 366 δὲ
1563 325 1740 371 {dimittam
1769 327 1842 371 Kal

128 383 178 422 18
209 378 412 431 προσελθὼν
440 379 454 420 ὃ
484 380 629 430 Ἰησοῦς,
659 378 825 425 ἐλάλησεν
853 377 989 429 αὐτοῖς,
1018 376 1141 427 λέγων.
1171 374 1298 425 Ἐδόθη
1318 396 1372 428 μοι
1393 379 1506 420 παῖσαι
1526 379 1659 433 ἐξουσία
1677 382 1704 423 ἓν
1725 385 1842 436 οὐρανῷ

127 449 177 483 19
208 437 234 486 ³5}
260 431 326 476 ’69ιῖ
354 435 427 484 ’γ’ἧς.
457 432 674 484 Πορευθέντες
703 432 835 473 -οῧνι
865 430 1105 483 μαθητεύσατε
1132 431 1264 473 πάντα,
1295 431 1351 473 τοὶ
1369 431 1454 485 ἔθνη,
1483 432 1700 491 βοινῆῖζοντες
1719 439 1842 483 αὐτοὺς

125 504 177 532 20
206 490 249 532 εἰς
278 487 320 530 τὸ
351 489 453 537 ’ὄνομα
479 490 540 529 τοῦ
569 486 730 540 Harpis,
759 491 784 540 233,
803 489 864 528 τοῧ
879 486 984 539 Υἷοῧ,
1015 489 1040 539 ²52,
1064 489 1125 528 τοῦ
1146 484 1250 536 &yion
1267 486 1502 537 ΠνεῦματΘ·
1531 491 1760 537 Διδοίσκοντες
1780 497 1842 536 αὐ-

1810 549 1822 567 Χ

1766 567 1848 593 τους.

124 632 312 674 ψρποιζᾶντων
332 632 484 666 ἀπέκτεινον,
501 637 523 663 οἱ
544 632 570 662 d}
590 635 610 662 Θ
622 634 703 662 αὐτῶν
716 631 840 664 ἀπέθανον.
857 637 952 666 AEll'an.
973 639 1011 664 V.
1031 637 1068 664 H.
1088 637 1126 664 V.
1146 644 1188 671 ¹7.
1203 630 1305 667 ἐλέγετο
1323 628 1352 671 ’ᾧ
1365 631 1491 668 ἄκεα-ἴτυς,
1511 639 1533 663 οἱ
1546 634 1572 664 jx}
1579 637 1693 675 μεμηνέιις
1700 642 1774 667 τοῦτο
1787 640 1844 679 δρᾶ..

123 686 179 702 σαω-
198 676 281 712 Qod
303 676 374 704 addit
398 673 550 703 verosimile
567 683 622 702 non
640 675 709 706 effe,
732 673 925 711 Apostolorum
941 673 1057 711 aliquem
1073 675 1132 712 post
1148 681 1192 702 tot
1203 674 1446 702 demonstrationes
1468 675 1554 704 adhuc
1571 678 1689 706 dubitare
1708 683 1841 717 potuiss‘e,

121 712 250 742 refellitur
266 714 321 751 ipsa
336 714 485 741 narratione
502 713 663 750 scriptorum
679 712 817 740 sacrorum
828 733 835 745 ,
855 714 901 750 qui
915 713 941 741 se
955 713 1083 741 dubitasse
1099 715 1126 740 ὃς
1141 722 1153 740 3
1175 711 1285 740 Christo
1301 720 1440 750 propterea
1455 722 1511 740 non
1534 715 1615 743 semel
1637 717 1781 754 increpitos
1799 720 1842 748 fu-

120 752 169 780 iss‘e
184 751 316 785 fatentur,
335 756 420 780 Marc.
439 753 520 779 XVI.
539 761 580 779 11.
596 761 638 787 14.
654 755 717 779 Luc.
736 752 848 780 XXIV.
870 761 911 779 11.
929 761 975 788 ²5·
996 761 1040 788 37.
1062 751 1106 789 38.
1122 759 1169 786 41.
1186 750 1233 788 Jo.
1253 752 1320 780 XX.
1338 751 1365 779 8.
1385 761 1413 787 9.
1433 760 1480 786 25.
1501 761 1546 789 27.
1563 755 1643 782 XXI.
1661 767 1689 790 4.
1707 758 1842 792 Quodde-

121 790 205 827 nique
219 798 313 828 urget,
335 799 368 818 ex
385 797 488 827 recepta
500 788 617 817 leetione
634 789 776 826 consequi,
798 799 832 817 eo
840 789 897 827 ipso
914 798 1059 818 momento
1075 789 1226 827 designatos
1242 789 1320 818 fuisse
1335 789 1478 827 Apostolos
1488 810 1494 821 ‚
1504 799 1560 827 quo
1568 793 1764 822 dubitationem
1774 806 1843 824 non-

121 830 189 857 dum
212 829 316 866 penitus
337 828 501 864 abjecerant,
520 836 621 865 praeter
633 828 766 855 rationem
785 827 898 861 dicitur3
917 827 978 856 licet
991 829 1066 856 enim
1083 828 1234 856 Matthaeus
1247 849 1254 860 ,
1276 829 1323 865 qui
1337 828 1401 856 haec
1419 836 1518 861 narrat,
1536 830 1658 859 brevitati
1675 834 1792 866 studeat,
1815 838 1842 863 ἐς

123 867 283 895 dubitationi
301 867 388 894 statim
403 866 545 904 subjungat
560 866 715 895 miffionem
726 865 818 895 ,facile
833 873 924 894 tamen
940 876 974 894 ex
990 869 1052 895 Ac't‘.
1069 867 1094 895 1.
1111 877 1140 903 4.
1160 868 1188 895 ὃ(
1203 875 1238 893 ex
1255 877 1283 894 re
1298 867 1352 905 ipsa
1366 866 1522 905 intelligitur
1532 889 1540 901 ,
1561 879 1659 898 omnes
1667 871 1727 908 ipsis
1734 872 1842 911 scrupu—

123 903 164 933 los
180 905 252 942 prius
267 913 391 933 exemtos
401 927 408 937 ‚
418 904 578 943 plenamque
594 904 676 933 fidem
694 904 793 933 13613111
809 904 896 933 fuiffe.

165 944 208 971 18.
227 944 311 979 οὐρανῷ
326 945 348 980 ις
362 941 402 970 ἐπὶ
419 943 483 978 γῆς]
505 944 603 980 οὗμιιοῖς
616 943 636 969 Θ
648 942 685 968 ἐπὶ
701 941 722 969 ‘1²
736 943 779 975 Ύῖς
795 944 830 971 D.

1005 939 1063 979 inl]
1083 946 1120 977 4-
1133 942 1154 969 αἳ
1168 953 1217 980 90.
1234 953 1268 972 ex
1283 943 1482 973 emendatione.

159 981 224 1016 γῆς]
247 984 284 1014 -ὶ-
300 982 323 1018 »ς
338 980 417 1011 nabbe
430 982 574 1010 άπέςοιλκεν
589 977 625 1016 pv}
643 980 743 1017 ὀπατύρ
751 990 811 1016 με,
830 976 904 1018 κᾴγὶι
916 977 1036 1009 λὲηςέλλον
1049 983 1127 1017 &fia
1146 982 1241 1010 Verfio
1255 987 1328 1020 Syra.
1364 993 1397 1010 ex
1413 983 1461 1021 Jo.
1480 984 1546 1012 XX.
1567 993 1606 1012 21.

161 1029 205 1053 ¹9-
225 1021 371 1056 πορευθέντες
386 1014 442 1055 οὖν]
461 1017 583 1056 meduez
596 1019 629 1045 νῦν
645 1021 682 1047 D.
702 1019 817 1047 Codices
830 1020 932 1052 Latini,
952 1020 1084 1052 Hilarius,
1101 1022 1237 1050 Vid't'orinus
1249 1042 1256 1054 ,
1277 1025 1341 1053 Leo,
1362 1021 1501 1058 Faustinus.

160 1055 217 1092 οἶν]
239 1073 287 1078 —-
310 1059 487 1086 AEFHKM.
508 1067 533 1084 2.
556 1066 581 1094 3.
601 1067 630 1092 4.
647 1065 675 1094 5.
694 1059 722 1084 6.
740 1066 766 1092 7.
783 1057 810 1084 8.
827 1067 855 1092 9.
879 1067 920 1085 ro.
944 1067 985 1085 11.
1009 1060 1050 1085 16.
1070 1068 1116 1094 ²7-
1136 1068 1182 1094 ²9·
1204 1068 1249 1096 34.
1271 1068 1316 1096 35.
1338 1062 1381 1096 3⁶·
1406 1069 1449 1096 37.
1471 1061 1514 1097 38.
1536 1070 1580 1097 39.
1600 1072 1649 1098 40.
1665 1073 1713 1099 42.
1731 1074 1779 1101 44.
1797 1076 1846 1102 45.

123 1099 170 1132 46.
186 1105 234 1131 47.
255 1095 302 1131 48.
326 1106 373 1131 49.
394 1105 439 1130 50.
458 1104 504 1131 5¹-
521 1103 566 1131 52.
585 1105 632 1132 53.
653 1105 699 1131 54.
717 1104 765 1131 55.
779 1097 825 1131 56.
842 1104 887 1131 57.
907 1096 950 1130 58·
969 1105 1017 1132 59.
1032 1099 1079 1125 60.
1097 1099 1142 1124 61.
1160 1100 1206 1126 62.
1226 1099 1274 1134 63.
1291 1099 1335 1134 ⁶4·
1351 1100 1398 1134 65.
1417 1100 1462 1125 66.
1480 1100 1525 1133 67.
1543 1100 1589 1128 68.
1608 1103 1654 1136 69.
1671 1112 1717 1137 70.
1736 1112 1780 1138 7¹-
1799 1115 1844 1141 73.

126 1143 172 1170 74.
189 1134 234 1171 83.
251 1135 298 1170 84.
317 1134 362 1161 86.
381 1134 426 1168 89.
447 1144 493 1169 90.
516 1134 579 1161 106.
596 1135 700 1172 Evang.
721 1143 744 1162 1.
765 1143 791 1161 2.
813 1143 838 1170 3.
856 1143 882 1169 5.
900 1137 927 1162 6.
947 1143 974 1169 7.
991 1134 1017 1164 8.
1034 1144 1061 1169 9.
1090 1145 1133 1164 12.
1157 1145 1198 1172 ¹3·
1222 1145 1264 1172 14.
1285 1144 1329 1171 15.
1349 1139 1391 1163 16.
1415 1146 1456 1172 17.
1478 1138 1519 1165 18.
1544 1147 1586 1173 19.
1609 1148 1652 1174 ²4-
1683 1142 1752 1170 Edit.
1768 1147 1847 1172 Com-

121 1173 189 1211 plut.
209 1174 324 1210 Bengelii.
344 1176 457 1209 Origenes
473 1181 498 1200 c.
517 1170 588 1200 Cels.
603 1171 712 1208 Βιβλίων
733 1173 766 1200 de
781 1172 910 1209 Baptisin.
927 1183 950 1202 1.
965 1173 1162 1210 Chrysqstomm,
1181 1173 1355 1211 Athanafim‚
1377 1174 1579 1214 Theophylac'lus.
1600 1178 1713 1217 Cyrillus
1731 1181 1759 1208 in
1777 1183 1833 1218 Eiaj

123 1221 152 1249 p.
173 1220 236 1246 753.
256 1214 282 1239 &
298 1211 362 1246 859.
380 1211 510 1248 probante
520 1208 556 1247 J
573 1210 658 1240 Millio
672 1209 741 1248 prol.
763 1220 844 1241 1100,

161 1245 339 1285 βαπἾίζοντ-ες]
359 1244 525 1281 fictilia-arr&
541 1250 577 1276 D.

122 1332 264 1356 caverunt
273 1349 284 1366 ,
298 1323 419 1356 exclusis
432 1324 620 1364 minoribus,
643 1323 689 1355 Hi
703 1322 767 1356 sunt
783 1324 964 1360 παιὲοβιιπτι-

122 1366 177 1399 eal.
216 1366 319 1397 Tertia
341 1367 384 1398 est
403 1377 509 1397 eorum
525 1368 576 1408 qui
593 1366 705 1398 nullam
722 1375 843 1398 aetatem
858 1377 964 1398 nume-

124 1418 161 1440 ro
185 1408 398 1451 discipulorum
423 1408 535 1440 Christi
552 1408 701 1450 Baptismo
718 1410 897 1441 idoneorum
913 1419 963 1441 ex-

125 1450 271 1491 cludunt,
288 1461 363 1492 quos
377 1450 566 1487 ιηπωβαπἾιςὲις
582 1453 734 1482 nominare
751 1453 819 1482 licet
829 1463 835 1483 ι
845 1453 878 1486 &
891 1452 962 1483 haec

123 1492 186 1533 est,
215 1494 327 1534 fuitque
353 1495 524 1525 communis
546 1493 749 1534 plerarumque
767 1494 965 1525 Ecclefiarum

125 1536 264 1567 sententia
275 1558 285 1573 ‚
312 1546 386 1576 quae
412 1537 446 1568 δε
463 1536 537 1567 mihi
552 1537 701 1577 probatur.
744 1536 901 1568 Nimirum
919 1537 965 1567 di-

126 1577 253 1619 {cipulus
274 1579 389 1609 alterius
411 1578 525 1618 duplici
543 1579 636 1609 modo
653 1579 754 1619 aliquis
772 1578 834 1610 fieri
850 1578 964 1621 potest,

125 1621 174 1652 vel
191 1629 262 1651 cum
279 1619 308 1651 se
323 1621 382 1662 ipse
395 1620 488 1651 sciens
505 1621 540 1651 &
558 1621 657 1652 volens
674 1621 726 1652 suo
738 1622 856 1661 judicio
873 1622 905 1653 δε
916 1622 963 1652 sua

126 1661 230 1701 sponte
254 1662 295 1693 illi
317 1664 347 1693 in
369 1662 554 1704 disciplinam
574 1665 680 1703 tradit,
699 1664 782 1704 quod
799 1664 914 1694 nonnifi
927 1664 964 1694 de

127 1703 226 1736 Classe
243 1705 337 1745 prima
352 1704 412 1735 dici
429 1704 542 1746 potest,
564 1706 611 1736 vel
628 1705 749 1746 quando
763 1715 780 1736 a
798 1707 963 1745 parentibus

127 1747 176 1779 vel
198 1747 362 1787 tutoribus,
382 1756 512 1788 quotum
528 1747 558 1776 in
573 1747 716 1788 potestate
740 1747 803 1787 est,
823 1749 964 1788 traditur,

125 1789 159 1821 hi
175 1790 239 1820 sunt
255 1789 388 1831 discipuli
403 1789 546 1820 secundae
558 1799 593 1820 ac
610 1791 710 1820 tertiae
724 1790 835 1821 claffis:
855 1791 906 1831 qui
917 1801 966 1822 ve-

128 1841 164 1863 ro
188 1834 316 1873 primam
339 1832 500 1863 lectionem
521 1832 601 1862 audit
609 1854 619 1870 ‚
641 1840 702 1862 tarn
725 1832 767 1863 est
789 1831 965 1874 discipulus,

129 1884 220 1914 quam
245 1875 295 1915 qui
317 1883 419 1904 omnes
444 1874 481 1904 ad
498 1874 633 1904 ultimam
651 1885 740 1916 usque
749 1875 880 1916 audivit,
901 1877 965 1907 imo

129 1920 183 1957 qui
201 1916 340 1957 magistro
348 1917 436 1948 alicui
452 1916 678 1948 commendatus
692 1917 734 1948 est
750 1927 766 1947 a
781 1926 860 1958 patre
876 1940 886 1956 ,
903 1918 965 1956 jam

130 1958 174 1989 est
198 1959 369 2000 discipulus,
393 1967 546 1999 antequam
563 1960 689 2000 primam
705 1959 867 1991 leetionem
884 1960 966 1991 audi-

131 2002 195 2040 vit3
215 2002 248 2033 ὃ(
276 2001 295 2032 fi
319 2010 398 2042 pater
415 2001 493 2032 idem
508 2001 549 2032 est
568 2004 621 2042 qui
637 2001 791 2043 magister,
813 2003 854 2033 uti
874 2011 966 2044 patres

130 2043 195 2074 sunt
213 2043 342 2077 magistri
359 2045 488 2074 filiorum
504 2044 640 2085 suorum,
662 2054 749 2084 quam
768 2046 898 2082 primum
916 2055 967 2086 pa-

131 2093 176 2116 ter
193 2086 346 2117 confilium
365 2094 443 2126 capit
459 2086 607 2117 formandi
626 2097 722 2118 mores
740 2087 793 2117 filii
809 2087 867 2127 sui,
889 2088 969 2127 quod

131 2138 193 2159 non
224 2130 311 2158 nimis
336 2138 448 2159 mature
472 2139 573 2170 capere
589 2128 702 2171 potest,
722 2128 796 2160 filius
813 2129 909 2160 statim
925 2129 971 2160 di-

131 2169 256 2220 ssipulus
279 2179 364 2212 patris
376 2172 442 2211 jure
457 2172 563 2201 censeri
581 2171 674 2211 potest
725 2170 867 2212 Cumque
884 2181 970 2212 expe-

133 2215 234 2243 rientia
247 2214 368 2253 doceat,
391 2223 547 2244 numerum
557 2213 765 2254 discipulorum
776 2236 784 2251 ,
794 2216 912 2254 quinon
923 2214 970 2245 sua

132 2255 177 2286 sec¹
196 2265 347 2296 parentum
364 2257 514 2286 voluntate
533 2258 577 2287 vel
596 2258 623 2286 in
640 2257 740 2287 ludum
750 2256 909 2287 literarium
919 2256 971 2288 de-

132 2297 298 2337 ducuntur,
318 2297 364 2328 vel
384 2297 509 2338 opificio
533 2299 716 2338 cuicunque,
733 2299 778 2329 vel
794 2308 972 2330 mercaturae

134 2339 299 2376 faciendae,
322 2340 369 2369 vel
393 2340 500 2370 artibus
523 2340 666 2371 discendis
682 2341 898 2379 admoventur,
919 2343 967 2372 in-

135 2381 371 2422 conparabiliter
396 2383 538 2421 majorem
563 2383 619 2412 esse
636 2405 646 2420 ,
675 2383 740 2414 usus
756 2383 897 2424 loquendi
914 2394 970 2424 po-

138 2423 245 2462 stulat,
264 2432 296 2453 111
318 2423 372 2453 illis
397 2433 507 2454 nomen
530 2424 739 2465 discipulorum
755 2428 842 2456 etiam
860 2434 972 2457 conve-

134 2467 199 2497 nire
224 2464 383 2496 credamus.
427 2465 500 2496 Nec
517 2467 650 2507 exempla
668 2466 786 2498 desunt:
810 2468 973 2498 Timothe-

137 2518 171 2538 us
195 2507 249 2538 fuit
271 2507 413 2547 dist-ipulus
439 2508 550 2538 Christi
569 2519 630 2539 non
646 2517 710 2539 tum
727 2510 869 2549 demum,
890 2510 971 2550 post-

136 2560 224 2590 quam
250 2550 380 2590 ephebus
406 2550 500 2581 faCtus
525 2547 585 2590 est,
615 2551 662 2581 sed
675 2552 724 2580 ἀπὶ
739 2552 845 2590 βρέφκς,
866 2556 971 2583 2.Tim.

137 2591 161 2623 I.
184 2601 212 2629 5.
233 2593 260 2621 6.
280 2591 335 2622 ΙΙΙ.
363 2602 407 2631 14.
435 2602 479 2631 15.
501 2592 573 2630 (vid.
599 2593 678 2632 inl.)
703 2593 780 2624 Puer
796 2594 872 2635 apud
888 2595 970 2636 Eſsvj.

138 2634 209 2665 VII.
236 2645 282 2673 15.
310 2635 352 2664 16.
375 2643 495 2665 noverat
518 2637 671 2676 reprobare
687 2636 797 2666 malum
817 2637 850 2667 &
867 2637 971 2678 eligere

138 2677 253 2707 bonum
277 2686 292 2706 a
317 2678 410 2716 prima
433 2678 563 2716 pueritia.
608 2678 740 2719 Justinus
759 2678 808 2709 M.
828 2679 919 2718 Apol.
944 2692 970 2711 1.

139 2719 187 2749 κου’
198 2718 361 2751 monialium,
379 2719 422 2748 aas*
436 2720 539 2749 ἰι-ολλοιιι
552 2723 712 2756 ἑξηκοντέτοιι
730 2723 774 2751 noc}
789 2721 972 2758 ἐξδομιηκοντέ-

140 2774 201 2793 ται,
221 2766 244 2789 οἱ
260 2764 286 2789 ἔκ
303 2760 399 2790 wus‘alm
422 2765 620 2799 ἔμαθητεόθησοιν
637 2767 672 2800 τῷ
686 2767 778 2802 χμςῷ,
799 2763 899 2801 &adeptu
914 2763 970 2793 διοι-

137 2802 236 2840 μιένκο-ι.
258 2804 388 2838 Origenes
411 2804 441 2832 in
463 2803 563 2842 Judic.
582 2804 623 2835 H.
645 2806 662 2833 6
695 2805 725 2834 Si
749 2814 792 2836 eat
821 2806 882 2845 quis
899 2815 970 2846 puer

139 2843 174 2873 ad
199 2842 337 2880 scholas,
358 2855 373 2874 a
399 2846 537 2885 magistro
560 2846 675 2887 quidem
692 2846 864 2887 suscipitur,
885 2848 918 2878 &c
936 2847 969 2878 fit

139 2885 214 2915 illius
238 2886 368 2916 doctoris
390 2886 559 2927 discipulus,
581 2888 628 2918 sed
651 2898 712 2918 non
731 2889 826 2920 statim
843 2889 969 2920 discendi

140 2927 176 2957 ad
203 2926 264 2966 ipso
290 2937 475 2968 praeceptore
495 2929 581 2961 sumit
596 2931 769 2969 exordium,
790 2931 835 2962 sed
852 2941 922 2962 cum
939 2932 976 2962 ab

141 2978 178 2999 eo
200 2969 292 3008 prima
308 2978 420 2999 tantum
437 2971 577 3002 elementa
596 2972 763 3014 susceperit,
786 2973 906 3004 traditur
915 2973 976 3003 aliis

140 3010 313 3041 erudiendus
337 3029 398 3034 ——
422 3020 453 3041 ut
476 3023 546 3043 cum
568 3015 605 3044 ab
629 3014 702 3053 illis,
721 3025 863 3055 quantum
888 3017 917 3045 in
937 3017 975 3045 eis

141 3053 203 3090 est,
227 3052 311 3082 fuerit
334 3052 473 3094 edoctus,
495 3056 528 3085 ὅ(
555 3065 625 3086 cum
649 3058 744 3095 prima
767 3058 844 3098 apud
860 3068 909 3088 eos
924 3057 975 3088 de-

142 3095 268 3135 posuerit
291 3093 453 3124 rudimenta
471 3117 479 3132 ,
509 3105 573 3126 tum
598 3097 718 3128 demum
736 3100 822 3139 ipsius
838 3100 970 3130 doetoris

141 3136 313 3176 perfec‘tiora
339 3145 490 3176 praecepta
514 3138 654 3178 suscipiat.
677 3142 820 3171 Larianus
831 3141 971 3172 Hermot.

144 3178 192 3209 82.
214 3179 258 3208 nai
285 3180 313 3208 ἀι
339 3180 423 3220 τίτθαι
447 3178 532 3209 rodda
553 3189 648 3215 λεγεσι
669 3182 721 3222 περὶ
737 3186 784 3213 τῶν
799 3184 922 3217 παιδίων,
944 3184 974 3217 ὣς

1009 1246 1209 1287 ἓῗῑσωηάυσι]
1229 1265 1280 1272 —
1295 1252 1332 1280 D.
1359 1278 1362 1279 .

1004 1324 1103 1355 οἶκε-τίον
1125 1330 1210 1359 οιότοῒς
1233 1330 1262 1360 εἰς
1277 1326 1447 1361 althaea-mim,
1467 1327 1513 1358 noel
1528 1327 1576 1369 γὶιρ
1593 1326 1622 1358 ἓν
1637 1331 1742 1368 μηὲἔιτω
1750 1336 1844 1370 μαθεῖν

1004 1368 1106 1402 ἄγοιθῦν
1127 1383 1153 1398 τι
1176 1368 1306 1403 summai,
1327 1369 1392 1399 ἄλλ’
1414 1369 1439 1399 ἓν
1466 1374 1564 1407 φαῦλον
1581 1372 1632 1401 ἐῶἲν
1649 1377 1786 1405 ποιήσεσιν
1800 1380 1853 1406 r’zri‘

1003 1410 1120 1448 μένοντες.
1139 1413 1194 1441 Cic.
1209 1410 1246 1441 de
1261 1410 1310 1442 N.
1330 1411 1370 1442 D.
1393 1411 1446 1443 ΙΙΙ.
1461 1421 1488 1453 3.
1510 1413 1560 1444 Sic
1569 1414 1760 1455 aggrediorad
1770 1418 1847 1450 hanc

1004 1451 1250 1493 disputationem,
1270 1454 1349 1495 quasi
1363 1453 1438 1484 nihil
1451 1465 1573 1495 unquam
1589 1458 1725 1486 audierim
1742 1459 1778 1490 de
1793 1462 1848 1492 diis

1008 1495 1248 1533 immortalibus,
1269 1496 1345 1526 nihil
1366 1500 1570 1534 cogitaverim,
1593 1500 1687 1529 rudem
1713 1512 1755 1531 me
1769 1503 1849 1543 disti-

1000 1536 1099 1576 pulum
1123 1539 1157 1569 &
1182 1538 1329 1579 integrum
1353 1543 1460 1580 accipe,
1488 1541 1521 1572 δε
1548 1551 1599 1581 63,
1630 1551 1702 1581 quae
1716 1547 1856 1584 requiro,¹

1006 1578 1093 1610 doce.
1114 1580 1231 1611 Schabb.
1253 1580 1273 1611 f.
1299 1590 1356 1622 31,
1381 1591 1408 1612 1.
1433 1582 1519 1614 Dixit
1536 1582 1680 1615 Ethnicus
1697 1585 1732 1616 ad
1753 1587 1850 1618 Hille-

1005 1620 1064 1652 lem
1078 1631 1084 1650 :
1107 1622 1288 1664 proselytum
1307 1633 1356 1653 me
1372 1624 1418 1654 fac
1430 1648 1439 1664 ‚
1461 1634 1493 1655 ut
1507 1634 1555 1656 me
1571 1625 1687 1657 doceas.
1709 1631 1850 1659 Horatius

1006 1663 1039 1694 S.
1063 1662 1086 1694 Ι.
1113 1673 1138 1695 1.
1161 1673 1210 1704 25.
1232 1673 1264 1695 ut
1281 1667 1374 1705 pueris
1400 1666 1476 1697 olim
1501 1667 1571 1697 dant
1595 1667 1724 1701 crustula
1751 1672 1852 1704 blandi

1006 1707 1160 1743 Domus,
1178 1706 1313 1737 elementa
1329 1707 1423 1738 velint
1442 1715 1476 1737 ut
1490 1710 1591 1749 discere
1602 1713 1706 1749 prima,

1047 1747 1152 1779 Fateor
1167 1757 1238 1779 cum
1252 1759 1365 1780 nomen
1378 1755 1497 1787 μαθητοῦ
1513 1753 1543 1781 111
1560 1751 1606 1783 N.
1630 1753 1670 1784 T.
1693 1755 1849 1796 plusquam

1007 1789 1157 1822 ducenties
1175 1791 1207 1822 ὃς
1225 1792 1413 1832 quinquagies
1429 1795 1607 1834 reperiatur,
1630 1805 1783 1838 nunquam
1802 1808 1846 1830 ta-

1008 1842 1077 1863 men
1095 1833 1140 1863 vel
1157 1834 1250 1874 pueris
1265 1834 1313 1866 vel
1329 1835 1489 1866 infantibus
1505 1837 1614 1875 tribui,
1642 1838 1695 1868 nlsl
1719 1839 1797 1871 forte
1821 1851 1847 1874 1.

1008 1877 1079 1906 Tim.
1095 1875 1150 1906 ΠΙ.
1169 1885 1217 1917 14.
1240 1885 1287 1915 15.
1305 1878 1338 1908 &
1355 1878 1425 1908 Αὲἶ.
1449 1876 1521 1909 XV.
1546 1886 1584 1909 10
1615 1889 1641 1910 1.
1665 1879 1736 1912 Inde
1753 1890 1850 1915 tamen

1009 1927 1072 1948 non
1103 1918 1309 1959 consequitur,
1333 1919 1457 1951 infantes
1481 1921 1513 1951 ὃ(
1533 1931 1637 1961 pueros
1652 1934 1714 1954 non
1731 1924 1787 1955 effe
1805 1926 1852 1957 di—

1008 1959 1151 2001 scipulos:
1174 1971 1237 1991 non
1253 1962 1345 2002 magis
1361 1971 1449 2002 quam
1471 1963 1633 2004 Apostolos
1650 1966 1726 1997 solos
1742 1967 1851 1999 essedi-

1008 2001 1155 2043 scipulos,
1177 2004 1227 2044 qui
1251 2012 1282 2034 ut
1308 2003 1470 2044 plurimum
1489 2006 1548 2036 hoc
1565 2008 1686 2039 nomine
1700 2009 1853 2051 designan-

1009 2052 1074 2084 tur,
1096 2053 1145 2075 aut
1161 2056 1216 2077 nec
1233 2046 1362 2086 ephebos
1378 2047 1434 2077 effe
1444 2046 1619 2088 discipulos,
1641 2059 1713 2090 quos
1723 2051 1782 2083 hoc
1793 2064 1852 2084 no·

1013 2088 1093 2117 mine
1108 2088 1138 2117 in
1156 2087 1201 2118 N.
1223 2087 1264 2119 T.
1287 2098 1409 2128 usquam
1425 2090 1559 2129 appellari
1576 2091 1654 2122 nulla
1671 2101 1750 2124 certa
1763 2097 1852 2127 ratio-

1012 2139 1050 2159 ne
1071 2129 1266 2161 demonstrari
1289 2130 1384 2171 potest
1439 2132 1576 2173 Quoquo
1605 2144 1678 2166 vero
1705 2136 1798 2168 modo
1823 2139 1851 2169 se

1013 2181 1058 2202 res
1072 2172 1174 2204 habeat
1192 2173 1222 2203 in
1238 2173 1298 2203 aliis
1316 2173 1408 2210 locis,
1429 2175 1459 2204 in
1477 2175 1661 2207 institutione
1669 2177 1765 2208 saltem
1776 2179 1852 2221 Bap-

1011 2213 1090 2249 tismi
1105 2216 1375 2255 interpretationem
1391 2216 1584 2247 favorabilem
1595 2219 1775 2251 &laxiorem
1788 2233 1853 2253 ver-

1014 2256 1045 2286 bi
1067 2259 1256 2293 μαθητεύσατε
1278 2257 1395 2288 odiosae
1421 2258 1454 2288 ὃ(
1483 2258 1620 2291 strietiori
1635 2262 1852 2302 praeferendam

1014 2297 1070 2329 esse
1103 2299 1135 2330 &
1161 2300 1198 2329 ab
1224 2298 1375 2338 Apostolis
1406 2301 1560 2341 praelatam
1590 2304 1673 2335 fuisse
1700 2306 1849 2339 existimo.

1010 2340 1093 2371 Cum
1114 2342 1193 2371 enim
1220 2341 1360 2381 Apostoli
1383 2353 1446 2373 non
1462 2344 1649 2383 ignorarent,
1666 2346 1850 2385 Judaeorum

1011 2393 1115 2424 pueros
1126 2385 1157 2414 ὅ(
1174 2383 1315 2422 infantes,
1341 2385 1428 2414 etiam
1441 2384 1569 2423 judaeos
1583 2390 1613 2418 &c
1634 2389 1798 2421 foederatos
1815 2393 1850 2424 ὃς

1013 2425 1274 2456 circumcidendos
1301 2426 1383 2456 fuisse
1404 2429 1492 2458 Deut.
1516 2427 1644 2460 XXIX.
1671 2440 1850 2471 10.11.12.,

1015 2468 1049 2498 &
1075 2467 1294 2508 Proselytorurn
1318 2478 1353 2498 ex
1379 2471 1516 2508 gentibus
1541 2481 1645 2511 pueros
1670 2482 1788 2514 quoque
1815 2476 1850 2506 &

1015 2510 1155 2547 infantes,
1174 2520 1235 2540 non
1259 2510 1354 2541 solum
1382 2512 1539 2552 proselytos
1559 2515 1712 2556 appellari,
1739 2518 1771 2546 ὅ(
1791 2518 1851 2547 611-

1015 2552 1167 2590 cumcidi,
1187 2551 1266 2592 quod
1286 2551 1416 2592 Mifihna
1433 2553 1542 2595 docet,
1555 2566 1657 2586 verum
1675 2559 1760 2588 6113111
1779 2559 1851 2601 bap·

1015 2595 1117 2633 tizari,
1139 2594 1220 2634 quod
1237 2604 1270 2623 ex
1288 2598 1411 2624 Gemara
1427 2595 1461 2626 ad
1481 2597 1593 2627 Matth.
1608 2597 1662 2630 ΙΙΙ.
1686 2602 1714 2632 6.
1737 2602 1850 2640 prolixe

1012 2637 1149 2677 probavi>
1159 2647 1220 2667 non
1229 2636 1487 2676 videmquomodo
1498 2639 1564 2680 ipsis
1573 2641 1601 2670 in
1613 2651 1741 2673 mentem
1751 2645 1851 2676 venire

1012 2680 1160 2718 potuerit,
1182 2687 1213 2709 ut
1238 2688 1342 2718 pueros
1360 2681 1392 2710 ὃς
1409 2680 1530 2711 infantes
1543 2691 1559 2711 e
1575 2685 1709 2725 catalogo
1726 2685 1852 2726 discipu-

1013 2722 1112 2751 lorum
1130 2730 1342 2762 expungerent,
1365 2731 1413 2751 aut
1434 2732 1450 2752 a
1468 2723 1616 2764 Baptismo
1631 2736 1778 2767 arcerent,
1797 2729 1849 2758 111ίὶ

1013 2762 1123 2793 disertis
1150 2763 1247 2793 verbis
1271 2773 1286 2792 a
1311 2762 1432 2794 Christo
1455 2768 1620 2806 excepti&
1649 2769 1754 2799 exclusi
1779 2770 1850 2800 fuis-

1012 2805 1092 2845 sent,
1114 2805 1193 2845 quod
1220 2815 1280 2834 non
1308 2805 1439 2845 legimus.
1481 2807 1622 2848 Cumque
1638 2811 1701 2849 ipfis
1719 2811 1850 2851 Aposto-

1011 2847 1110 2877 lorum
1119 2847 1301 2888 temporibus
1311 2849 1427 2878 intanta
1436 2849 1517 2880 orbis
1527 2852 1718 2882 conversione
1727 2862 1786 2883 non
1795 2864 1850 2894 po-

1019 2891 1105 2920 tuerit
1121 2899 1182 2920 non
1196 2889 1348 2929 accidere,
1368 2898 1400 2921 ut
1417 2900 1494 2930 pater
1512 2893 1634 2923 familias
1648 2893 1788 2934 judaeus,
1799 2895 1850 2934 qui

1019 2931 1129 2963 liberos
1146 2932 1180 2963 ὅ(
1204 2931 1318 2962 adultos
1334 2934 1368 2964 &
1386 2941 1491 2972 pucros
1511 2935 1543 2964 ὅ(
1562 2935 1791 2967 infantesrecens
1800 2947 1852 2967 na-

1019 2981 1066 3005 tos
1081 2974 1215 3011 haberet,
1236 2973 1270 3003 ad
1289 2974 1452 3005 Ecclesiam
1472 2975 1526 3005 sese
1538 2977 1718 3018 adjungeret,
1739 2980 1851 3018 quaeri-

1017 3017 1107 3051 ritur‚
1124 3017 1192 3056 quid
1213 3016 1326 3046 facium
1345 3017 1378 3047 fit
1393 3026 1442 3047 aut
1458 3016 1516 3047 fieti
1532 3018 1662 3050 debuerit
1678 3021 1773 3059 pueris
1790 3022 1850 3060 ejus

1018 3059 1052 3089 ὃς
1080 3058 1262 3089 infantibus?
1283 3066 1318 3089 an
1344 3059 1439 3090 infans
1463 3069 1564 3090 recens
1586 3069 1689 3098 natus,
1711 3070 1741 3091 ut
1757 3061 1851 3093 salutis

1016 3109 1146 3131 aeternae
1171 3100 1251 3130 fieret
1267 3101 1429 3142 particeps,
1449 3110 1508 3131 erat
1524 3102 1797 3142 circumcidendus,
1815 3105 1850 3134 δε

1015 3142 1044 3171 111
1078 3142 1200 3182 pueritia
1233 3150 1371 3182 tanquam
1396 3142 1554 3182 discipulus
1575 3144 1669 3174 Mofis
1693 3154 1754 3174 non
1781 3155 1851 3177 vero

1016 3182 1130 3214 Christi
1146 3183 1333 3215 educandus?
1354 3184 1432 3215 Non
1447 3193 1557 3224 putem.
1579 3184 1640 3217 vid.
1659 3186 1737 3232 Egla.
1755 3186 1807 3218 VI.
1819 3198 1847 3227 4.

1799 3229 1848 3260 An
