1976 3519
444 232 1439 277 PRO.,LEGle‹1ENA.
1742 246 1820 292 ¹²3

82 325 296 380 gnitionem
322 323 361 363 in
382 336 444 362 me
462 322 636 375 recipere.
691 319 981 360 Conficiebatur
1000 319 1105 359 simul
1129 322 1167 358 ὃ(
1188 320 1442 362 excudebatur
1455 336 1583 376 opus,
1606 324 1822 367 absolveba⁴

82 393 141 421 tur
177 378 328 432 lingulis
359 377 491 417 diebus
515 376 663 423 ternio,
692 375 744 415 fic
764 375 868 414 enim
892 388 995 414 nunc
1018 387 1166 414 vocant.
1226 375 1316 416 Nec
1338 376 1490 417 interim
1513 390 1641 420 tamen
1662 381 1820 432 licebat,

81 447 205 475 totum
239 434 329 473 huic
352 446 484 472 vacare
506 431 676 484 negotio.
709 430 973 470 Excudebatur
989 429 1128 469 eodem
1149 442 1326 484 tempore
1349 431 1633 487 Hieronymus,
1665 439 1731 491 qui
1755 438 1821 479 fibi

82 490 224 529 bonam
244 489 318 528 mei
337 499 481 541 partem
501 485 749 533 vendicabat3
780 488 819 523 &
840 484 959 524 stabat
981 484 1165 525 sententia
1187 497 1251 525 aut
1273 486 1428 525 immori
1451 486 1660 539 laboribus,
1680 505 1744 534 aut
1755 508 1822 534 an·

81 556 119 584 te
154 544 295 584 Pascha
314 557 361 583 ex
381 556 429 582 eo
452 540 610 593 pistrino
631 551 771 579 memet:
792 539 989 593 explicare.
1046 539 1244 580 Postremo
1265 539 1399 580 fefellit
1418 554 1491 582 nos
1514 543 1719 587 voluminis
1738 563 1822 590 mo-

80 600 175 647 dus;
204 598 414 638 affirmabat
445 595 709 649 typographus
744 594 826 634 fore
853 606 894 634 ut
913 593 963 634 ad
987 594 1142 648 triginta
1166 595 1250 648 plus
1269 609 1396 636 minus
1418 598 1822 645 ternionesaccresce-

82 667 158 703 ret,
189 651 339 694 exceffit
358 662 482 692 autem
504 650 704 703 oetoginta
724 661 797 690 tres
818 650 857 689 ni
877 649 1000 702 fallor,
1058 649 1192 703 Itaque
1213 651 1375 690 maxima
1396 653 1581 706 temporis
1603 667 1710 705 parte
1727 663 1820 698 con-

80 709 200 749 sumta
227 709 266 747 in
297 707 376 755 his,
405 719 503 758 quae
535 705 593 744 vel
614 704 662 744 ad
684 719 747 745 me
766 705 921 758 proprie
941 717 1023 745 non
1041 706 1306 757 pertinebant,
1339 705 1397 746 vel
1423 719 1512 747 ante
1530 707 1716 751 destinata
1738 726 1819 754 non

81 763 249 811 fuerant,
278 759 476 801 delassatus
492 759 574 812 jam
593 774 636 799 ac
657 773 756 813 pene
777 759 914 800 &aetus
934 758 985 799 ad
1005 760 1294 801 Adnotationes
1312 762 1480 815 perveni.
1535 763 1613 803 Pro
1635 770 1820 821 temporis

79 817 201 857 modo
223 830 370 869 proque
386 814 604 856 valetudine
628 814 794 868 praestiti
815 814 924 869 quod
945 815 1066 868 potui.
1122 815 1326 856 Nonnulla
1348 816 1516 869 prudens
1536 819 1652 860 eti'am
1673 835 1820 875 praete·

79 873 144 922 rii,
174 872 224 911 ad
255 871 373 911 multa
404 869 522 910 sciens
543 869 820 919 connivebam,
851 871 889 909 in
911 870 1047 923 quibus
1068 884 1159 909 mox
1182 872 1229 910 ab
1251 870 1436 912 Editione
1453 887 1476 912 a
1495 886 1557 913 me
1577 874 1661 928 ipso
1680 876 1819 921 dimen-

80 927 118 967 fi.
176 926 344 967 Proinde
363 922 417 967 ‘rin
437 921 590 975 δευτέραν
610 922 882 977 wagan-muigeo
901 923 1047 974 ἕκὲοσιν,
1079 925 1118 964 in
1140 939 1214 978 qua
1237 938 1274 966 te
1293 940 1528 981 magnopere
1549 942 1671 984 rogo,
1702 945 1743 974 ut
1753 949 1820 975 co-

78 994 233 1022 nantem
252 980 408 1034 adjutes.
448 983 484 1021 A
505 980 559 1020 tui
580 979 760 1020 similibus
779 981 893 1020 etiam
916 980 1108 1033 objurgari
1128 981 1246 1020 officii
1266 982 1355 1022 loco
1378 982 1527 1022 ducam.
1577 984 1677 1027 Illud
1698 1001 1816 1031 unum

77 1035 267 1089 Φυλείξεις,
297 1034 453 1079 &xx-rien
486 1033 645 1086 Βουὸαῗε,
673 1050 723 1076 ne
753 1035 794 1075 id
815 1034 982 1076 suboleat
1002 1035 1073 1077 τοῖς
1093 1035 1269 1086 πολλοῖς,
1297 1035 1351 1077 ἵνα
1369 1036 1417 1084 μὶ
1439 1035 1492 1076 Tol.
1509 1038 1637 1082 &Cala
1659 1041 1737 1083 οἷ’κοι
1754 1044 1818 1094 μὲ-

77 1109 145 1131 νωσι
175 1091 228 1141 Tc}
257 1090 452 1142 ἒντυττωτῇ.

135 1148 311 1189 Antonio
335 1147 474 1186 Riccio
497 1147 662 1188 Bafileae
688 1146 806 1198 1518.
842 1148 906 1187 26.
920 1147 1018 1201 Aug.
1049 1144 1126 1201 Ep.
1155 1146 1432 1190 CCCCXXI,
1465 1150 1599 1193 Editio
1610 1153 1733 1207 prima
1746 1157 1818 1197 mi-

78 1203 118 1242 hi
141 1216 218 1243 non
243 1217 310 1256 per
335 1202 466 1242 omnia
488 1202 677 1243 satisfecit.
1549 1237 1553 1241 .

130 1258 240 1297 Haec
267 1258 397 1298 omnia
428 1256 516 1298 licet
550 1272 630 1298 non
650 1258 842 1310 ignoraret
863 1255 1034 1307 Millius,
1067 1255 1194 1298 nescio
1217 1257 1421 1312 quomodo
1442 1259 1491 1300 ad
1515 1271 1664 1315 turpem
1686 1275 1814 1308 tamen

76 1313 421 1353 contradiffionem
449 1312 622 1366 delapsus
651 1312 729 1361 est,
757 1324 1007 1366 autoremque
1035 1313 1298 1354 Bibliothecae
1318 1314 1354 1354 S.
1389 1316 1474 1368 post
1493 1316 1531 1356 se
1551 1319 1684 1369 traxit,
1715 1322 1819 1362 affirss

75 1368 220 1407 mando
259 1398 284 1418 „
304 1367 499 1408 Erasmum
534 1368 583 1408 ad
620 1367 843 1412 Editionem
872 1368 965 1408 novi
995 1366 1160 1408 foederis
1190 1368 1227 1408 se
1257 1370 1456 1410 accinxisse
1486 1372 1585 1412 circa
1621 1374 1816 1418 Calendas

74 1451 100 1471 ‚,
129 1423 321 1464 Ostobres
344 1424 450 1463 Anni
471 1423 749 1464 MDXIIL—
778 1423 826 1462 ad
850 1422 964 1463 finem
986 1422 1212 1476 perdustum
1231 1424 1306 1464 esse
1325 1438 1425 1478 opus
1444 1427 1554 1465 intra
1573 1431 1817 1486 menfi’sfer-

75 1507 100 1528 „
131 1491 189 1516 me
216 1480 406 1532 quinque,
437 1479 532 1518 &in
561 1479 684 1518 lucem
714 1477 895 1530 prodiisse
936 1478 1074 1518 mense.
1101 1478 1310 1519 Februario
1338 1481 1442 1521 Ann.
1482 1482 1688 1527 MDXVI.
1718 1488 1816 1540 prol.

75 1559 101 1582 „
137 1547 178 1572 11
195 1536 286 1573 16'’.
319 1534 358 1573 Si
378 1533 482 1573 enim
505 1534 651 1583 numeri
670 1534 772 1573 reste
790 1531 909 1572 essent
931 1532 1044 1586 positi
1067 1563 1078 1582 ,
1120 1533 1335 1587 sequeretur
1355 1549 1435 1575 non
1455 1537 1626 1592 quinque
1646 1542 1814 1595 menses,

75 1587 139 1628 std
169 1588 364 1629 biennium
394 1591 434 1628 ὃ(
455 1589 627 1643 quinque
648 1588 794 1628 menses
816 1588 904 1628 huic
922 1588 1031 1641 operi
1056 1588 1252 1628 Erasmum
1272 1589 1467 1632 insudasse.
1526 1596 1621 1634 Non
1644 1598 1816 1638 animad-

74 1643 189 1683 vertit
207 1645 386 1684 nimirum
408 1644 576 1694 Millius,
606 1644 644 1684 in
667 1643 837 1697 Epistola
857 1644 1038 1696 Append.
1068 1644 1136 1683 111.
1164 1644 1214 1683 ad
1238 1646 1486 1685 Ammoninm
1506 1662 1621 1701 quam
1644 1653 1736 1692 citat
1758 1668 1815 1693 er-

76 1711 201 1738 rorem
220 1698 455 1753 typographi
483 1712 495 1737 1
512 1711 600 1750 513.
629 1711 702 1750 pro
724 1711 739 1736 1
753 1710 798 1748 51
812 1711 843 1746 5.
872 1697 1032 1738 edentis.
1093 1699 1249 1738 Mentio
1269 1701 1373 1740 enim
1393 1702 1444 1740 ibi
1463 1701 1507 1741 fit
1530 1706 1659 1756 praelii
1671 1708 1816 1749 Helve-

76 1753 216 1793 tiorum
247 1765 333 1793 cum
368 1753 490 1793 Gallis
511 1752 613 1806 apud
637 1753 910 1805 Marignanum
934 1752 971 1792 d.
1006 1765 1065 1803 13.
1097 1753 1288 1806 Septemb.
1325 1768 1398 1804 151
1413 1769 1442 1796 ς.
1471 1761 1675 1811 commisii,
1707 1777 1814 1803 men·

77 1808 133 1848 tio
155 1807 196 1848 fit
218 1808 408 1848 Editionis
430 1808 684 1862 Hieronymi,
714 1820 818 1847 anno
832 1806 991 1847 demum
1016 1821 1136 1857 1515.
1170 1813 1208 1847 &
1235 1812 1352 1857 1516.
1386 1824 1627 1863 procuratae,
1661 1821 1701 1856 ὃς
1723 1819 1814 1872 Epi-

77 1863 171 1903 stola
192 1863 280 1903 data
301 1864 355 1904 est
375 1863 562 1912 Basileae,
591 1877 670 1916 quo
693 1862 869 1902 Erasmus
888 1876 969 1902 non
989 1863 1058 1906 nifi
1080 1862 1167 1917 post
1187 1863 1356 1904 mediam
1376 1878 1523 1918 partem
1544 1870 1716 1912 exastam
1732 1875 1814 1914 An-

77 1919 117 1957 ni
143 1930 260 1968 ¹5¹4·
291 1919 454 1971 primum
475 1918 682 1971 appulerat.
1270 1942 1272 1945 .

131 1972 395 2014 Confirmatur
417 1972 493 2013 hoc
515 1973 596 2012 aliis
626 1972 805 2026 epistolis.
835 1971 989 2012 Beatus
1016 1972 1227 2012 Rhenanus
1258 1974 1416 2015 Erasmo
1455 1989 1516 2029 17·
1546 1979 1655 2033 April
1692 1995 1812 2035 1515.

74 2031 176 2082 App.
207 2028 320 2068 XXI.
352 2029 453 2068 Petit
484 2027 717 2077 Frobenius,
749 2027 805 2067 N.
835 2028 901 2068 abs
931 2039 968 2068 te
1000 2027 1064 2068 Te
1094 2028 1252 2079 habere,
1283 2044 1354 2084 pro
1376 2045 1456 2085 quo
1478 2044 1625 2075 tantum
1647 2036 1684 2078 se
1700 2037 1812 2081 datu-

74 2098 157 2124 rum
178 2083 399 2137 pollicetur,
428 2095 614 2137 quantum
636 2083 729 2123 alius
748 2083 960 2136 quisquam.

125 2138 234 2180 Idem
259 2151 322 2191 30.
353 2138 463 2192 April
491 2151 563 2188 151
579 2152 612 2189 5.
640 2141 745 2194 App.
773 2139 927 2178 XXIII.
958 2138 1172 2180 Frobenius
1187 2139 1243 2180 N.
1272 2140 1323 2181 T.
1354 2156 1375 2182 a
1398 2153 1435 2183 te
1455 2146 1560 2199 cupit
1583 2145 1731 2190 habere.

130 2192 190 2234 N,
221 2192 423 2234 Grebelius
453 2194 689 2248 Argentinae
721 2205 780 2232 11.
810 2193 914 2247 Sept.
947 2202 1066 2245 '1515-
1099 2196 1201 2248 App.
1232 2196 1388 2237 XXXI.
1422 2198 1589 2253 disputat
1607 2206 1654 2243 de
1674 2204 1730 2244 N.
1759 2205 1810 2247 T.

73 2249 248 2299 edendo,
276 2249 499 2302 judicatque
526 2249 664 2288 Latina
681 2247 831 2288 seorsim
855 2254 894 2287 ὅ(
918 2250 1067 2290 Graeca
1089 2250 1239 2290 seorsim
1268 2252 1418 2292 edenda
1451 2255 1548 2305 effe,
1584 2270 1664 2297 non
1684 2272 1725 2299 ut
1744 2275 1810 2301 co-

72 2305 201 2344 lumna
222 2304 420 2346 columnae
440 2304 689 2358 respondeat,
719 2303 867 2358 finique
887 2306 1103 2346 intermixta
1124 2307 1256 2346 omnia
1275 2307 1424 2348 Graeca
1445 2309 1612 2363 Latinis,
1626 2316 1665 2353 &
1689 2315 1810 2357 rursus

73 2359 208 2400 Latina
230 2360 398 2401 Graccis.
1489 2384 1491 2387 ·
1778 2402 1782 2404 t

127 2414 196 2467 Jo.
225 2414 391 2468 sapidus
421 2413 626 2455 Selestadio
662 2428 722 2456 ις.
752 2415 853 2467 Sept.
889 2428 1016 2464 1515.
1044 2417 1144 2472 App.
1175 2417 1355 2458 XXXII.
1393 2422 1656 2463 Commendat
1677 2425 1824 2466 Oeco-⁴>

73 2469 304 2522 lampadium
332 2470 513 2510 Bafileam
533 2471 693 2519 iturum,
722 2482 763 2510 ut
786 2470 980 2510 Erasmum
1003 2472 1160 2513 videret.

127 2525 257 2566 Tanta
277 2525 466 2565 festinatio
487 2525 553 2564 ista
575 2525 745 2578 plurimis
764 2526 950 2566 erroribus
970 2526 1131 2567 caussam
1151 2527 1333 2581 praebuit.
1395 2532 1454 2571 Ut
1471 2531 1550 2584 jam
1574 2533 1666 2574 nihil
1679 2535 1805 2577 dicam

73 2579 122 2620 de
151 2579 360 2636 insignibus
387 2580 649 2620 omissionibus
678 2584 716 2619 &
747 2581 897 2620 mendis
920 2582 1231 2636 typographicis,
1260 2595 1302 2623 ut
1323 2586 1481 2638 quando
1504 2591 1626 2641 ApOC.
1659 2591 1706 2630 11.
1745 2605 1808 2634 10d

72 2634 207 2689 legitur
237 2634 418 2687 παραθῆτε
448 2650 519 2688 pro
547 2634 752 2686 πειραθῆτε,
782 2638 821 2674 ὃ(
852 2635 917 2684 733⁵
948 2650 1019 2689 pro
1045 2635 1134 2689 ζωῑς
1163 2641 1234 2678 &c.
1268 2640 1399 2692 (quod
1422 2642 1653 2694 postremum
1677 2657 1805 2687 tamen

72 2703 234 2731 erratum
256 2691 294 2730 in
316 2690 417 2731 calce
438 2691 519 2730 libri
539 2688 799 2742 emendatur)
835 2692 970 2743 quibus
999 2693 1128 2732 Millio
1149 2694 1242 2733 teste
1263 2694 1356 2747 prol.
1382 2708 1395 2734 1
1411 2709 1499 2736 121.
1528 2697 1642 2739 scatet
1662 2701 1805 2742 Erasini

73 2745 193 2786 editio
220 2747 339 2799 prima
351 2768 363 2794 3
394 2747 483 2785 hinc
505 2746 645 2787 faetum
667 2746 741 2794 est,
771 2759 814 2786 ut
836 2746 1054 2800 frequenter
1074 2748 1207 2788 Versio
1229 2749 1365 2789 Latina
1386 2765 1407 2790 a
1426 2751 1554 2792 Textu
1577 2754 1751 2806 Graeco,
1765 2761 1806 2796 δε

74 2802 342 2842 annotationes
359 2802 406 2841 ab
438 2802 607 2855 utrisque
639 2800 899 2852 dissentirent,
931 2802 1037 2854 cujus
1055 2803 1202 2855 generis
1223 2804 1444 2848 octodecim
1463 2809 1634 2861 exempla
1648 2811 1805 2851 Erasmo

75 2854 206 2908 objicit
227 2856 454 2896 Edovardus
483 2857 608 2906 Leus,
633 2857 710 2906 „in
740 2856 876 2910 quibus
909 2857 1001 2897 citat
1030 2859 1178 2898 Graece
1209 2859 1258 2898 fic
1277 2859 1373 2909 ess'e,
1403 2875 1491 2901 cum
1512 2862 1562 2901 fic
1582 2878 1662 2905 non
1696 2865 1740 2906 fit
1763 2867 1803 2906 in

74 2939 98 2958 ,‚
130 2912 331 2963 exemplari
352 2911 438 2951 suo:
469 2916 506 2951 &
527 2913 619 2952 citat
637 2910 686 2952 fic
705 2925 784 2951 non
806 2911 880 2951 effe
896 2913 1065 2963 Graece,
1096 2928 1182 2954 cum
1203 2914 1252 2954 fic
1271 2915 1315 2954 sit
1335 2915 1373 2954 in
1394 2917 1599 2968 exemplari
1618 2919 1683 2959 suo
1696 2923 1727 2961 '’.

133 2964 263 3018 Qam
294 2966 510 3006 festinanter
541 2968 671 3006 omnia
699 2965 849 3020 gesserit
870 2967 1064 3016 Erasmus,
1093 2969 1267 3021 inprimis
1289 2981 1393 3023 patet
1411 2985 1458 3010 ex
1477 2972 1802 3027 Theophylaetm

76 3033 192 3072 quern
222 3020 270 3058 ad
301 3034 432 3061 manus
461 3022 600 3062 habuit.
654 3021 722 3062 Ille
750 3035 836 3061 curn
857 3022 894 3061 in
915 3021 1041 3062 fronte
1061 3023 1163 3064 hunc
1183 3024 1332 3064 titulum
1354 3039 1477 3077 gerat:
1507 3027 1569 3065 τοῦ
1589 3027 1805 3076 θεοφιλῶς-εί-

76 3090 137 3112 του
173 3073 450 3125 ἀρχιεττισκέπου
489 3074 706 3127 Βουλγαρῖοις
734 3074 841 3126 κυρίου
874 3075 1131 3125 Θεοφυλσίκτου
1161 3076 1316 3132 {giorno-13
1342 3079 1386 3121 εἷς
1415 3078 1457 3119 τὸ
1487 3079 1594 3121 κατὰ
1624 3084 1803 3122 Ματθαῖον

77 3126 308 3176 ἘυωἋ”έλιον;
340 3130 510 3171 Erasmus
542 3145 680 3171 vocem
703 3128 959 3178 Θεοφυλοίκτου
981 3147 1052 3185 pro
1066 3134 1242 3186 epitheto
1263 3135 1416 3182 habuit,
1447 3150 1518 3189 pro
1539 3137 1695 3189 regione
1715 3138 1806 3177 Bul-

75 3184 201 3237 gariae
222 3196 372 3232 autem,
402 3188 439 3225 ὃ(
461 3186 501 3226 in
520 3186 756 3240 praefatione
776 3187 1150 3294 Graecaclgatthaeo
1171 3189 1359 3242 praefixa,
1394 3204 1428 3231 2.
1464 3203 1499 3242 3.
1529 3194 1620 3242 4.&
1648 3204 1681 3242 5.
1714 3191 1805 3231 Edi-

1004 3257 1023 3282 2
1689 3256 1806 3289 tionis
