1976 3519
433 241 1422 288 PROLEGOMENA.
1734 260 1815 299 199

85 331 181 374 dixit
194 359 205 378 ,
235 345 296 372 me
314 341 461 372 novum
484 342 504 371 a
525 329 677 370 nemine
697 328 823 369 adhuc
845 328 1037 383 prolatum
1058 341 1130 382 pro
1150 330 1365 372 Divinitate
1384 333 1532 373 Christi
1547 346 1813 397 argumentum

83 388 356 442 produsturum
387 401 432 427 ex
460 385 598 426 eodem
624 383 780 430 codice,
809 387 848 423 δε
869 384 934 437 Jo.
961 384 1076 424 XIX.
1106 396 1172 434 40.
1201 385 1407 436 leffiuum,
1437 387 1557 428 ’έλαξον
1577 389 1625 429 οὖν
1643 386 1685 429 τὸ
1706 388 1812 438 σῶμα.

87 450 191 482 ΤΟΥ
228 449 393 492 ΘΕΟΥ,
423 436 483 480 καὶ
515 438 632 484 ’ἔδησαν
663 436 750 478 αὐτὸ
782 436 809 478 ἐν
839 437 954 480 ὀθονίοις
986 439 1085 486 μετσὶ
1104 438 1172 479 τᾶν
1189 439 1405 492 ἀρωμάτων,
1435 442 1560 486 καθὼς
1580 443 1642 487 ’έΘος
1661 441 1720 490 «ἒς-ἶ
1742 445 1812 488 τοῖς

83 496 239 540 Ἰουδαίος
271 494 500 549 ἐνταφιάζειν;
538 497 576 535 Α
595 495 670 535 loci
700 494 855 534 celebris
886 508 918 536 1.
941 494 1042 536 Tim.
1071 494 1141 534 ΙΙΙ.
1174 501 1235 536 16.
1274 495 1438 538 leffione
1470 511 1621 553 recepta
1651 501 1813 542 discedit

85 565 167 594 tota
196 553 361 594 Ecclesia
390 551 527 592 Latina
544 580 555 599 ,
585 564 684 603 quae
707 561 856 590 tantum
873 550 974 590 abest
993 561 1034 590 ut
1054 550 1371 592 Socinianismum
1390 553 1580 605 redoleat,
1611 567 1653 595 ut
1682 558 1812 610 potius

86 613 126 649 &
158 609 383 649 Socinianos
400 607 515 645 libros
535 608 575 644 δε
598 618 748 646 autores
767 605 948 645 librorum
970 605 1188 646 comburat:
1218 620 1336 660 porro
1352 606 1392 647 in
1415 608 1600 663 plerisqus
1620 609 1698 651 istis
1718 612 1812 653 locis

83 679 105 704 a
140 663 320 704 Lettione
351 672 500 713 recepta
527 660 643 700 etiam
669 660 747 700 abit
778 660 833 701 H.
865 660 1047 710 Grotius,
1076 674 1147 701 nec
1166 672 1295 702 tamen
1312 660 1385 702 Vir
1405 664 1469 703 Cl.
1497 665 1578 717 ejus
1599 678 1717 718 opera
1738 667 1810 707 So-

83 719 347 760 cinianismum
377 715 547 756 redolere
576 715 754 755 clamavit
771 748 781 765 ,
819 730 891 755 nec
921 729 963 756 ut
993 715 1056 755 illa
1075 716 1395 769 supprimerentur
1413 720 1524 759 enixe
1553 721 1685 773 petiit,
1716 722 1812 775 quin

82 774 211 828 potius
239 783 279 813 ut
309 771 475 812 Bafileae
504 784 605 810 nova
635 770 785 811 illorum
810 771 932 811 editio
967 785 988 811 a
1013 771 1207 812 Facultate
1233 773 1477 827 Theologica
1507 777 1809 828 permitteretur,

82 841 124 869 ut
151 843 172 868 a
198 826 475 881 Tvgopraphis
503 825 741 866 Thurneifiis
766 837 955 866 curaretur
975 856 987 876 ,
1025 830 1063 866 ὅ(
1100 838 1143 866 ut
1176 829 1303 880 operis
1320 830 1610 883 typographicis
1630 831 1811 884 praeesset

81 881 155 926 Vir
196 872 256 923 Cl‘.
287 882 351 935 Jo.
392 882 594 936 Grynaeus
614 912 625 931 ,
664 880 727 921 sua
752 882 953 934 praecipue
982 882 1184 922 autoritate
1209 883 1338 924 effecit
1357 915 1369 934 ,
1408 885 1527 938 idque
1554 886 1694 926 eodem
1726 887 1810 940 ipso

79 948 253 992 tempore
271 968 282 987 ‚
323 952 403 991 quo
432 936 528 976 mihi
558 935 689 977 fistum
721 935 821 976 istud
854 937 997 976 crimen
1028 937 1242 990 imputavit.
1295 939 1386 978 Post
1406 940 1500 980 haec
1519 940 1685 995 sequitur
1703 956 1812 996 argu-

78 1005 250 1034 mentum
275 991 383 1046 supra
414 1006 451 1045 p.
492 1003 554 1031 20.
590 990 801 1045 expolitum
818 1020 830 1041 ‚
869 1005 948 1045 quo
978 990 1016 1032 se
1045 992 1220 1046 inprimis
1249 993 1428 1046 jacstavit,
1458 998 1498 1034 &
1527 1007 1608 1037 tum
1630 998 1811 1051 ignoran-

81 1049 173 1090 tiam
203 1062 326 1088 meam
355 1060 436 1088 tum
465 1047 760 1100 propensionem
787 1045 837 1085 ad
867 1047 1183 1088 Socinianismum
1202 1048 1344 1089 invifte
1363 1049 1635 1092 demonstrasse
1661 1055 1815 1106 putavit

82 1103 155 1144 Vir
175 1103 237 1143 Cl.
267 1106 487 1156 Antequam
510 1115 556 1141 ex
572 1102 648 1141 hoc
668 1102 756 1141 loco
778 1100 995 1152 discedam,
1026 1103 1181 1143 afferam
1178 1103 1391 1196 [iudicium
1413 1105 1590 1160 Remigii·
1620 1111 1659 1146 &
1681 1109 1812 1150 Eccle-

85 1159 159 1199 siae
189 1157 452 1212 Lugdunensis
473 1182 484 1203 ,
520 1156 668 1210 judicio
701 1157 751 1198 V.
781 1156 844 1196 Cl.
876 1157 1128 1211 oppositum:
1222 1172 1380 1211 egamus
1412 1173 1499 1213 ergo
1523 1161 1687 1215 pacifice
1708 1195 1720 1214 ,
1762 1163 1811 1209 ὀύ

83 1222 273 1268 quantum
302 1213 505 1252 Dominus
530 1211 649 1251 donat
682 1211 854 1266 legamus
883 1212 1093 1266 ‘Dogmata
1122 1212 1474 1263 Ecclestasticorum
1500 1219 1703 1269 virorum,
1743 1233 1810 1259 nec

72 1280 147 1322 pro
178 1267 270 1308 aliis
303 1261 548 1307 verioribus
569 1267 759 1320 adverfiis
776 1266 877 1306 alios
894 1267 1116 1321 litigemus,
1146 1270 1239 1321 quia
1260 1267 1307 1313 ὠν
1329 1269 1402 1323 ipfi
1415 1272 1576 1324 interse
1592 1274 1751 1326 pacifici
1770 1290 1812 1314 u-

79 1325 316 1378 nusquisque
335 1325 377 1362 in
389 1323 463 1375 suo
481 1324 593 1375 fiensu
612 1321 913 1362 abundaverunt
928 1342 942 1368 ‚-
974 1322 1078 1362 alius
1096 1323 1248 1378 quidem
1267 1323 1339 1373 fic,
1369 1324 1473 1364 alius
1485 1339 1578 1365 vero
1588 1328 1810 1383 stc3exspe-

78 1379 230 1418 {rantes
239 1376 414 1430 fideliter
435 1376 483 1422 ὄπ’
503 1377 730 1427 humiliter,
759 1376 864 1433 quod
881 1377 1088 1432 Apostolus
1100 1377 1277 1432 promistt
1297 1379 1453 1420 dicens:
1484 1382 1548 1422 Et
1563 1382 1608 1434 fi
1623 1384 1723 1438 quid
1738 1384 1812 1424 ali·

79 1442 141 1480 ter
161 1434 335 1487 sapitis,
364 1432 435 1472 hoc
466 1445 614 1488 quoque
647 1432 768 1472 Deus
798 1430 911 1472 vobis
948 1433 1151 1476 revelabit.
1206 1432 1319 1473 Nam
1343 1438 1506 1490 quinon
1525 1439 1811 1493 tranquille&

71 1488 236 1543 pacifice
263 1487 504 1537 moderatur,
544 1486 648 1542 qnod
666 1488 820 1541 fintit,
841 1487 1069 1540 sedstatim
1081 1497 1254 1542 paratus
1275 1488 1326 1541 est
1346 1490 1402 1530 ad
1418 1495 1705 1545 contentiones,
1733 1495 1811 1536 dis-

75 1543 258 1597 senstones
288 1542 335 1588 <VJ
353 1542 538 1595 scandala
550 1574 563 1594 ,
592 1542 747 1593 etiamst
760 1555 835 1583 non
854 1542 997 1583 habeat
1019 1543 1256 1585 haereticum
1264 1545 1425 1599 finsum
1440 1576 1453 1597 ,
1478 1547 1678 1599 certtffime
1695 1550 1812 1591 habet

79 1598 315 1639 haereticum
335 1601 516 1640 animum.

136 1655 240 1694 Cum
265 1655 380 1706 paulo
398 1654 483 1707 post
503 1653 869 1707 Prolegomenorum
889 1666 1062 1695 meorum
1081 1654 1310 1709 exemplaria
1331 1656 1435 1698 edita
1453 1657 1607 1701 fuissent
1627 1661 1811 1702 Bafileam

79 1709 449 1762 allata,Theologus
468 1720 596 1754 tamen
614 1709 934 1750 extraordinarius
954 1724 1042 1750 cum
1062 1710 1250 1763 figmento
1269 1710 1336 1751 suo
1346 1725 1536 1766 pugnare,
1548 1725 1594 1754 ex
1606 1716 1698 1756 XII.
1709 1718 1812 1771 prio-

83 1765 184 1804 ribus
215 1764 404 1804 Matthaei
422 1763 608 1817 capitibus
628 1763 678 1804 de
696 1774 782 1803 toto
801 1777 919 1817 opere
938 1764 1197 1817 conjeeturam
1217 1764 1360 1816 facere,
1372 1770 1412 1806 ὃς
1433 1767 1705 1822 suspicionibus
1728 1786 1813 1826 pra-

84 1820 142 1860 vis
163 1819 381 1873 indulgere,
412 1825 526 1873 quam
548 1829 703 1859 manum
723 1819 898 1861 cominus
926 1819 1121 1860 conserere
1140 1822 1180 1859 ὃς
1197 1831 1327 1874 aperte
1345 1833 1457 1877 agere
1469 1824 1610 1867 maluit.
1641 1826 1703 1867 Ut
1717 1841 1811 1882 ergo

83 1876 254 1914 animum
274 1875 475 1923 relaxaret,
488 1877 526 1912 Sc
545 1874 584 1913 in
596 1888 645 1914 -rc
665 1873 756 1914 seria
767 1873 1217 1925 faceteluderet,novam
1227 1875 1503 1918 accusationem
1515 1880 1618 1932 apud
1632 1881 1814 1923 Senatum

82 1930 241 1970 instituit
260 1932 326 1969 A0.
360 1941 480 1982 1730·
508 1928 637 1969 mense
655 1927 816 1969 Martio,
842 1929 1047 1979 „Multas,
1069 1929 1195 1983 inquit
1213 1931 1313 1971 Aa.
1328 1944 1366 1984 p.
1387 1943 1455 1980 49.
1467 1935 1599 1983 ‚affert
1610 1936 1813 1979 Lestiones

81 2012 110 2035 2,
139 1999 280 2034 novas,
299 1998 424 2037 neque
442 1996 569 2024 tamen
587 1982 884 2023 existimandum
899 1984 977 2030 est,
1007 1995 1132 2025 totum
1143 1985 1199 2025 N.
1227 1983 1278 2025 T.
1309 1998 1376 2039 per
1387 1986 1467 2028 illas
1479 1991 1625 2030 mutari.
1639 1991 1814 2046 Duplicis

78 2069 106 2091 ,‚
137 2039 220 2080 sunt
240 2042 387 2094 generis
410 2039 628 2088 varietates,
659 2038 751 2079 aliae
771 2039 930 2085 nullius,
959 2039 1053 2080 aliae
1072 2039 1187 2093 paulo
1206 2039 1362 2095 majoris
1373 2045 1571 2085 momenti.
1599 2044 1814 2090 Varietates

84 2126 110 2145 ‚‚
138 2092 274 2148 prioris
292 2094 438 2150 generis
458 2094 693 2134 constituunt
713 2105 859 2147 partem
880 2095 995 2149 longe
1006 2096 1231 2146 maximam,
1260 2097 1311 2136 ita
1322 2108 1363 2137 ut
1373 2097 1467 2138 nihil
1480 2098 1557 2140 fere
1566 2100 1668 2142 aliud
1680 2117 1814 2144 occur-

82 2180 111 2201 „
137 2163 214 2197 rat,
246 2153 285 2189 ὃ(
314 2165 358 2190 ex
379 2150 656 2203 quinquaginta
675 2149 918 2190 varietatibus
939 2151 1141 2191 minimum
1162 2151 1416 2205 quadraginta
1438 2167 1579 2196 novem
1601 2156 1674 2197 fint
1697 2157 1810 2212 hujus

81 2235 109 2256 „
135 2206 293 2258 generis
348 2205 451 2245 Cum
481 2205 665 2254 dicimus,
693 2205 830 2245 nullius
860 2205 934 2246 effe
966 2206 1178 2256 momenti,
1208 2206 1454 2262 intelligimus
1484 2210 1529 2249 iis
1560 2224 1640 2251 non
1663 2223 1812 2255 tantum

80 2291 108 2311 „
137 2261 230 2299 nihil
249 2262 288 2299 in
312 2260 515 2314 religione,
548 2260 612 2300 sed
629 2260 743 2300 etiam
763 2260 858 2300 nihil
880 2261 918 2300 in
941 2260 1046 2301 sensu
1066 2262 1269 2302 verborum
1290 2265 1426 2303 mutari
1439 2294 1451 2314 ,
1481 2265 1561 2305 imo
1582 2281 1653 2307 nec
1671 2268 1710 2308 in
1723 2269 1815 2310 Lin-

82 2345 110 2366 „
139 2330 211 2368 gua
232 2316 378 2355 Graeca
399 2315 604 2370 quicquam
624 2314 842 2365 emendari,
871 2316 1094 2371 plerumque
1114 2316 1199 2357 sunt
1219 2328 1345 2358 merae
1357 2319 1539 2360 minutiae
1550 2325 1813 2375 grammatica-

82 2399 109 2421 ,‚
138 2371 212 2419 les,
243 2383 320 2410 tam
351 2372 476 2426 exigui
505 2371 714 2416 momenti,
744 2383 786 2412 ut
805 2371 1025 2411 Studiosum
1046 2372 1150 2412 sensu
1172 2376 1368 2413 communi
1390 2374 1605 2427 praeditum
1627 2378 1811 2430 puderet,

77 2451 113 2475 ³,
143 2425 223 2465 illas
251 2425 469 2476 observare,
499 2427 580 2466 imo
605 2426 876 2466 contumeliam
896 2426 963 2466 fibi
985 2426 1066 2467 fieri
1083 2427 1295 2480 judicaret,
1324 2428 1351 2468 fi
1372 2430 1456 2470 talis
1474 2431 1580 2471 labor
1601 2433 1656 2472 illi
1677 2448 1813 2488 exproe

81 2508 110 2531 9,
140 2481 325 2530 braretur,
358 2495 393 2522 v.
424 2496 476 2535 gr.
505 2480 710 2536 legendum
730 2481 805 2521 effe
820 2480 1044 2532 Solomona,
1073 2496 1152 2522 non
1174 2482 1415 2532 Solomonta3
1445 2485 1606 2538 Maria,
1628 2502 1708 2529 non
1719 2490 1814 2531 Ma-

86 2565 114 2586 „
141 2537 240 2574 riam
263 2556 276 2581 ,-
317 2535 493 2586 David,
529 2550 609 2575 non
645 2535 819 2581 Daoid,·
853 2532 949 2587 ἒφὶν,
978 2550 1057 2577 non
1089 2534 1168 2583 25-st
1202 2535 1448 2586 Nazareth,
1480 2555 1560 2581 non
1590 2542 1812 2591 Nazaret5

84 2619 113 2640 „
145 2590 235 2629 Rex
263 2591 466 2637 Hzrodes‚
497 2605 577 2631 non
603 2590 778 2630 Herodes
800 2590 894 2630 Rex
903 2611 917 2636 3
949 2592 1124 2646 Δίρφυν,
1154 2606 1234 2632 non
1254 2594 1408 2645 Alofhs,
1438 2599 1476 2635 &
1498 2597 1693 2639 sexcentae
1713 2600 1813 2654 ejus-

87 2675 115 2695 „
142 2646 248 2685 modi
270 2661 415 2698 nugae,
447 2661 543 2700 quae
564 2642 702 2700 magna
731 2660 875 2700 pompa
897 2648 936 2686 in
958 2647 1148 2688 theatrum
1169 2648 1451 2701 producuntur,
1480 2652 1601 2692 modo
1618 2667 1678 2705 50.
1691 2654 1813 2697 modo

87 2730 113 2749 „
145 2704 209 2740 60.
231 2702 442 2741 Codicibus
464 2701 757 2754 Manuscriptis,
785 2701 973 2743 Verfione
992 2702 1163 2756 Syriaca,
1194 2703 1384 2757 Coptica,
1413 2707 1813 2759 Arabica,autoritate

84 2779 114 2803 ³,
141 2756 343 2809 Origenis,
373 2757 628 2812 Hieronymi,
658 2757 814 2812 Cyrilli,
843 2757 1047 2811 Augustini
1074 2757 1342 2804 confirmatae,
1372 2773 1470 2812 quae
1500 2771 1634 2804 tamen
1656 2767 1814 2805 citatio-

88 2838 115 2858 „
142 2822 208 2847 nes
228 2811 450 2866 plerumque
479 2826 529 2851 ex
556 2810 721 2862 Mulio,
749 2811 931 2865 Whitbyo
963 2811 1217 2865 &similibus
1239 2813 1625 2871 Collec‘Joribusfimt
1638 2822 1814 2873 petitae,

89 2893 116 2912 „
144 2863 206 2902 ubi
237 2876 391 2905 autores
419 2866 482 2919 isti
515 2878 649 2920 operae
674 2869 844 2920 pretium
859 2867 1123 2921 judicarunt,
1153 2877 1199 2908 ut
1215 2869 1355 2909 talium
1379 2872 1634 2914 minutiarum
1654 2878 1816 2916 mentio-

89 2945 116 2967 „
146 2931 230 2956 nem
250 2922 452 2972 facerent,
483 2933 665 2976 tanquam
696 2922 724 2962 st
746 2935 827 2962 non
847 2923 898 2962 de
914 2923 1044 2976 inepta
1065 2927 1101 2962 ὅ(
1128 2923 1261 2964 insulsa
1282 2924 1582 2981 orthographia,
1612 2944 1742 2970 verum
1764 2931 1814 2973 de

86 2999 114 3022 ,,
147 2973 263 3012 totius
292 2977 482 3029 religionis
513 2977 771 3017 fundamentis
802 2989 983 3031 ageretur.
1042 2978 1164 3019 Miser*
1190 2979 1258 3018 iste
1287 2980 1386 3020 lusus
1415 2982 1455 3021 in
1483 2983 1637 3025 literulis
1656 2985 1815 3026 Graecis

87 3057 115 3078 „
147 3027 377 3070 Germanice
393 3045 470 3071 mon
490 3033 586 3072 bene
606 3030 730 3085 potest
748 3033 930 3086 exprimi,
960 3032 986 3072 fi
1007 3034 1093 3086 quis
1114 3045 1244 3074 tamen
1264 3045 1297 3075 e.
1326 3049 1382 3089 gr.
1413 3037 1452 3076 in
1476 3039 1641 3092 primum
1662 3054 1814 3080 comma

86 3111 112 3132 ,‚
145 3082 354 3123 Bibliorum
383 3086 700 3126 Germanicorum
731 3087 825 3127 haec
854 3098 1075 3128 annotaret:
1111 3093 1185 3131 δίε.
1214 3093 1287 3130 δερ.
1317 3091 1357 3130 Si
1379 3093 1486 3144 quis,
1508 3094 1815 3148 inquam,scrip=·

86 3166 112 3186 „
144 3148 265 3176 torem
298 3138 436 3178 sacrum
467 3141 696 3180 Germanice
719 3156 804 3182 cum
828 3142 962 3182 talibus
983 3143 1126 3184 Gloffis
1146 3143 1298 3193 ederet,
1328 3154 1459 3186 annon
1481 3148 1610 3188 nobile
1632 3149 1815 3189 Christia—

88 3217 113 3241 ‚,
145 3206 214 3233 nac
237 3192 411 3247 religioni
429 3194 518 3234 esset
540 3196 779 3248 praestiturus
799 3197 999 3248 officium,
1027 3211 1100 3251 pro
1121 3199 1253 3239 labore
1272 3199 1448 3253 singulari
1468 3215 1604 3242 omnes
1621 3202 1732 3243 v‘alde
1751 3203 1818 3244 fibi

1695 3287 1721 3308 „
1751 3259 1817 3300 de-
