1976 3519
143 242 220 283 142
533 219 1542 280 PROLEGOMENA.

142 318 250 358 vitio
267 314 354 355 dari
370 311 502 368 possit,
531 310 638 366 quod
658 309 742 351 usus
756 310 810 350 est
830 309 957 363 potius
980 308 1212 357 Codicibus‚
1241 320 1340 361 quos
1358 306 1541 356 habebat,
1569 308 1720 361 paucis,
1748 321 1863 362 quam

142 370 356 414 Codicibus
378 367 525 416 multis,
554 381 652 421 quos
672 379 743 405 nec
761 364 913 414 habuit,
943 378 1013 404 nec
1034 363 1172 403 habere
1191 362 1338 416 potuit,
1367 375 1448 401 non
1466 361 1590 402 video.

199 426 255 466 Ea
284 434 410 465 autem
431 423 503 463 fuit
525 421 702 462 Colinaei
723 418 929 469 modestia,
959 431 1000 459 ut
1020 419 1146 458 locum
1171 431 1204 457 1.
1219 416 1284 470 Jo.
1311 417 1361 458 V.
1393 429 1427 468 7.
1460 418 1516 466 8.‚
1547 417 1594 456 ab
1613 417 1770 457 Erasmo
1791 418 1864 463 iam

141 484 180 522 in
211 480 356 521 duabus
379 476 624 520 Editionibus
645 486 860 528 receptum,
890 474 1019 516 invitis
1039 473 1253 514 Codicibus
1269 471 1413 513 Textui
1434 471 1502 513 suo
1523 471 1682 514 inserere
1704 466 1868 513 nonau-

141 537 259 577 deret.

641 643 719 684 Dr:
750 641 1045 682 ED1'rIoNE
1086 639 1375 680 BooARDI.

254 757 372 799 Itulus
402 754 491 796 huic
519 753 681 794 editioni
711 750 897 804 praefixus
918 751 970 791 ita
988 750 1102 791 habet
1132 747 1333 799 „Novum
1353 747 1642 789 Testamentum
1665 749 1872 789 Graece&

282 843 309 864 ‚,
337 812 494 859 Latine,
520 810 627 863 juxta
647 820 838 856 veterum,
868 820 955 846 cum
978 806 1214 845 Graecorum
1235 816 1315 844 tum
1346 804 1594 854 Latinorum,
1621 803 1875 844 emendatisfi-

145 901 170 921 „
202 883 263 909 ma
292 866 539 920 exemplaria,
569 860 838 903 accuratissima
864 875 952 901 cura
981 864 1020 900 &
1044 860 1242 914 diligentia
1263 859 1313 899 D.
1342 858 1485 898 Erasmi
1505 858 1694 899 Roterod.
1711 860 1791 911 jam
1807 858 1873 898 de-

143 956 169 976 „
201 939 279 964 nuo
310 926 348 962 &
382 920 584 968 collatum,
616 921 655 956 &
686 915 875 970 postrema
896 929 1010 955 manu
1031 915 1265 969 castigatum.
1326 913 1570 954 Accesserunt
1591 914 1630 953 in
1654 913 1731 954 fine
1747 914 1876 966 operis

145 1012 172 1033 „
201 980 407 1019 leffionum
428 974 625 1013 varietates
643 985 689 1011 ex
710 971 866 1011 diversis
883 970 1156 1024 exemplaribus
1171 1000 1182 1016 ,
1211 968 1369 1023 (quibus
1386 968 1440 1009 usi
1462 967 1599 1008 fuimus
1609 969 1646 1008 in
1657 968 1729 1008 hac
1739 968 1876 1008 editio-

144 1063 169 1087 „
199 1034 269 1085 ne)
289 1028 465 1072 vetustiss
491 1027 683 1068 colledtae.
711 1026 859 1066 Parisiis
876 1026 1058 1067 Veneunt
1077 1024 1181 1077 apud
1204 1023 1392 1075 Jacobum
1410 1021 1631 1078 Bogardum
1652 1023 1717 1063 sub
1739 1022 1876 1076 insigni

143 1118 169 1141 ,‚
198 1088 280 1128 divi
301 1083 595 1136 Christophori‚
624 1096 646 1122 e
668 1081 823 1134 regione
856 1079 1057 1134 Gymnasii
1087 1077 1383 1120 Cameracensis.
1417 1080 1567 1132 1543.’'
1625 1078 1670 1118 In
1691 1077 1767 1118 fine
1783 1078 1877 1118 haec

144 1144 356 1185 adduntur:
385 1171 411 1190 ‚‚
441 1139 643 1182 Variarum
664 1137 894 1177 Leffionum
916 1146 996 1176 tum
1014 1134 1229 1175 difflonum
1241 1146 1322 1174 tum
1333 1132 1600 1175 sententiarum
1609 1132 1876 1174 annotationes

146 1231 172 1250 „
201 1213 246 1240 ex
258 1196 492 1238 diversorum
515 1191 785 1246 exemplarium
797 1191 884 1230 alibi
896 1189 1114 1230 excusorum
1123 1200 1237 1243 atque
1247 1188 1345 1228 adeo
1356 1187 1695 1242 manuscriptorum
1707 1188 1878 1227 collatio-

142 1283 171 1303 „
200 1269 248 1295 ne
267 1249 523 1306 deprehensae
534 1251 555 1265 '³
579 1247 727 1302 paginis
747 1245 900 1300 septem.
930 1244 1153 1285 Postremo:
1183 1274 1207 1294 ,‚
1224 1242 1372 1284 Parisiis
1390 1242 1600 1284 excudebat
1611 1241 1751 1282 Carola
1766 1242 1878 1282 Guil-

143 1342 168 1361 ‚‚
200 1308 310 1358 lard,
339 1307 400 1347 via
428 1304 478 1345 ad
507 1303 640 1343 divum
663 1302 854 1356 Jacobum
873 1331 885 1350 ‚
928 1300 994 1340 sub
1014 1298 1090 1340 sole
1110 1313 1224 1340 aureo
1236 1301 1267 1340 ’'.
1324 1298 1475 1351 Quibus
1490 1298 1614 1338 verbis
1631 1298 1777 1337 libraria
1795 1298 1878 1351 qui-

144 1366 235 1407 dem
267 1363 421 1403 taberna
449 1363 487 1398 &
507 1357 788 1413 Typographia
819 1355 1056 1405 indicantur,
1086 1367 1230 1394 nomen
1242 1367 1335 1394 vero
1351 1352 1561 1404 viridoffi‚
1589 1352 1876 1407 quieditionem

143 1419 311 1469 curavit,
339 1428 504 1464 tacetur,
535 1427 659 1467 neque
685 1410 788 1452 aliud
807 1411 901 1465 quid
924 1410 1099 1463 promitti
1117 1408 1268 1450 videtur
1286 1421 1401 1462 quam
1418 1407 1539 1449 editio
1560 1409 1750 1462 postrema
1770 1408 1881 1448 Eras-

143 1477 199 1516 mi
220 1473 388 1528 repetita.
447 1470 600 1510 Revera
620 1479 748 1508 tamen
768 1467 809 1506 in
831 1467 902 1506 hac
921 1465 1093 1510 editione
1111 1464 1158 1504 ab
1179 1463 1324 1505 Erasmi
1345 1463 1479 1517 quinta
1498 1464 1538 1503 in
1557 1463 1634 1503 sola
1653 1462 1879 1518 Apocalyp-

145 1531 172 1575 sl
205 1530 352 1570 circiter
383 1525 547 1573 centies,
577 1524 616 1563 in
655 1521 806 1576 reliquis
831 1535 923 1561 vero
944 1519 1046 1560 libris
1066 1519 1151 1574 plus
1171 1518 1314 1560 centies
1332 1517 1529 1559 discessum
1551 1518 1629 1567 est3
1657 1518 1880 1572 plerumque

143 1585 345 1627 autoritate
374 1580 557 1622 editionis
586 1577 784 1627 Colinaei,
813 1574 1022 1630 aliquando
1049 1574 1165 1614 etiam
1190 1575 1364 1628 priorum
1383 1573 1734 1625 Erusmimarum,
1763 1574 1880 1613 rarius

143 1636 432 1696 Complutenffs.
487 1634 668 1686 Denique
696 1646 743 1673 ex
772 1632 884 1671 variis
903 1629 1129 1671 lectionibus
1149 1629 1318 1678 constat,
1346 1627 1535 1669 editorem
1555 1628 1747 1677 nostrum,
1776 1629 1880 1681 quis-

144 1697 230 1750 quis
258 1695 319 1734 ille
343 1692 477 1739 fuerit,
498 1689 603 1729 usum
622 1691 736 1728 etiam
758 1685 864 1726 fuisse
884 1686 969 1737 post
989 1684 1220 1725 Colinaeum
1241 1681 1415 1733 Codice,
1445 1684 1512 1737 qui
1533 1683 1726 1736 Stephano
1747 1682 1880 1734 postea

143 1751 268 1791 distus
295 1747 349 1788 est
383 1745 422 1786 ιὸἱ
453 1743 546 1785 Vid.
575 1741 625 1782 ad
657 1739 814 1780 Matth.
843 1739 934 1781 Vll.
967 1751 1032 1786 25.
1061 1738 1115 1780 X.
1149 1751 1209 1778 11.
1238 1736 1348 1777 XIII.
1378 1749 1444 1789 43.
1474 1737 1568 1778 XX.
1604 1751 1669 1778 22.
1699 1737 1876 1778 XXVII.

144 1819 211 1857 42.
241 1803 363 1845 Mare.
394 1798 489 1842 XV.
524 1811 583 1837 11.
606 1796 669 1850 J0.
697 1794 769 1838 lV.
806 1806 866 1846 54..
907 1792 1114 1835 Caeterum
1146 1791 1355 1834 rationibus
1386 1793 1587 1846 praecipue
1606 1793 1877 1833 Grammaticis

143 1860 296 1902 videtur
324 1856 500 1897 inductus
529 1852 656 1902 fuisse,
686 1862 729 1891 ut
749 1848 918 1891 Textum
939 1847 1084 1890 Erasini
1104 1848 1163 1890 vel
1186 1861 1233 1890 ex
1250 1847 1331 1888 aliis
1351 1847 1585 1889 editionibus
1606 1848 1664 1889 vel
1685 1861 1730 1888 ex
1750 1848 1881 1901 conje-

146 1918 251 1958 &ura
272 1914 334 1955 sua
352 1913 442 1953 hinc
464 1907 556 1950 inde
574 1908 801 1948 immutaret.

405 2022 484 2063 Dr:
525 2019 830 2071 QuAruoR
869 2015 1170 2063 Sternaru
1208 2015 1623 2056 Enrnonmus.

149 2134 401 2215 RObertus
424 2130 643 2184 Stephanus
665 2128 721 2170 N.
749 2127 801 2169 T.
834 2128 982 2168 Graece
1000 2125 1146 2177 edidit,
1180 2129 1259 2166 16⁰.
1289 2128 1353 2168 ΛΟ.
1389 2129 1509 2177 1546.
1541 2137 1574 2176 7.
1605 2124 1661 2166 Id.
1683 2123 1886 2165 Novemb.

231 2223 257 2243 ,‚
287 2191 382 2239 Quo
403 2186 559 2242 quidem
580 2185 620 2225 in
639 2197 755 2238 opere
775 2181 1025 2230 excudendo,
1055 2182 1180 2235 inquit
1197 2180 1276 2234 ipse
1292 2183 1331 2221 in
1352 2179 1786 2230 Praefatione‚eandem
1808 2194 1884 2234 qua

148 2277 174 2301 ‚,
207 2250 249 2289 in
275 2244 431 2286 caeteris
459 2241 515 2283 uti
543 2240 705 2280 solemus
735 2237 974 2292 diligentiam
993 2267 1005 2287 ,
1045 2237 1231 2290 majorem
1259 2237 1372 2277 etiam
1405 2248 1448 2277 ut
1470 2250 1538 2290 par
1558 2246 1637 2276 erat
1660 2234 1884 2290 religionem

151 2335 177 2356 ‚,
207 2299 471 2358 praestitimus.
529 2293 732 2349 Siquidem
752 2292 922 2334 Codices
942 2291 1043 2332 nacti
1061 2291 1206 2346 aliquot
1227 2290 1306 2345 ipsa
1326 2291 1520 2333 vetustatis
1542 2290 1665 2344 specie
1681 2303 1780 2343 pene
1792 2289 1886 2330 ado-

151 2390 177 2411 „
205 2355 370 2405 randos,
398 2365 562 2408 quorum
593 2350 747 2404 copiam
780 2348 890 2390 nobis
925 2345 1165 2388 Bibliotheca
1186 2347 1312 2401 Regia
1333 2346 1443 2387 facile
1469 2344 1746 2399 suppeditavit,
1776 2359 1822 2384 ex
1842 2346 1890 2384 iis

152 2441 180 2466 „
207 2415 260 2454 ita
289 2411 391 2451 hunc
421 2406 590 2448 nostrum
621 2403 872 2445 recensuimus
893 2433 904 2454 ,
946 2414 988 2443 ut
1014 2401 1155 2442 nullam
1173 2402 1336 2442 omnino
1357 2402 1503 2442 literam
1521 2401 1624 2440 secus
1643 2399 1718 2441 esse
1740 2412 1886 2453 patere-

152 2500 178 2521 „
206 2481 314 2516 mur,
343 2476 458 2519 quam
479 2461 604 2517 plures
624 2461 726 2514 iique
749 2459 923 2499 meliores
941 2457 1026 2497 libri
1046 2467 1227 2510 tanquam
1249 2456 1360 2497 testes
1387 2456 1691 2510 comprobarent.
1746 2454 1885 2508 Adjuti

153 2551 181 2576 2,
210 2533 401 2577 praeterae
419 2516 544 2558 sumus
564 2530 651 2556 cum
672 2514 753 2555 aliis
773 2526 855 2555 tum
876 2511 1142 2566 Complutensi
1163 2511 1355 2553 Editione.

208 2578 325 2618 Hanc
346 2573 569 2615 Editionem
587 2568 760 2624 expressit
778 2570 893 2610 etiam
912 2566 1149 2608 Benedift‘us
1168 2566 1391 2606 ‘Prevotius
1399 2566 1614 2620 Bibliopola
1626 2566 1666 2606 in
1678 2565 1888 2618 vicoJaco-

155 2635 277 2682 baeo,
296 2644 364 2684 per
397 2628 568 2668 Petrum
590 2624 834 2665 Haultinum
865 2621 1149 2677 typographum
1177 2623 1217 2661 in
1238 2624 1324 2662 vico
1346 2621 1623 2666 Frementello,
1654 2620 1703 2660 ad
1724 2619 1886 2660 clausum

158 2686 403 2730 Brunellum‚
431 2682 496 2723 sub
517 2680 654 2735 insigni
675 2680 810 2720 Stellae
829 2692 984 2723 aureae,
1006 2676 1139 2717 eadem
1160 2676 1282 2716 forma
1301 2677 1474 2717 Lutetiae
1495 2677 1609 2716 Paris,
1637 2675 1766 2715 Idibus
1780 2676 1886 2714 Mar-

160 2744 224 2784 tiis
252 2743 317 2782 A0.
354 2749 462 2789 1549
486 2758 497 2785 ·‚
527 2737 579 2777 ita
599 2749 726 2777 tamen
746 2747 808 2784 ut,
847 2744 1069 2774 numerante
1101 2732 1230 2773 Millio
1259 2730 1507 2785 prol.1219.,
1536 2730 1812 2784 quinquaginta
1831 2729 1889 2769 lo-

163 2800 217 2839 cis
239 2797 342 2837 illam
362 2792 567 2837 desereret,
597 2794 637 2830 &
659 2789 889 2830 Erasmicam
909 2787 1132 2842 sequeretur.

218 2848 393 2893 Secunda
424 2846 609 2899 Stephani
635 2843 768 2885 Editio
789 2844 842 2884 est
865 2845 929 2884 ΑΟ.
967 2854 1083 2893 1549.
1114 2842 1180 2883 IV.
1215 2841 1271 2882 Id.
1302 2840 1464 2883 Ottobr.
1495 2839 1629 2880 eadem
1654 2839 1796 2889 forma,
1826 2840 1888 2880 iis-

163 2907 254 2950 dem
274 2905 397 2959 typis‚
425 2901 560 2942 eadem
583 2898 838 2953 praefatione,
869 2897 1107 2938 imo'eodem
1128 2911 1287 2937 numero
1308 2897 1529 2951 paginarum
1552 2909 1595 2934 ac
1616 2895 1806 2934 linearum.

221 2961 357 3001 Tertia
383 2970 503 3010 eaque
532 2953 802 3007 elegantiffima
835 2953 1018 3005 Stephani
1049 2951 1181 2992 Editio
1202 2951 1255 2992 est
1277 2952 1316 2991 in
1337 2950 1432 2991 folio
1451 2953 1515 2991 A0.
1553 2962 1672 2999 1550.
1707 2962 1768 2998 17.
1798 2949 1888 2990 Kal.

160 3017 235 3073 Jul.
263 3029 339 3069 qua
359 3013 454 3067 quid
474 3009 691 3065 praestitum
712 3008 779 3058 sit,
809 3007 1054 3060 praefationis
1077 3006 1235 3059 sequens
1256 3007 1485 3060 principium
1496 3004 1631 3044 docet:
1662 3036 1687 3055 ‚,
1710 3004 1893 3057 Superio-

165 3104 192 3124 ‚‚
221 3071 320 3112 ribus
349 3067 503 3116 diebus,
544 3063 762 3103 Christiane
790 3063 952 3105 Le&or‚
983 3061 1039 3102 N.
1069 3062 1230 3101 Domini
1253 3061 1291 3113 J.
1322 3061 1369 3101 C.
1410 3059 1699 3101 Testamentum
1725 3072 1890 3099 ——cum

222 3122 474 3170 vetustiffimis
493 3118 608 3162 XVI.
636 3117 781 3172 scriptis
798 3116 1071 3170 exemplaribus
1094 3127 1237 3169 quanta
1258 3116 1423 3157 maxima
1442 3116 1637 3169 potuimus
1656 3129 1751 3156 cura
1768 3128 1812 3155 ac
1832 3113 1892 3163 di-

167 3159 192 3179 2)
1810 3194 1836 3218 Ἃ
1849 3168 1890 3208 li-
