<?xml version="1.0" encoding="UTF-8"?>
<!DOCTYPE html PUBLIC "-//W3C//DTD XHTML 1.0 Transitional//EN"
    "http://www.w3.org/TR/xhtml1/DTD/xhtml1-transitional.dtd">
<html xmlns="http://www.w3.org/1999/xhtml" xml:lang="en" lang="en">
 <head>
  <title>
</title>
<meta http-equiv="Content-Type" content="text/html;charset=utf-8" />
  <meta name='ocr-system' content='tesseract 3.04.00' />
  <meta name='ocr-capabilities' content='ocr_page ocr_carea ocr_par ocr_line ocrx_word'/>
</head>
<body>
  <div class='ocr_page' id='page_1' title='image "./hekainediatheken00clem_0143.png"; bbox 0 0 1976 3519; ppageno 0'>
   <div class='ocr_carea' id='block_1_1' title="bbox 465 216 1822 278">
    <p class='ocr_par' dir='ltr' id='par_1_1' title="bbox 465 216 1822 278">
     <span class='ocr_line' id='line_1_1' title="bbox 465 216 1822 278; baseline -0.002 -11"><span class='ocrx_word' id='word_1_1' title='bbox 465 216 1461 266; x_wconf 76' lang='lat' dir='ltr'>PROLEGOMENA,</span> <span class='ocrx_word' id='word_1_2' title='bbox 1750 235 1822 278; x_wconf 86' lang='lat'>131</span> 
     </span>
    </p>
   </div>
   <div class='ocr_carea' id='block_1_2' title="bbox 21 301 1826 3266">
    <p class='ocr_par' dir='ltr' id='par_1_2' title="bbox 95 301 1826 578">
     <span class='ocr_line' id='line_1_2' title="bbox 101 301 1826 368; baseline -0.003 -14"><span class='ocrx_word' id='word_1_3' title='bbox 101 313 227 368; x_wconf 78' lang='lat' dir='ltr'>potuit</span> <span class='ocrx_word' id='word_1_4' title='bbox 258 312 406 356; x_wconf 80' lang='lat' dir='ltr'>Graece</span> <span class='ocrx_word' id='word_1_5' title='bbox 438 310 594 351; x_wconf 87' lang='lat' dir='ltr'>scribere</span> <span class='ocrx_word' id='word_1_6' title='bbox 624 302 764 357; x_wconf 66' lang='lat' dir='ltr'>AaClcl,</span> <span class='ocrx_word' id='word_1_7' title='bbox 792 309 833 346; x_wconf 88' lang='lat'>&amp;</span> <span class='ocrx_word' id='word_1_8' title='bbox 853 304 990 345; x_wconf 84' lang='lat' dir='ltr'>Latine</span> <span class='ocrx_word' id='word_1_9' title='bbox 1007 301 1182 351; x_wconf 77' lang='lat' dir='ltr'>David,</span> <span class='ocrx_word' id='word_1_10' title='bbox 1213 302 1239 342; x_wconf 78' lang='lat' dir='ltr'>si</span> <span class='ocrx_word' id='word_1_11' title='bbox 1264 305 1452 344; x_wconf 84' lang='lat' dir='ltr'>Veronica</span> <span class='ocrx_word' id='word_1_12' title='bbox 1474 308 1513 345; x_wconf 90' lang='lat'>&amp;</span> <span class='ocrx_word' id='word_1_13' title='bbox 1532 305 1718 347; x_wconf 76' lang='lat' dir='ltr'>Berenice</span> <span class='ocrx_word' id='word_1_14' title='bbox 1736 322 1826 363; x_wconf 53' lang='lat' dir='ltr'>pro*</span> 
     </span>
     <span class='ocr_line' id='line_1_3' title="bbox 99 357 1822 419; baseline -0.002 -11"><span class='ocrx_word' id='word_1_15' title='bbox 99 369 236 408; x_wconf 84' lang='lat' dir='ltr'>miscue</span> <span class='ocrx_word' id='word_1_16' title='bbox 266 367 472 407; x_wconf 89' lang='lat' dir='ltr'>scribuntur</span> <span class='ocrx_word' id='word_1_17' title='bbox 501 387 513 413; x_wconf 89' lang='lat'>·,</span> <span class='ocrx_word' id='word_1_18' title='bbox 542 366 667 418; x_wconf 86' lang='lat' dir='ltr'>potuit</span> <span class='ocrx_word' id='word_1_19' title='bbox 696 362 736 401; x_wconf 85' lang='lat' dir='ltr'>in</span> <span class='ocrx_word' id='word_1_20' title='bbox 764 374 861 403; x_wconf 89' lang='lat' dir='ltr'>voce</span> <span class='ocrx_word' id='word_1_21' title='bbox 883 389 894 408; x_wconf 90' lang='lat'>‚</span> <span class='ocrx_word' id='word_1_22' title='bbox 935 358 985 399; x_wconf 90' lang='lat' dir='ltr'>de</span> <span class='ocrx_word' id='word_1_23' title='bbox 1018 372 1093 412; x_wconf 87' lang='lat' dir='ltr'>qua</span> <span class='ocrx_word' id='word_1_24' title='bbox 1123 359 1245 418; x_wconf 81' lang='lat' dir='ltr'>agitur</span> <span class='ocrx_word' id='word_1_25' title='bbox 1265 388 1276 407; x_wconf 90' lang='lat'>,</span> <span class='ocrx_word' id='word_1_26' title='bbox 1308 357 1344 396; x_wconf 94' lang='lat' dir='ltr'>V</span> <span class='ocrx_word' id='word_1_27' title='bbox 1374 359 1515 419; x_wconf 62' lang='lat' dir='ltr'>Latino</span> <span class='ocrx_word' id='word_1_28' title='bbox 1551 363 1761 416; x_wconf 82' lang='lat' dir='ltr'>exprimere</span> <span class='ocrx_word' id='word_1_29' title='bbox 1788 367 1822 405; x_wconf 89' lang='lat' dir='ltr'><strong>B</strong></span> 
     </span>
     <span class='ocr_line' id='line_1_4' title="bbox 100 413 1822 474; baseline -0.003 -11"><span class='ocrx_word' id='word_1_30' title='bbox 100 425 359 471; x_wconf 83' lang='lat' dir='ltr'>Graecorum,</span> <span class='ocrx_word' id='word_1_31' title='bbox 387 419 493 474; x_wconf 91' lang='lat' dir='ltr'>quod</span> <span class='ocrx_word' id='word_1_32' title='bbox 520 417 621 472; x_wconf 90' lang='lat' dir='ltr'>apud</span> <span class='ocrx_word' id='word_1_33' title='bbox 652 416 753 470; x_wconf 85' lang='lat' dir='ltr'>ipsos</span> <span class='ocrx_word' id='word_1_34' title='bbox 781 413 951 469; x_wconf 91' lang='lat' dir='ltr'>ejusdem</span> <span class='ocrx_word' id='word_1_35' title='bbox 973 413 1056 453; x_wconf 88' lang='lat' dir='ltr'>soni</span> <span class='ocrx_word' id='word_1_36' title='bbox 1075 413 1140 464; x_wconf 82' lang='lat' dir='ltr'>est.</span> <span class='ocrx_word' id='word_1_37' title='bbox 1170 413 1316 453; x_wconf 84' lang='lat' dir='ltr'>Mirurn</span> <span class='ocrx_word' id='word_1_38' title='bbox 1336 425 1450 453; x_wconf 83' lang='lat' dir='ltr'>etiam</span> <span class='ocrx_word' id='word_1_39' title='bbox 1469 416 1545 460; x_wconf 85' lang='lat' dir='ltr'>est,</span> <span class='ocrx_word' id='word_1_40' title='bbox 1576 417 1686 459; x_wconf 90' lang='lat' dir='ltr'>Iselio</span> <span class='ocrx_word' id='word_1_41' title='bbox 1707 419 1822 460; x_wconf 85' lang='lat' dir='ltr'>hicin</span> 
     </span>
     <span class='ocr_line' id='line_1_5' title="bbox 97 467 1822 526; baseline -0.004 -8"><span class='ocrx_word' id='word_1_42' title='bbox 97 490 265 518; x_wconf 87' lang='lat' dir='ltr'>mentem</span> <span class='ocrx_word' id='word_1_43' title='bbox 296 488 374 516; x_wconf 89' lang='lat' dir='ltr'>non</span> <span class='ocrx_word' id='word_1_44' title='bbox 397 472 554 523; x_wconf 80' lang='lat' dir='ltr'>venisse,</span> <span class='ocrx_word' id='word_1_45' title='bbox 582 485 680 526; x_wconf 86' lang='lat' dir='ltr'>quae</span> <span class='ocrx_word' id='word_1_46' title='bbox 697 470 775 524; x_wconf 90' lang='lat' dir='ltr'>ipse</span> <span class='ocrx_word' id='word_1_47' title='bbox 794 472 834 510; x_wconf 91' lang='lat' dir='ltr'>in</span> <span class='ocrx_word' id='word_1_48' title='bbox 853 468 1015 510; x_wconf 83' lang='lat' dir='ltr'>Praefat.</span> <span class='ocrx_word' id='word_1_49' title='bbox 1043 468 1093 508; x_wconf 87' lang='lat' dir='ltr'>T.</span> <span class='ocrx_word' id='word_1_50' title='bbox 1123 467 1192 507; x_wconf 92' lang='lat' dir='ltr'><strong>III.</strong></span> <span class='ocrx_word' id='word_1_51' title='bbox 1222 467 1371 507; x_wconf 85' lang='lat' dir='ltr'>Lexici</span> <span class='ocrx_word' id='word_1_52' title='bbox 1393 468 1585 520; x_wconf 68' lang='lat' dir='ltr'>Historia·</span> <span class='ocrx_word' id='word_1_53' title='bbox 1607 486 1643 526; x_wconf 88' lang='lat' dir='ltr'>p.</span> <span class='ocrx_word' id='word_1_54' title='bbox 1677 486 1740 525; x_wconf 89' lang='lat'>24.</span> <span class='ocrx_word' id='word_1_55' title='bbox 1770 474 1822 516; x_wconf 83' lang='lat' dir='ltr'>de</span> 
     </span>
     <span class='ocr_line' id='line_1_6' title="bbox 95 520 1312 578; baseline -0.01 -4"><span class='ocrx_word' id='word_1_56' title='bbox 95 533 248 574; x_wconf 78' lang='lat' dir='ltr'>vocabis</span> <span class='ocrx_word' id='word_1_57' title='bbox 269 526 523 578; x_wconf 61' lang='lat' dir='ltr'>sswvramvbe,</span> <span class='ocrx_word' id='word_1_58' title='bbox 551 526 664 578; x_wconf 50' lang='lat' dir='ltr'>Bipos,</span> <span class='ocrx_word' id='word_1_59' title='bbox 692 525 848 576; x_wconf 77' lang='grc' dir='ltr'><em>Βῖκτωρ,</em></span> <span class='ocrx_word' id='word_1_60' title='bbox 877 528 916 564; x_wconf 90' lang='lat'>&amp;</span> <span class='ocrx_word' id='word_1_61' title='bbox 935 520 1092 573; x_wconf 66' lang='grc' dir='ltr'>Βαλέριος</span> <span class='ocrx_word' id='word_1_62' title='bbox 1110 522 1312 577; x_wconf 85' lang='lat' dir='ltr'>scripserat.</span> 
     </span>
    </p>

    <p class='ocr_par' dir='ltr' id='par_1_3' title="bbox 76 578 1826 1516">
     <span class='ocr_line' id='line_1_7' title="bbox 152 578 1820 638; baseline -0.001 -11"><span class='ocrx_word' id='word_1_63' title='bbox 152 588 255 627; x_wconf 93' lang='lat' dir='ltr'>Cum</span> <span class='ocrx_word' id='word_1_64' title='bbox 285 585 430 627; x_wconf 90' lang='lat' dir='ltr'>videret</span> <span class='ocrx_word' id='word_1_65' title='bbox 458 582 629 632; x_wconf 84' lang='lat' dir='ltr'>Censor,</span> <span class='ocrx_word' id='word_1_66' title='bbox 657 582 757 621; x_wconf 89' lang='lat' dir='ltr'>hanc</span> <span class='ocrx_word' id='word_1_67' title='bbox 785 579 1066 621; x_wconf 85' lang='lat' dir='ltr'>excusationem</span> <span class='ocrx_word' id='word_1_68' title='bbox 1090 591 1169 618; x_wconf 91' lang='lat' dir='ltr'>non</span> <span class='ocrx_word' id='word_1_69' title='bbox 1190 579 1291 619; x_wconf 63' lang='grc' dir='ltr'>κᾶε</span> <span class='ocrx_word' id='word_1_70' title='bbox 1311 578 1542 632; x_wconf 83' lang='lat' dir='ltr'>procedere,</span> <span class='ocrx_word' id='word_1_71' title='bbox 1572 582 1748 638; x_wconf 86' lang='lat' dir='ltr'>confugit</span> <span class='ocrx_word' id='word_1_72' title='bbox 1768 584 1820 625; x_wconf 91' lang='lat' dir='ltr'>ad</span> 
     </span>
     <span class='ocr_line' id='line_1_8' title="bbox 95 633 1820 691; baseline -0.003 -8"><span class='ocrx_word' id='word_1_73' title='bbox 95 643 268 691; x_wconf 88' lang='lat' dir='ltr'>tertiam,</span> <span class='ocrx_word' id='word_1_74' title='bbox 297 637 556 680; x_wconf 90' lang='lat' dir='ltr'>difficultatem</span> <span class='ocrx_word' id='word_1_75' title='bbox 585 637 765 677; x_wconf 89' lang='lat' dir='ltr'>nimirum</span> <span class='ocrx_word' id='word_1_76' title='bbox 782 633 936 689; x_wconf 83' lang='lat' dir='ltr'>legendi</span> <span class='ocrx_word' id='word_1_77' title='bbox 955 645 1078 673; x_wconf 88' lang='lat' dir='ltr'>ortam</span> <span class='ocrx_word' id='word_1_78' title='bbox 1099 647 1120 672; x_wconf 87' lang='lat' dir='ltr'>a</span> <span class='ocrx_word' id='word_1_79' title='bbox 1141 633 1382 687; x_wconf 86' lang='lat' dir='ltr'>compendiis</span> <span class='ocrx_word' id='word_1_80' title='bbox 1402 634 1614 688; x_wconf 84' lang='lat' dir='ltr'>scripturae.</span> <span class='ocrx_word' id='word_1_81' title='bbox 1658 640 1820 679; x_wconf 87' lang='lat' dir='ltr'>Utrius-</span> 
     </span>
     <span class='ocr_line' id='line_1_9' title="bbox 96 687 1819 747; baseline -0.001 -13"><span class='ocrx_word' id='word_1_82' title='bbox 96 710 167 736; x_wconf 85' lang='lat' dir='ltr'>oue</span> <span class='ocrx_word' id='word_1_83' title='bbox 185 696 372 744; x_wconf 87' lang='lat' dir='ltr'>nominis,</span> <span class='ocrx_word' id='word_1_84' title='bbox 385 693 533 746; x_wconf 89' lang='lat' dir='ltr'>inquit,</span> <span class='ocrx_word' id='word_1_85' title='bbox 561 691 776 745; x_wconf 77' lang='lat' dir='ltr'>Balgariae</span> <span class='ocrx_word' id='word_1_86' title='bbox 797 690 844 736; x_wconf 58' lang='grc' dir='ltr'>ἕν</span> <span class='ocrx_word' id='word_1_87' title='bbox 866 687 1142 743; x_wconf 65' lang='lat' dir='ltr'>Theophylacli</span> <span class='ocrx_word' id='word_1_88' title='bbox 1163 697 1361 728; x_wconf 81' lang='lat' dir='ltr'>extremae</span> <span class='ocrx_word' id='word_1_89' title='bbox 1383 688 1523 729; x_wconf 88' lang='lat' dir='ltr'>literae</span> <span class='ocrx_word' id='word_1_90' title='bbox 1544 692 1587 730; x_wconf 89' lang='lat' dir='ltr'>in</span> <span class='ocrx_word' id='word_1_91' title='bbox 1609 692 1698 732; x_wconf 86' lang='lat' dir='ltr'>Cod.</span> <span class='ocrx_word' id='word_1_92' title='bbox 1719 693 1819 747; x_wconf 64' lang='lat' dir='ltr'><em>Bas}</em></span> 
     </span>
     <span class='ocr_line' id='line_1_10' title="bbox 95 730 1818 804; baseline -0.002 -14"><span class='ocrx_word' id='word_1_93' title='bbox 95 730 169 792; x_wconf 62' lang='lat' dir='ltr'>non</span> <span class='ocrx_word' id='word_1_94' title='bbox 189 751 290 804; x_wconf 72' lang='lat' dir='ltr'>fimt</span> <span class='ocrx_word' id='word_1_95' title='bbox 322 747 533 802; x_wconf 77' lang='lat' dir='ltr'>exprcffae,</span> <span class='ocrx_word' id='word_1_96' title='bbox 564 759 702 787; x_wconf 69' lang='lat' dir='ltr'>verum</span> <span class='ocrx_word' id='word_1_97' title='bbox 726 745 835 800; x_wconf 71' lang='lat' dir='ltr'>figlis</span> <span class='ocrx_word' id='word_1_98' title='bbox 865 752 1045 793; x_wconf 86' lang='lat' dir='ltr'>tantum,</span> <span class='ocrx_word' id='word_1_99' title='bbox 1063 742 1154 795; x_wconf 75' lang='lat' dir='ltr'>five</span> <span class='ocrx_word' id='word_1_100' title='bbox 1176 743 1331 783; x_wconf 83' lang='lat' dir='ltr'>lineolis</span> <span class='ocrx_word' id='word_1_101' title='bbox 1351 742 1581 784; x_wconf 87' lang='lat' dir='ltr'>decurtatae</span> <span class='ocrx_word' id='word_1_102' title='bbox 1588 746 1818 801; x_wconf 52' lang='lat' dir='ltr'>striaturae</span> 
     </span>
     <span class='ocr_line' id='line_1_11' title="bbox 92 797 1817 857; baseline -0.001 -12"><span class='ocrx_word' id='word_1_103' title='bbox 92 803 282 845; x_wconf 83' lang='lat' dir='ltr'>indicibus</span> <span class='ocrx_word' id='word_1_104' title='bbox 301 803 425 857; x_wconf 73' lang='lat' dir='ltr'>fitpra</span> <span class='ocrx_word' id='word_1_105' title='bbox 452 802 606 855; x_wconf 81' lang='lat' dir='ltr'>versum</span> <span class='ocrx_word' id='word_1_106' title='bbox 619 800 753 855; x_wconf 84' lang='lat' dir='ltr'>pofitis</span> <span class='ocrx_word' id='word_1_107' title='bbox 766 831 777 850; x_wconf 94' lang='lat'>,</span> <span class='ocrx_word' id='word_1_108' title='bbox 785 798 1071 854; x_wconf 74' lang='lat' dir='ltr'>fignificantur.</span> <span class='ocrx_word' id='word_1_109' title='bbox 1100 819 1147 828; x_wconf 60' lang='lat' dir='ltr'>n·</span> <span class='ocrx_word' id='word_1_110' title='bbox 1180 797 1322 838; x_wconf 87' lang='lat' dir='ltr'>Clarae</span> <span class='ocrx_word' id='word_1_111' title='bbox 1342 799 1496 853; x_wconf 86' lang='lat' dir='ltr'>quidem</span> <span class='ocrx_word' id='word_1_112' title='bbox 1516 799 1656 840; x_wconf 84' lang='lat' dir='ltr'>literae</span> <span class='ocrx_word' id='word_1_113' title='bbox 1671 804 1817 857; x_wconf 75' lang='lat' dir='ltr'>septem</span> 
     </span>
     <span class='ocr_line' id='line_1_12' title="bbox 82 853 1817 915; baseline -0.001 -16"><span class='ocrx_word' id='word_1_114' title='bbox 82 862 232 915; x_wconf 83' lang='lat' dir='ltr'>priores</span> <span class='ocrx_word' id='word_1_115' title='bbox 251 865 440 906; x_wconf 70' lang='grc' dir='ltr'>Θεοφυλοι,</span> <span class='ocrx_word' id='word_1_116' title='bbox 469 855 603 897; x_wconf 85' lang='lat' dir='ltr'>deinde</span> <span class='ocrx_word' id='word_1_117' title='bbox 630 869 723 895; x_wconf 87' lang='lat' dir='ltr'>vero</span> <span class='ocrx_word' id='word_1_118' title='bbox 742 855 928 895; x_wconf 80' lang='lat' dir='ltr'>intricati</span> <span class='ocrx_word' id='word_1_119' title='bbox 948 853 1106 909; x_wconf 82' lang='lat' dir='ltr'>quidam</span> <span class='ocrx_word' id='word_1_120' title='bbox 1127 854 1315 907; x_wconf 76' lang='lat' dir='ltr'>necfiztis</span> <span class='ocrx_word' id='word_1_121' title='bbox 1334 854 1587 908; x_wconf 81' lang='lat' dir='ltr'>cognoscibles</span> <span class='ocrx_word' id='word_1_122' title='bbox 1595 857 1736 897; x_wconf 63' lang='lat' dir='ltr'><em>ductus</em></span> <span class='ocrx_word' id='word_1_123' title='bbox 1744 860 1817 911; x_wconf 81' lang='lat' dir='ltr'><em>fu·-</em></span> 
     </span>
     <span class='ocr_line' id='line_1_13' title="bbox 82 907 1814 969; baseline 0 -16"><span class='ocrx_word' id='word_1_124' title='bbox 82 927 159 969; x_wconf 87' lang='lat' dir='ltr'>pra</span> <span class='ocrx_word' id='word_1_125' title='bbox 177 914 331 967; x_wconf 78' lang='lat' dir='ltr'>verfitm</span> <span class='ocrx_word' id='word_1_126' title='bbox 351 921 518 960; x_wconf 66' lang='lat' dir='ltr'>extant,</span> <span class='ocrx_word' id='word_1_127' title='bbox 548 911 660 951; x_wconf 84' lang='lat' dir='ltr'>aliud</span> <span class='ocrx_word' id='word_1_128' title='bbox 677 919 807 950; x_wconf 89' lang='lat' dir='ltr'>autem</span> <span class='ocrx_word' id='word_1_129' title='bbox 819 917 1021 963; x_wconf 88' lang='lat' dir='ltr'>praeterea</span> <span class='ocrx_word' id='word_1_130' title='bbox 1042 907 1154 948; x_wconf 80' lang='lat' dir='ltr'><em>nihil.</em></span> <span class='ocrx_word' id='word_1_131' title='bbox 1207 909 1325 962; x_wconf 48' lang='lat' dir='ltr'>‘Quae</span> <span class='ocrx_word' id='word_1_132' title='bbox 1345 918 1571 950; x_wconf 81' lang='lat' dir='ltr'>contuentes</span> <span class='ocrx_word' id='word_1_133' title='bbox 1591 914 1633 951; x_wconf 87' lang='lat' dir='ltr'>in</span> <span class='ocrx_word' id='word_1_134' title='bbox 1654 914 1670 952; x_wconf 91' lang='lat' dir='ltr'>i</span> <span class='ocrx_word' id='word_1_135' title='bbox 1683 915 1733 967; x_wconf 90' lang='lat' dir='ltr'>so</span> <span class='ocrx_word' id='word_1_136' title='bbox 1746 914 1814 953; x_wconf 86' lang='lat' dir='ltr'>Co-</span> 
     </span>
     <span class='ocr_line' id='line_1_14' title="bbox 90 962 1816 1022; baseline 0 -13"><span class='ocrx_word' id='word_1_137' title='bbox 90 965 193 1019; x_wconf 82' lang='lat' dir='ltr'><em>dice,</em></span> <span class='ocrx_word' id='word_1_138' title='bbox 219 967 300 1022; x_wconf 83' lang='lat' dir='ltr'>post</span> <span class='ocrx_word' id='word_1_139' title='bbox 318 966 429 1007; x_wconf 85' lang='lat' dir='ltr'>edita</span> <span class='ocrx_word' id='word_1_140' title='bbox 458 967 752 1020; x_wconf 78' lang='lat' dir='ltr'>Prolegomena,</span> <span class='ocrx_word' id='word_1_141' title='bbox 772 966 857 1004; x_wconf 85' lang='lat' dir='ltr'>viri</span> <span class='ocrx_word' id='word_1_142' title='bbox 876 963 1022 1003; x_wconf 85' lang='lat' dir='ltr'><em>Graece</em></span> <span class='ocrx_word' id='word_1_143' title='bbox 1039 962 1239 1014; x_wconf 64' lang='lat' dir='ltr'>docltffimi</span> <span class='ocrx_word' id='word_1_144' title='bbox 1249 993 1260 1014; x_wconf 90' lang='lat'>‚</span> <span class='ocrx_word' id='word_1_145' title='bbox 1274 962 1322 1009; x_wconf 57' lang='grc' dir='ltr'>(ῤ’</span> <span class='ocrx_word' id='word_1_146' title='bbox 1340 978 1425 1004; x_wconf 78' lang='lat' dir='ltr'><em>cnm</em></span> <span class='ocrx_word' id='word_1_147' title='bbox 1445 965 1577 1005; x_wconf 83' lang='lat' dir='ltr'>verbis</span> <span class='ocrx_word' id='word_1_148' title='bbox 1589 981 1636 1007; x_wconf 89' lang='lat' dir='ltr'><em>no</em></span> <span class='ocrx_word' id='word_1_149' title='bbox 1670 971 1707 1008; x_wconf 83' lang='lat' dir='ltr'>ri</span> <span class='ocrx_word' id='word_1_150' title='bbox 1717 970 1816 1009; x_wconf 85' lang='lat' dir='ltr'>Cen-</span> 
     </span>
     <span class='ocr_line' id='line_1_15' title="bbox 76 1018 1815 1076; baseline 0.001 -13"><span class='ocrx_word' id='word_1_151' title='bbox 76 1025 185 1076; x_wconf 84' lang='lat' dir='ltr'><em>soris</em></span> <span class='ocrx_word' id='word_1_152' title='bbox 203 1030 485 1076; x_wconf 84' lang='lat' dir='ltr'><em>componentes,</em></span> <span class='ocrx_word' id='word_1_153' title='bbox 515 1034 589 1061; x_wconf 88' lang='lat' dir='ltr'>non</span> <span class='ocrx_word' id='word_1_154' title='bbox 603 1028 814 1075; x_wconf 81' lang='lat' dir='ltr'>potuerunt</span> <span class='ocrx_word' id='word_1_155' title='bbox 833 1032 906 1058; x_wconf 90' lang='lat' dir='ltr'>non</span> <span class='ocrx_word' id='word_1_156' title='bbox 922 1019 1060 1059; x_wconf 86' lang='lat' dir='ltr'>mirari</span> <span class='ocrx_word' id='word_1_157' title='bbox 1088 1018 1292 1059; x_wconf 83' lang='lat' dir='ltr'><em>audaciam</em></span> <span class='ocrx_word' id='word_1_158' title='bbox 1312 1019 1468 1061; x_wconf 87' lang='lat' dir='ltr'>Critici.</span> <span class='ocrx_word' id='word_1_159' title='bbox 1496 1042 1576 1053; x_wconf 87' lang='lat'>----</span> <span class='ocrx_word' id='word_1_160' title='bbox 1605 1022 1738 1064; x_wconf 80' lang='lat' dir='ltr'><em>Plane</em></span> <span class='ocrx_word' id='word_1_161' title='bbox 1756 1034 1815 1064; x_wconf 84' lang='lat' dir='ltr'>to-</span> 
     </span>
     <span class='ocr_line' id='line_1_16' title="bbox 89 1073 1812 1130; baseline -0.001 -13"><span class='ocrx_word' id='word_1_162' title='bbox 89 1087 156 1119; x_wconf 81' lang='lat' dir='ltr'>tus</span> <span class='ocrx_word' id='word_1_163' title='bbox 175 1078 240 1117; x_wconf 83' lang='lat' dir='ltr'>htc</span> <span class='ocrx_word' id='word_1_164' title='bbox 260 1076 375 1127; x_wconf 77' lang='lat' dir='ltr'><em>Bafil.</em></span> <span class='ocrx_word' id='word_1_165' title='bbox 406 1075 684 1130; x_wconf 59' lang='lat' dir='ltr'>Theophylac‘li</span> <span class='ocrx_word' id='word_1_166' title='bbox 714 1073 952 1127; x_wconf 57' lang='lat' dir='ltr'>codexffiglis</span> <span class='ocrx_word' id='word_1_167' title='bbox 971 1082 1089 1128; x_wconf 84' lang='lat' dir='ltr'>atque</span> <span class='ocrx_word' id='word_1_168' title='bbox 1108 1073 1353 1114; x_wconf 84' lang='lat' dir='ltr'><em>breviaturis</em></span> <span class='ocrx_word' id='word_1_169' title='bbox 1361 1074 1495 1129; x_wconf 67' lang='lat' dir='ltr'>scatet</span> <span class='ocrx_word' id='word_1_170' title='bbox 1507 1103 1518 1122; x_wconf 85' lang='lat'>‚</span> <span class='ocrx_word' id='word_1_171' title='bbox 1530 1075 1812 1122; x_wconf 63' lang='lat' dir='ltr'>&amp;charallere</span> 
     </span>
     <span class='ocr_line' id='line_1_17' title="bbox 89 1124 1811 1184; baseline 0.001 -10"><span class='ocrx_word' id='word_1_172' title='bbox 89 1136 236 1174; x_wconf 85' lang='lat' dir='ltr'>minuto</span> <span class='ocrx_word' id='word_1_173' title='bbox 257 1146 303 1172; x_wconf 85' lang='lat' dir='ltr'>ac</span> <span class='ocrx_word' id='word_1_174' title='bbox 312 1124 474 1183; x_wconf 49' lang='lat' dir='ltr'>‘difficili</span> <span class='ocrx_word' id='word_1_175' title='bbox 490 1131 539 1184; x_wconf 81' lang='lat' dir='ltr'>est</span> <span class='ocrx_word' id='word_1_176' title='bbox 559 1139 759 1170; x_wconf 80' lang='lat' dir='ltr'>exaratus.</span> <span class='ocrx_word' id='word_1_177' title='bbox 813 1129 853 1169; x_wconf 88' lang='lat' dir='ltr'>Si</span> <span class='ocrx_word' id='word_1_178' title='bbox 873 1129 985 1184; x_wconf 85' lang='lat' dir='ltr'>figlae</span> <span class='ocrx_word' id='word_1_179' title='bbox 1004 1129 1090 1169; x_wconf 87' lang='lat' dir='ltr'>sunt</span> <span class='ocrx_word' id='word_1_180' title='bbox 1108 1128 1289 1169; x_wconf 90' lang='lat' dir='ltr'>confusae</span> <span class='ocrx_word' id='word_1_181' title='bbox 1310 1132 1347 1167; x_wconf 76' lang='grc' dir='ltr'>ὃ(</span> <span class='ocrx_word' id='word_1_182' title='bbox 1368 1131 1628 1183; x_wconf 82' lang='lat' dir='ltr'>perturbatae,</span> <span class='ocrx_word' id='word_1_183' title='bbox 1659 1134 1811 1176; x_wconf 88' lang='lat' dir='ltr'>intrica-</span> 
     </span>
     <span class='ocr_line' id='line_1_18' title="bbox 87 1183 1810 1244; baseline -0.003 -16"><span class='ocrx_word' id='word_1_184' title='bbox 87 1190 117 1229; x_wconf 94' lang='lat' dir='ltr'>ti</span> <span class='ocrx_word' id='word_1_185' title='bbox 136 1187 290 1242; x_wconf 85' lang='lat' dir='ltr'>quidam</span> <span class='ocrx_word' id='word_1_186' title='bbox 312 1201 383 1227; x_wconf 89' lang='lat' dir='ltr'>nec</span> <span class='ocrx_word' id='word_1_187' title='bbox 402 1186 488 1226; x_wconf 89' lang='lat' dir='ltr'>satis</span> <span class='ocrx_word' id='word_1_188' title='bbox 508 1185 780 1240; x_wconf 79' lang='lat' dir='ltr'>cognoscibiles</span> <span class='ocrx_word' id='word_1_189' title='bbox 798 1183 933 1224; x_wconf 70' lang='lat' dir='ltr'>dustus</span> <span class='ocrx_word' id='word_1_190' title='bbox 945 1209 957 1230; x_wconf 83' lang='grc'>,</span> <span class='ocrx_word' id='word_1_191' title='bbox 985 1187 1025 1224; x_wconf 72' lang='grc' dir='ltr'>ὃς</span> <span class='ocrx_word' id='word_1_192' title='bbox 1044 1184 1237 1225; x_wconf 68' lang='lat' dir='ltr'>chara&amp;er</span> <span class='ocrx_word' id='word_1_193' title='bbox 1247 1184 1408 1225; x_wconf 91' lang='lat' dir='ltr'>Codicis</span> <span class='ocrx_word' id='word_1_194' title='bbox 1425 1185 1479 1225; x_wconf 89' lang='lat' dir='ltr'>est</span> <span class='ocrx_word' id='word_1_195' title='bbox 1496 1186 1662 1230; x_wconf 87' lang='lat' dir='ltr'>difficilis</span> <span class='ocrx_word' id='word_1_196' title='bbox 1674 1219 1684 1239; x_wconf 87' lang='lat'>‚</span> <span class='ocrx_word' id='word_1_197' title='bbox 1696 1204 1810 1244; x_wconf 70' lang='lat' dir='ltr'>quae-</span> 
     </span>
     <span class='ocr_line' id='line_1_19' title="bbox 86 1238 1810 1297; baseline 0.002 -14"><span class='ocrx_word' id='word_1_198' title='bbox 86 1258 131 1284; x_wconf 93' lang='lat' dir='ltr'>ro</span> <span class='ocrx_word' id='word_1_199' title='bbox 151 1245 212 1283; x_wconf 83' lang='lat' dir='ltr'>cm·</span> <span class='ocrx_word' id='word_1_200' title='bbox 223 1246 237 1282; x_wconf 91' lang='lat'>?</span> <span class='ocrx_word' id='word_1_201' title='bbox 266 1241 377 1282; x_wconf 89' lang='lat' dir='ltr'>Num</span> <span class='ocrx_word' id='word_1_202' title='bbox 395 1241 579 1290; x_wconf 86' lang='lat' dir='ltr'>Censori,</span> <span class='ocrx_word' id='word_1_203' title='bbox 609 1241 766 1295; x_wconf 87' lang='lat' dir='ltr'>ejusque</span> <span class='ocrx_word' id='word_1_204' title='bbox 787 1239 918 1279; x_wconf 88' lang='lat' dir='ltr'>amicis</span> <span class='ocrx_word' id='word_1_205' title='bbox 939 1240 1085 1279; x_wconf 87' lang='lat' dir='ltr'><em>Graece</em></span> <span class='ocrx_word' id='word_1_206' title='bbox 1103 1238 1344 1290; x_wconf 57' lang='lat' dir='ltr'>doclaffmis,</span> <span class='ocrx_word' id='word_1_207' title='bbox 1356 1242 1396 1279; x_wconf 86' lang='lat'>&amp;</span> <span class='ocrx_word' id='word_1_208' title='bbox 1408 1239 1600 1292; x_wconf 84' lang='lat' dir='ltr'>studiofis‚</span> <span class='ocrx_word' id='word_1_209' title='bbox 1614 1245 1679 1297; x_wconf 91' lang='lat' dir='ltr'>qui</span> <span class='ocrx_word' id='word_1_210' title='bbox 1694 1245 1810 1287; x_wconf 88' lang='lat' dir='ltr'>libros</span> 
     </span>
     <span class='ocr_line' id='line_1_20' title="bbox 87 1294 1826 1355; baseline 0.001 -17"><span class='ocrx_word' id='word_1_211' title='bbox 87 1298 164 1339; x_wconf 88' lang='lat' dir='ltr'>fine</span> <span class='ocrx_word' id='word_1_212' title='bbox 182 1296 420 1351; x_wconf 85' lang='lat' dir='ltr'>compendiis</span> <span class='ocrx_word' id='word_1_213' title='bbox 439 1299 478 1336; x_wconf 90' lang='lat'>&amp;</span> <span class='ocrx_word' id='word_1_214' title='bbox 498 1296 595 1350; x_wconf 84' lang='lat' dir='ltr'>siglis</span> <span class='ocrx_word' id='word_1_215' title='bbox 614 1296 715 1350; x_wconf 81' lang='lat' dir='ltr'>typis</span> <span class='ocrx_word' id='word_1_216' title='bbox 732 1294 887 1335; x_wconf 85' lang='lat' dir='ltr'>excusos</span> <span class='ocrx_word' id='word_1_217' title='bbox 905 1305 1054 1345; x_wconf 91' lang='lat' dir='ltr'>terunt,</span> <span class='ocrx_word' id='word_1_218' title='bbox 1081 1297 1122 1334; x_wconf 89' lang='lat'>&amp;</span> <span class='ocrx_word' id='word_1_219' title='bbox 1143 1294 1193 1334; x_wconf 91' lang='lat' dir='ltr'>ad</span> <span class='ocrx_word' id='word_1_220' title='bbox 1212 1294 1445 1348; x_wconf 89' lang='lat' dir='ltr'>compendia</span> <span class='ocrx_word' id='word_1_221' title='bbox 1465 1299 1504 1335; x_wconf 90' lang='lat'>&amp;</span> <span class='ocrx_word' id='word_1_222' title='bbox 1517 1296 1686 1339; x_wconf 86' lang='lat' dir='ltr'>Codices</span> <span class='ocrx_word' id='word_1_223' title='bbox 1697 1300 1826 1355; x_wconf 27' lang='lat' dir='ltr'>scrip-¹</span> 
     </span>
     <span class='ocr_line' id='line_1_21' title="bbox 86 1349 1809 1405; baseline 0.001 -11"><span class='ocrx_word' id='word_1_224' title='bbox 86 1366 147 1394; x_wconf 91' lang='lat' dir='ltr'>tos</span> <span class='ocrx_word' id='word_1_225' title='bbox 178 1353 346 1405; x_wconf 85' lang='lat' dir='ltr'>stupent,</span> <span class='ocrx_word' id='word_1_226' title='bbox 376 1365 456 1392; x_wconf 91' lang='lat' dir='ltr'>non</span> <span class='ocrx_word' id='word_1_227' title='bbox 483 1350 586 1392; x_wconf 89' lang='lat' dir='ltr'>secus</span> <span class='ocrx_word' id='word_1_228' title='bbox 605 1351 676 1391; x_wconf 82' lang='lat' dir='ltr'>acfi</span> <span class='ocrx_word' id='word_1_229' title='bbox 694 1351 927 1390; x_wconf 69' lang='lat' dir='ltr'>charasteres</span> <span class='ocrx_word' id='word_1_230' title='bbox 943 1351 1114 1404; x_wconf 78' lang='lat' dir='ltr'>magicos</span> <span class='ocrx_word' id='word_1_231' title='bbox 1136 1349 1336 1390; x_wconf 86' lang='lat' dir='ltr'>viderent?</span> <span class='ocrx_word' id='word_1_232' title='bbox 1366 1362 1404 1390; x_wconf 87' lang='lat' dir='ltr'>at</span> <span class='ocrx_word' id='word_1_233' title='bbox 1423 1350 1517 1404; x_wconf 87' lang='lat' dir='ltr'>quid</span> <span class='ocrx_word' id='word_1_234' title='bbox 1541 1351 1618 1393; x_wconf 90' lang='lat' dir='ltr'>hoc</span> <span class='ocrx_word' id='word_1_235' title='bbox 1636 1354 1686 1394; x_wconf 90' lang='lat' dir='ltr'>ad</span> <span class='ocrx_word' id='word_1_236' title='bbox 1701 1355 1809 1396; x_wconf 85' lang='lat' dir='ltr'>Eras-</span> 
     </span>
     <span class='ocr_line' id='line_1_22' title="bbox 85 1404 1810 1463; baseline -0.003 -15"><span class='ocrx_word' id='word_1_237' title='bbox 85 1422 190 1448; x_wconf 91' lang='lat' dir='ltr'>mum</span> <span class='ocrx_word' id='word_1_238' title='bbox 217 1408 374 1461; x_wconf 89' lang='lat' dir='ltr'>ejusque</span> <span class='ocrx_word' id='word_1_239' title='bbox 403 1406 728 1446; x_wconf 85' lang='lat' dir='ltr'>vindicationem?</span> <span class='ocrx_word' id='word_1_240' title='bbox 757 1408 822 1445; x_wconf 91' lang='lat' dir='ltr'>An</span> <span class='ocrx_word' id='word_1_241' title='bbox 852 1404 1009 1445; x_wconf 82' lang='lat' dir='ltr'>Erasmo</span> <span class='ocrx_word' id='word_1_242' title='bbox 1036 1404 1131 1457; x_wconf 79' lang='lat' dir='ltr'>ipsi?</span> <span class='ocrx_word' id='word_1_243' title='bbox 1162 1416 1200 1449; x_wconf 88' lang='lat' dir='ltr'>at</span> <span class='ocrx_word' id='word_1_244' title='bbox 1217 1404 1312 1458; x_wconf 92' lang='lat' dir='ltr'>quid</span> <span class='ocrx_word' id='word_1_245' title='bbox 1331 1404 1408 1445; x_wconf 88' lang='lat' dir='ltr'>hoc</span> <span class='ocrx_word' id='word_1_246' title='bbox 1427 1405 1528 1446; x_wconf 92' lang='lat' dir='ltr'>aliud</span> <span class='ocrx_word' id='word_1_247' title='bbox 1545 1408 1599 1447; x_wconf 91' lang='lat' dir='ltr'>est</span> <span class='ocrx_word' id='word_1_248' title='bbox 1619 1423 1734 1463; x_wconf 77' lang='lat' dir='ltr'>quam</span> <span class='ocrx_word' id='word_1_249' title='bbox 1751 1410 1810 1451; x_wconf 59' lang='lat' dir='ltr'>di.</span> 
     </span>
     <span class='ocr_line' id='line_1_23' title="bbox 84 1459 1724 1516; baseline 0.001 -12"><span class='ocrx_word' id='word_1_250' title='bbox 84 1477 168 1504; x_wconf 90' lang='lat' dir='ltr'>cere</span> <span class='ocrx_word' id='word_1_251' title='bbox 183 1493 194 1512; x_wconf 93' lang='lat'>,</span> <span class='ocrx_word' id='word_1_252' title='bbox 215 1462 337 1516; x_wconf 90' lang='lat' dir='ltr'>ipsum</span> <span class='ocrx_word' id='word_1_253' title='bbox 357 1461 548 1502; x_wconf 77' lang='lat' dir='ltr'>nescivisse</span> <span class='ocrx_word' id='word_1_254' title='bbox 562 1462 707 1511; x_wconf 84' lang='lat' dir='ltr'>literas,</span> <span class='ocrx_word' id='word_1_255' title='bbox 739 1464 778 1500; x_wconf 89' lang='lat'>&amp;</span> <span class='ocrx_word' id='word_1_256' title='bbox 797 1461 1013 1514; x_wconf 83' lang='lat' dir='ltr'>ignorantia</span> <span class='ocrx_word' id='word_1_257' title='bbox 1033 1461 1265 1501; x_wconf 84' lang='lat' dir='ltr'>Graecarum</span> <span class='ocrx_word' id='word_1_258' title='bbox 1285 1459 1459 1513; x_wconf 84' lang='lat' dir='ltr'>figlarum</span> <span class='ocrx_word' id='word_1_259' title='bbox 1477 1462 1724 1506; x_wconf 75' lang='lat' dir='ltr'>aberravisse?</span> 
     </span>
    </p>

    <p class='ocr_par' dir='ltr' id='par_1_4' title="bbox 21 1514 1809 3000">
     <span class='ocr_line' id='line_1_24' title="bbox 139 1514 1809 1575; baseline 0.002 -17"><span class='ocrx_word' id='word_1_260' title='bbox 139 1518 286 1570; x_wconf 85' lang='lat' dir='ltr'>Quarta</span> <span class='ocrx_word' id='word_1_261' title='bbox 306 1516 495 1558; x_wconf 85' lang='lat' dir='ltr'>excusatio</span> <span class='ocrx_word' id='word_1_262' title='bbox 516 1517 610 1557; x_wconf 87' lang='lat' dir='ltr'>haec</span> <span class='ocrx_word' id='word_1_263' title='bbox 629 1517 703 1564; x_wconf 76' lang='lat' dir='ltr'>est3</span> <span class='ocrx_word' id='word_1_264' title='bbox 735 1515 868 1565; x_wconf 86' lang='lat' dir='ltr'>Nota,</span> <span class='ocrx_word' id='word_1_265' title='bbox 883 1514 927 1568; x_wconf 83' lang='lat' dir='ltr'>si</span> <span class='ocrx_word' id='word_1_266' title='bbox 934 1514 1091 1569; x_wconf 87' lang='lat' dir='ltr'>placet,</span> <span class='ocrx_word' id='word_1_267' title='bbox 1123 1515 1298 1555; x_wconf 76' lang='lat' dir='ltr'>Codicem</span> <span class='ocrx_word' id='word_1_268' title='bbox 1316 1514 1564 1569; x_wconf 74' lang='lat' dir='ltr'>Bafilienfim</span> <span class='ocrx_word' id='word_1_269' title='bbox 1574 1518 1717 1560; x_wconf 79' lang='lat' dir='ltr'><em>duobus</em></span> <span class='ocrx_word' id='word_1_270' title='bbox 1719 1522 1809 1575; x_wconf 85' lang='lat' dir='ltr'><em>pla-</em></span> 
     </span>
     <span class='ocr_line' id='line_1_25' title="bbox 83 1569 1807 1628; baseline -0.002 -15"><span class='ocrx_word' id='word_1_271' title='bbox 83 1586 130 1614; x_wconf 83' lang='lat' dir='ltr'>ne</span> <span class='ocrx_word' id='word_1_272' title='bbox 148 1572 263 1623; x_wconf 87' lang='lat' dir='ltr'>locis,</span> <span class='ocrx_word' id='word_1_273' title='bbox 285 1574 454 1626; x_wconf 87' lang='lat' dir='ltr'>primum</span> <span class='ocrx_word' id='word_1_274' title='bbox 470 1573 513 1612; x_wconf 88' lang='lat' dir='ltr'>in</span> <span class='ocrx_word' id='word_1_275' title='bbox 535 1573 700 1625; x_wconf 87' lang='lat' dir='ltr'>tegmine</span> <span class='ocrx_word' id='word_1_276' title='bbox 721 1571 848 1624; x_wconf 64' lang='lat' dir='ltr'>ligneo</span> <span class='ocrx_word' id='word_1_277' title='bbox 861 1597 872 1616; x_wconf 94' lang='lat'>,</span> <span class='ocrx_word' id='word_1_278' title='bbox 901 1569 1039 1610; x_wconf 80' lang='lat' dir='ltr'>deinde</span> <span class='ocrx_word' id='word_1_279' title='bbox 1056 1572 1097 1610; x_wconf 90' lang='lat' dir='ltr'>in</span> <span class='ocrx_word' id='word_1_280' title='bbox 1114 1569 1257 1610; x_wconf 83' lang='lat' dir='ltr'>charta</span> <span class='ocrx_word' id='word_1_281' title='bbox 1279 1584 1303 1608; x_wconf 90' lang='lat' dir='ltr'><em>a</em></span> <span class='ocrx_word' id='word_1_282' title='bbox 1323 1573 1558 1624; x_wconf 53' lang='lat' dir='ltr'>compatiare</span> <span class='ocrx_word' id='word_1_283' title='bbox 1581 1575 1807 1628; x_wconf 67' lang='lat' dir='ltr'>agglutina.</span> 
     </span>
     <span class='ocr_line' id='line_1_26' title="bbox 82 1625 1807 1686; baseline 0.004 -19"><span class='ocrx_word' id='word_1_284' title='bbox 82 1637 151 1677; x_wconf 88' lang='lat' dir='ltr'>ta,</span> <span class='ocrx_word' id='word_1_285' title='bbox 181 1627 341 1667; x_wconf 83' lang='lat' dir='ltr'>titulum</span> <span class='ocrx_word' id='word_1_286' title='bbox 364 1627 590 1680; x_wconf 70' lang='lat' dir='ltr'>praetuliffe</span> <span class='ocrx_word' id='word_1_287' title='bbox 620 1625 777 1678; x_wconf 85' lang='lat' dir='ltr'><em>vetusta</em></span> <span class='ocrx_word' id='word_1_288' title='bbox 807 1639 922 1665; x_wconf 88' lang='lat' dir='ltr'><em>manu</em></span> <span class='ocrx_word' id='word_1_289' title='bbox 951 1627 1210 1680; x_wconf 83' lang='lat' dir='ltr'>inscriptum:</span> <span class='ocrx_word' id='word_1_290' title='bbox 1251 1626 1452 1680; x_wconf 87' lang='lat' dir='ltr'>Vulgarius</span> <span class='ocrx_word' id='word_1_291' title='bbox 1484 1628 1807 1686; x_wconf 84' lang='lat' dir='ltr'>Archiepiscopus</span> 
     </span>
     <span class='ocr_line' id='line_1_27' title="bbox 82 1681 1806 1736; baseline 0.003 -14"><span class='ocrx_word' id='word_1_292' title='bbox 82 1682 192 1736; x_wconf 91' lang='lat' dir='ltr'>super</span> <span class='ocrx_word' id='word_1_293' title='bbox 225 1682 431 1735; x_wconf 83' lang='lat' dir='ltr'>Evangelia</span> <span class='ocrx_word' id='word_1_294' title='bbox 440 1704 452 1730; x_wconf 71' lang='lat'>3</span> <span class='ocrx_word' id='word_1_295' title='bbox 481 1690 526 1721; x_wconf 84' lang='lat' dir='ltr'>ut</span> <span class='ocrx_word' id='word_1_296' title='bbox 556 1681 646 1721; x_wconf 91' lang='lat' dir='ltr'><em>adeo</em></span> <span class='ocrx_word' id='word_1_297' title='bbox 677 1683 718 1720; x_wconf 87' lang='lat' dir='ltr'>in</span> <span class='ocrx_word' id='word_1_298' title='bbox 743 1682 821 1734; x_wconf 87' lang='lat' dir='ltr'>ipso</span> <span class='ocrx_word' id='word_1_299' title='bbox 842 1683 1037 1734; x_wconf 85' lang='lat' dir='ltr'>principio</span> <span class='ocrx_word' id='word_1_300' title='bbox 1058 1682 1182 1720; x_wconf 87' lang='lat' dir='ltr'>animi</span> <span class='ocrx_word' id='word_1_301' title='bbox 1202 1682 1330 1734; x_wconf 76' lang='lat' dir='ltr'>iniqui</span> <span class='ocrx_word' id='word_1_302' title='bbox 1350 1695 1397 1720; x_wconf 91' lang='lat' dir='ltr'>ac</span> <span class='ocrx_word' id='word_1_303' title='bbox 1416 1683 1600 1723; x_wconf 84' lang='lat' dir='ltr'>malevoli</span> <span class='ocrx_word' id='word_1_304' title='bbox 1616 1686 1806 1727; x_wconf 79' lang='lat' dir='ltr'>indicium</span> 
     </span>
     <span class='ocr_line' id='line_1_28' title="bbox 84 1734 1806 1795; baseline 0.003 -19"><span class='ocrx_word' id='word_1_305' title='bbox 84 1738 223 1790; x_wconf 76' lang='lat' dir='ltr'>Censor</span> <span class='ocrx_word' id='word_1_306' title='bbox 234 1738 440 1791; x_wconf 86' lang='lat' dir='ltr'>praebeat,</span> <span class='ocrx_word' id='word_1_307' title='bbox 469 1738 538 1791; x_wconf 83' lang='lat' dir='ltr'>qui</span> <span class='ocrx_word' id='word_1_308' title='bbox 556 1736 627 1775; x_wconf 83' lang='lat' dir='ltr'>hoc</span> <span class='ocrx_word' id='word_1_309' title='bbox 646 1744 771 1774; x_wconf 74' lang='lat' dir='ltr'><em>totum</em></span> <span class='ocrx_word' id='word_1_310' title='bbox 791 1737 975 1774; x_wconf 88' lang='lat' dir='ltr'>omittens</span> <span class='ocrx_word' id='word_1_311' title='bbox 986 1735 1106 1788; x_wconf 85' lang='lat' dir='ltr'>plane</span> <span class='ocrx_word' id='word_1_312' title='bbox 1130 1737 1192 1774; x_wconf 88' lang='lat' dir='ltr'>ita</span> <span class='ocrx_word' id='word_1_313' title='bbox 1219 1734 1393 1787; x_wconf 76' lang='lat' dir='ltr'>loquitur</span> <span class='ocrx_word' id='word_1_314' title='bbox 1412 1766 1423 1784; x_wconf 94' lang='lat'>,</span> <span class='ocrx_word' id='word_1_315' title='bbox 1463 1746 1507 1776; x_wconf 83' lang='lat' dir='ltr'>ut</span> <span class='ocrx_word' id='word_1_316' title='bbox 1529 1752 1652 1778; x_wconf 81' lang='lat' dir='ltr'>rerum</span> <span class='ocrx_word' id='word_1_317' title='bbox 1674 1743 1806 1795; x_wconf 68' lang='lat' dir='ltr'>ignari</span> 
     </span>
     <span class='ocr_line' id='line_1_29' title="bbox 21 1787 1806 1847; baseline 0 -16"><span class='ocrx_word' id='word_1_318' title='bbox 21 1833 25 1835; x_wconf 59' lang='grc'><strong>,</strong></span> <span class='ocrx_word' id='word_1_319' title='bbox 82 1791 242 1832; x_wconf 64' lang='lat' dir='ltr'>lectores</span> <span class='ocrx_word' id='word_1_320' title='bbox 262 1804 406 1831; x_wconf 89' lang='lat' dir='ltr'><em>omnem</em></span> <span class='ocrx_word' id='word_1_321' title='bbox 429 1791 578 1845; x_wconf 81' lang='lat' dir='ltr'><em>culpam</em></span> <span class='ocrx_word' id='word_1_322' title='bbox 597 1792 738 1830; x_wconf 75' lang='lat' dir='ltr'>erroris</span> <span class='ocrx_word' id='word_1_323' title='bbox 759 1803 832 1829; x_wconf 90' lang='lat' dir='ltr'>non</span> <span class='ocrx_word' id='word_1_324' title='bbox 845 1787 986 1843; x_wconf 84' lang='lat' dir='ltr'><em>poffint</em></span> <span class='ocrx_word' id='word_1_325' title='bbox 1006 1803 1080 1829; x_wconf 89' lang='lat' dir='ltr'>non</span> <span class='ocrx_word' id='word_1_326' title='bbox 1102 1790 1145 1829; x_wconf 89' lang='lat' dir='ltr'>in</span> <span class='ocrx_word' id='word_1_327' title='bbox 1167 1788 1287 1830; x_wconf 89' lang='lat' dir='ltr'>solum</span> <span class='ocrx_word' id='word_1_328' title='bbox 1312 1790 1508 1832; x_wconf 87' lang='lat' dir='ltr'>Erasmum</span> <span class='ocrx_word' id='word_1_329' title='bbox 1531 1793 1726 1847; x_wconf 78' lang='lat' dir='ltr'><em>conjicere.</em></span> <span class='ocrx_word' id='word_1_330' title='bbox 1740 1821 1806 1831; x_wconf 78' lang='grc'><strong>--.,.</strong></span> 
     </span>
     <span class='ocr_line' id='line_1_30' title="bbox 83 1844 1802 1905; baseline 0.004 -20"><span class='ocrx_word' id='word_1_331' title='bbox 83 1847 172 1901; x_wconf 63' lang='lat' dir='ltr'>,Qui</span> <span class='ocrx_word' id='word_1_332' title='bbox 182 1846 338 1901; x_wconf 77' lang='lat' dir='ltr'><em>paulum</em></span> <span class='ocrx_word' id='word_1_333' title='bbox 360 1845 465 1885; x_wconf 83' lang='lat' dir='ltr'><em>modo</em></span> <span class='ocrx_word' id='word_1_334' title='bbox 484 1847 700 1900; x_wconf 80' lang='lat' dir='ltr'>aequitatis</span> <span class='ocrx_word' id='word_1_335' title='bbox 717 1858 763 1884; x_wconf 90' lang='lat' dir='ltr'>ac</span> <span class='ocrx_word' id='word_1_336' title='bbox 781 1844 1052 1884; x_wconf 85' lang='lat' dir='ltr'>moderationis</span> <span class='ocrx_word' id='word_1_337' title='bbox 1071 1844 1127 1883; x_wconf 86' lang='lat' dir='ltr'>ad</span> <span class='ocrx_word' id='word_1_338' title='bbox 1143 1845 1352 1896; x_wconf 77' lang='lat' dir='ltr'>Censitram</span> <span class='ocrx_word' id='word_1_339' title='bbox 1373 1845 1407 1883; x_wconf 91' lang='lat' dir='ltr'>C</span> <span class='ocrx_word' id='word_1_340' title='bbox 1408 1848 1565 1886; x_wconf 81' lang='lat' dir='ltr'>riticam</span> <span class='ocrx_word' id='word_1_341' title='bbox 1576 1851 1802 1905; x_wconf 78' lang='lat' dir='ltr'><em>attulerint,</em></span> 
     </span>
     <span class='ocr_line' id='line_1_31' title="bbox 83 1898 1804 1955; baseline 0 -14"><span class='ocrx_word' id='word_1_342' title='bbox 83 1915 157 1941; x_wconf 86' lang='lat' dir='ltr'>non</span> <span class='ocrx_word' id='word_1_343' title='bbox 170 1909 347 1955; x_wconf 82' lang='lat' dir='ltr'>gravate</span> <span class='ocrx_word' id='word_1_344' title='bbox 365 1901 561 1954; x_wconf 82' lang='lat' dir='ltr'><em>ignoscent</em></span> <span class='ocrx_word' id='word_1_345' title='bbox 579 1898 745 1950; x_wconf 81' lang='lat' dir='ltr'><em>Erasmo</em></span> <span class='ocrx_word' id='word_1_346' title='bbox 757 1930 768 1949; x_wconf 90' lang='lat'>,</span> <span class='ocrx_word' id='word_1_347' title='bbox 797 1901 865 1953; x_wconf 81' lang='lat' dir='ltr'>qui</span> <span class='ocrx_word' id='word_1_348' title='bbox 884 1902 927 1939; x_wconf 87' lang='lat' dir='ltr'>in</span> <span class='ocrx_word' id='word_1_349' title='bbox 948 1913 1112 1939; x_wconf 81' lang='lat' dir='ltr'>errorem</span> <span class='ocrx_word' id='word_1_350' title='bbox 1128 1899 1393 1953; x_wconf 61' lang='lat' dir='ltr'>hujuscemodi</span> <span class='ocrx_word' id='word_1_351' title='bbox 1408 1904 1632 1954; x_wconf 72' lang='lat' dir='ltr'>pertraHus</span> <span class='ocrx_word' id='word_1_352' title='bbox 1650 1905 1698 1944; x_wconf 79' lang='lat' dir='ltr'><em>ab</em></span> <span class='ocrx_word' id='word_1_353' title='bbox 1709 1908 1804 1948; x_wconf 70' lang='lat' dir='ltr'>aljis</span> 
     </span>
     <span class='ocr_line' id='line_1_32' title="bbox 69 1955 1804 2010; baseline 0.005 -15"><span class='ocrx_word' id='word_1_354' title='bbox 69 1956 211 2008; x_wconf 82' lang='lat' dir='ltr'>fuerat</span> <span class='ocrx_word' id='word_1_355' title='bbox 230 1958 388 2010; x_wconf 85' lang='lat' dir='ltr'>potius,</span> <span class='ocrx_word' id='word_1_356' title='bbox 417 1969 531 2010; x_wconf 85' lang='lat' dir='ltr'><em>quam</em></span> <span class='ocrx_word' id='word_1_357' title='bbox 560 1963 606 1994; x_wconf 85' lang='lat' dir='ltr'>ut</span> <span class='ocrx_word' id='word_1_358' title='bbox 638 1968 724 1994; x_wconf 87' lang='lat' dir='ltr'>eum</span> <span class='ocrx_word' id='word_1_359' title='bbox 745 1955 822 2007; x_wconf 74' lang='lat' dir='ltr'>ipse</span> <span class='ocrx_word' id='word_1_360' title='bbox 835 1957 985 2007; x_wconf 82' lang='lat' dir='ltr'>primus</span> <span class='ocrx_word' id='word_1_361' title='bbox 1006 1963 1156 1994; x_wconf 87' lang='lat' dir='ltr'>erraret</span> <span class='ocrx_word' id='word_1_362' title='bbox 1178 1963 1297 2008; x_wconf 85' lang='lat' dir='ltr'>atque</span> <span class='ocrx_word' id='word_1_363' title='bbox 1314 1958 1590 1999; x_wconf 82' lang='lat' dir='ltr'>committeret.</span> <span class='ocrx_word' id='word_1_364' title='bbox 1646 1963 1701 2001; x_wconf 86' lang='lat' dir='ltr'>Ar</span> <span class='ocrx_word' id='word_1_365' title='bbox 1721 1977 1804 2004; x_wconf 88' lang='lat' dir='ltr'>non</span> 
     </span>
     <span class='ocr_line' id='line_1_33' title="bbox 79 2008 1805 2068; baseline 0.005 -17"><span class='ocrx_word' id='word_1_366' title='bbox 79 2025 155 2065; x_wconf 83' lang='lat' dir='ltr'>ego</span> <span class='ocrx_word' id='word_1_367' title='bbox 183 2010 262 2050; x_wconf 86' lang='lat' dir='ltr'>dixi</span> <span class='ocrx_word' id='word_1_368' title='bbox 293 2010 488 2051; x_wconf 82' lang='lat' dir='ltr'>Erasmum</span> <span class='ocrx_word' id='word_1_369' title='bbox 517 2011 680 2064; x_wconf 91' lang='lat' dir='ltr'>primum</span> <span class='ocrx_word' id='word_1_370' title='bbox 703 2011 740 2048; x_wconf 89' lang='lat'>&amp;</span> <span class='ocrx_word' id='word_1_371' title='bbox 759 2008 878 2049; x_wconf 88' lang='lat' dir='ltr'>solum</span> <span class='ocrx_word' id='word_1_372' title='bbox 898 2009 1052 2061; x_wconf 76' lang='lat' dir='ltr'>errasse,</span> <span class='ocrx_word' id='word_1_373' title='bbox 1084 2008 1148 2050; x_wconf 87' lang='lat' dir='ltr'>sed</span> <span class='ocrx_word' id='word_1_374' title='bbox 1169 2008 1321 2050; x_wconf 87' lang='lat' dir='ltr'>errasse:</span> <span class='ocrx_word' id='word_1_375' title='bbox 1351 2008 1430 2051; x_wconf 86' lang='lat' dir='ltr'>five</span> <span class='ocrx_word' id='word_1_376' title='bbox 1450 2022 1575 2053; x_wconf 89' lang='lat' dir='ltr'>autem</span> <span class='ocrx_word' id='word_1_377' title='bbox 1598 2016 1742 2068; x_wconf 90' lang='lat' dir='ltr'>primus</span> <span class='ocrx_word' id='word_1_378' title='bbox 1761 2022 1805 2058; x_wconf 73' lang='grc' dir='ltr'>δε</span> 
     </span>
     <span class='ocr_line' id='line_1_34' title="bbox 80 2064 1802 2123; baseline 0.005 -17"><span class='ocrx_word' id='word_1_379' title='bbox 80 2067 201 2112; x_wconf 87' lang='lat' dir='ltr'>solus,</span> <span class='ocrx_word' id='word_1_380' title='bbox 225 2065 300 2106; x_wconf 85' lang='lat' dir='ltr'>five</span> <span class='ocrx_word' id='word_1_381' title='bbox 325 2080 412 2106; x_wconf 89' lang='lat' dir='ltr'>cum</span> <span class='ocrx_word' id='word_1_382' title='bbox 432 2066 512 2106; x_wconf 89' lang='lat' dir='ltr'>aliis</span> <span class='ocrx_word' id='word_1_383' title='bbox 532 2069 572 2105; x_wconf 72' lang='grc' dir='ltr'>ὃς</span> <span class='ocrx_word' id='word_1_384' title='bbox 600 2065 686 2119; x_wconf 90' lang='lat' dir='ltr'>post</span> <span class='ocrx_word' id='word_1_385' title='bbox 713 2064 806 2105; x_wconf 86' lang='lat' dir='ltr'>alios</span> <span class='ocrx_word' id='word_1_386' title='bbox 838 2065 1038 2115; x_wconf 85' lang='lat' dir='ltr'>erraverit,</span> <span class='ocrx_word' id='word_1_387' title='bbox 1078 2065 1216 2106; x_wconf 88' lang='lat' dir='ltr'>erravit</span> <span class='ocrx_word' id='word_1_388' title='bbox 1236 2076 1375 2106; x_wconf 92' lang='lat' dir='ltr'>tamen.</span> <span class='ocrx_word' id='word_1_389' title='bbox 1431 2066 1577 2122; x_wconf 88' lang='lat' dir='ltr'>Neque</span> <span class='ocrx_word' id='word_1_390' title='bbox 1597 2074 1728 2123; x_wconf 85' lang='lat' dir='ltr'>putavi</span> <span class='ocrx_word' id='word_1_391' title='bbox 1749 2075 1802 2114; x_wconf 91' lang='lat' dir='ltr'>ad</span> 
     </span>
     <span class='ocr_line' id='line_1_35' title="bbox 80 2120 1804 2176; baseline -0.001 -15"><span class='ocrx_word' id='word_1_392' title='bbox 80 2135 205 2162; x_wconf 88' lang='lat' dir='ltr'>meum</span> <span class='ocrx_word' id='word_1_393' title='bbox 236 2120 405 2161; x_wconf 87' lang='lat' dir='ltr'>officium</span> <span class='ocrx_word' id='word_1_394' title='bbox 435 2122 645 2174; x_wconf 83' lang='lat' dir='ltr'>pertinere,</span> <span class='ocrx_word' id='word_1_395' title='bbox 674 2132 717 2160; x_wconf 90' lang='lat' dir='ltr'>ut</span> <span class='ocrx_word' id='word_1_396' title='bbox 740 2120 980 2174; x_wconf 82' lang='lat' dir='ltr'>genealogias</span> <span class='ocrx_word' id='word_1_397' title='bbox 1000 2123 1038 2159; x_wconf 91' lang='lat'>&amp;</span> <span class='ocrx_word' id='word_1_398' title='bbox 1058 2121 1224 2174; x_wconf 83' lang='lat' dir='ltr'>origines</span> <span class='ocrx_word' id='word_1_399' title='bbox 1251 2135 1421 2162; x_wconf 89' lang='lat' dir='ltr'>errorum</span> <span class='ocrx_word' id='word_1_400' title='bbox 1442 2121 1661 2176; x_wconf 82' lang='lat' dir='ltr'>scriberem,</span> <span class='ocrx_word' id='word_1_401' title='bbox 1693 2131 1732 2167; x_wconf 87' lang='lat'>&amp;</span> <span class='ocrx_word' id='word_1_402' title='bbox 1754 2130 1804 2169; x_wconf 84' lang='grc' dir='ltr'>Ε,</span> 
     </span>
     <span class='ocr_line' id='line_1_36' title="bbox 79 2175 1802 2232; baseline 0.003 -16"><span class='ocrx_word' id='word_1_403' title='bbox 79 2176 238 2216; x_wconf 88' lang='lat' dir='ltr'>rasmum</span> <span class='ocrx_word' id='word_1_404' title='bbox 265 2190 285 2215; x_wconf 87' lang='lat' dir='ltr'>a</span> <span class='ocrx_word' id='word_1_405' title='bbox 315 2176 507 2216; x_wconf 88' lang='lat' dir='ltr'>monacho</span> <span class='ocrx_word' id='word_1_406' title='bbox 535 2175 817 2225; x_wconf 80' lang='lat' dir='ltr'>Dominicano,</span> <span class='ocrx_word' id='word_1_407' title='bbox 848 2175 1066 2216; x_wconf 13' lang='lat' dir='ltr'>huncrvero</span> <span class='ocrx_word' id='word_1_408' title='bbox 1097 2191 1119 2216; x_wconf 89' lang='lat' dir='ltr'>a</span> <span class='ocrx_word' id='word_1_409' title='bbox 1151 2176 1349 2216; x_wconf 85' lang='lat' dir='ltr'>Cardinali</span> <span class='ocrx_word' id='word_1_410' title='bbox 1380 2178 1598 2232; x_wconf 85' lang='lat' dir='ltr'>Ragufin0‚</span> <span class='ocrx_word' id='word_1_411' title='bbox 1631 2185 1669 2221; x_wconf 91' lang='lat'>&amp;</span> <span class='ocrx_word' id='word_1_412' title='bbox 1699 2183 1802 2224; x_wconf 87' lang='lat' dir='ltr'>hunc</span> 
     </span>
     <span class='ocr_line' id='line_1_37' title="bbox 79 2230 1802 2288; baseline 0.005 -17"><span class='ocrx_word' id='word_1_413' title='bbox 79 2232 213 2272; x_wconf 87' lang='lat' dir='ltr'>iterum</span> <span class='ocrx_word' id='word_1_414' title='bbox 243 2230 290 2270; x_wconf 90' lang='lat' dir='ltr'>ab</span> <span class='ocrx_word' id='word_1_415' title='bbox 318 2231 393 2271; x_wconf 88' lang='lat' dir='ltr'>alio</span> <span class='ocrx_word' id='word_1_416' title='bbox 424 2232 461 2272; x_wconf 89' lang='lat' dir='ltr'>in</span> <span class='ocrx_word' id='word_1_417' title='bbox 482 2245 648 2272; x_wconf 88' lang='lat' dir='ltr'>errorem</span> <span class='ocrx_word' id='word_1_418' title='bbox 668 2232 899 2285; x_wconf 54' lang='lat' dir='ltr'>pertraOEtum</span> <span class='ocrx_word' id='word_1_419' title='bbox 918 2230 1025 2271; x_wconf 81' lang='lat' dir='ltr'>fuisse</span> <span class='ocrx_word' id='word_1_420' title='bbox 1045 2231 1246 2279; x_wconf 60' lang='lat' dir='ltr'>docerem</span> <span class='ocrx_word' id='word_1_421' title='bbox 1275 2232 1370 2286; x_wconf 89' lang='lat' dir='ltr'>quid</span> <span class='ocrx_word' id='word_1_422' title='bbox 1387 2231 1413 2271; x_wconf 88' lang='lat' dir='ltr'>fi</span> <span class='ocrx_word' id='word_1_423' title='bbox 1434 2234 1538 2274; x_wconf 89' lang='lat' dir='ltr'>enim</span> <span class='ocrx_word' id='word_1_424' title='bbox 1558 2236 1722 2288; x_wconf 87' lang='lat' dir='ltr'>primum</span> <span class='ocrx_word' id='word_1_425' title='bbox 1744 2254 1802 2279; x_wconf 84' lang='lat' dir='ltr'>er-</span> 
     </span>
     <span class='ocr_line' id='line_1_38' title="bbox 79 2284 1797 2341; baseline 0.006 -16"><span class='ocrx_word' id='word_1_426' title='bbox 79 2287 174 2326; x_wconf 88' lang='lat' dir='ltr'>roris</span> <span class='ocrx_word' id='word_1_427' title='bbox 201 2284 348 2326; x_wconf 90' lang='lat' dir='ltr'>fontem</span> <span class='ocrx_word' id='word_1_428' title='bbox 375 2286 555 2341; x_wconf 87' lang='lat' dir='ltr'>indagare</span> <span class='ocrx_word' id='word_1_429' title='bbox 584 2300 662 2327; x_wconf 91' lang='lat' dir='ltr'>non</span> <span class='ocrx_word' id='word_1_430' title='bbox 692 2286 838 2340; x_wconf 78' lang='lat' dir='ltr'>poss&#39;em</span> <span class='ocrx_word' id='word_1_431' title='bbox 862 2316 873 2335; x_wconf 93' lang='lat'>,</span> <span class='ocrx_word' id='word_1_432' title='bbox 904 2285 1044 2326; x_wconf 85' lang='lat' dir='ltr'>ideone</span> <span class='ocrx_word' id='word_1_433' title='bbox 1062 2300 1166 2326; x_wconf 85' lang='lat' dir='ltr'>error</span> <span class='ocrx_word' id='word_1_434' title='bbox 1188 2299 1250 2326; x_wconf 89' lang='lat' dir='ltr'>aut</span> <span class='ocrx_word' id='word_1_435' title='bbox 1269 2301 1348 2327; x_wconf 89' lang='lat' dir='ltr'>non</span> <span class='ocrx_word' id='word_1_436' title='bbox 1370 2286 1460 2327; x_wconf 81' lang='lat' dir='ltr'>effer</span> <span class='ocrx_word' id='word_1_437' title='bbox 1479 2303 1603 2341; x_wconf 88' lang='lat' dir='ltr'>error,</span> <span class='ocrx_word' id='word_1_438' title='bbox 1633 2305 1697 2333; x_wconf 88' lang='lat' dir='ltr'>aut</span> <span class='ocrx_word' id='word_1_439' title='bbox 1717 2308 1797 2335; x_wconf 93' lang='lat' dir='ltr'>non</span> 
     </span>
     <span class='ocr_line' id='line_1_39' title="bbox 78 2340 1801 2396; baseline 0.005 -15"><span class='ocrx_word' id='word_1_440' title='bbox 78 2340 167 2381; x_wconf 76' lang='lat' dir='ltr'>estet</span> <span class='ocrx_word' id='word_1_441' title='bbox 188 2342 405 2382; x_wconf 90' lang='lat' dir='ltr'>notandus?</span> <span class='ocrx_word' id='word_1_442' title='bbox 436 2342 522 2396; x_wconf 89' lang='lat' dir='ltr'>Ego</span> <span class='ocrx_word' id='word_1_443' title='bbox 551 2341 725 2395; x_wconf 85' lang='lat' dir='ltr'>scapham</span> <span class='ocrx_word' id='word_1_444' title='bbox 747 2341 900 2395; x_wconf 82' lang='lat' dir='ltr'>appello</span> <span class='ocrx_word' id='word_1_445' title='bbox 931 2341 1107 2395; x_wconf 84' lang='lat' dir='ltr'>scapham</span> <span class='ocrx_word' id='word_1_446' title='bbox 1125 2373 1138 2392; x_wconf 87' lang='lat'>,</span> <span class='ocrx_word' id='word_1_447' title='bbox 1167 2343 1382 2395; x_wconf 87' lang='lat' dir='ltr'>ubicunque</span> <span class='ocrx_word' id='word_1_448' title='bbox 1401 2343 1605 2394; x_wconf 67' lang='lat' dir='ltr'>invenero,</span> <span class='ocrx_word' id='word_1_449' title='bbox 1635 2361 1706 2387; x_wconf 89' lang='lat' dir='ltr'>nec</span> <span class='ocrx_word' id='word_1_450' title='bbox 1728 2349 1801 2390; x_wconf 90' lang='lat' dir='ltr'>sol-</span> 
     </span>
     <span class='ocr_line' id='line_1_40' title="bbox 77 2395 1797 2453; baseline 0.005 -18"><span class='ocrx_word' id='word_1_451' title='bbox 77 2395 178 2437; x_wconf 89' lang='lat' dir='ltr'>licite</span> <span class='ocrx_word' id='word_1_452' title='bbox 203 2396 454 2450; x_wconf 85' lang='lat' dir='ltr'>inquiro,aut</span> <span class='ocrx_word' id='word_1_453' title='bbox 474 2398 558 2451; x_wconf 90' lang='lat' dir='ltr'>quis</span> <span class='ocrx_word' id='word_1_454' title='bbox 573 2397 674 2436; x_wconf 84' lang='lat' dir='ltr'>illam</span> <span class='ocrx_word' id='word_1_455' title='bbox 695 2397 839 2451; x_wconf 86' lang='lat' dir='ltr'>primus</span> <span class='ocrx_word' id='word_1_456' title='bbox 860 2396 1119 2446; x_wconf 81' lang='lat' dir='ltr'>fabricaverit,</span> <span class='ocrx_word' id='word_1_457' title='bbox 1150 2410 1213 2438; x_wconf 86' lang='lat' dir='ltr'>aut</span> <span class='ocrx_word' id='word_1_458' title='bbox 1234 2398 1300 2451; x_wconf 89' lang='lat' dir='ltr'>qui</span> <span class='ocrx_word' id='word_1_459' title='bbox 1320 2398 1473 2438; x_wconf 88' lang='lat' dir='ltr'>inillam</span> <span class='ocrx_word' id='word_1_460' title='bbox 1487 2401 1617 2453; x_wconf 85' lang='lat' dir='ltr'>postea</span> <span class='ocrx_word' id='word_1_461' title='bbox 1630 2433 1641 2452; x_wconf 93' lang='lat'>,</span> <span class='ocrx_word' id='word_1_462' title='bbox 1661 2407 1698 2442; x_wconf 69' lang='grc' dir='ltr'>ὅ(</span> <span class='ocrx_word' id='word_1_463' title='bbox 1711 2404 1797 2444; x_wconf 87' lang='lat' dir='ltr'>lon-</span> 
     </span>
     <span class='ocr_line' id='line_1_41' title="bbox 78 2451 1795 2513; baseline 0.003 -23"><span class='ocrx_word' id='word_1_464' title='bbox 78 2465 131 2506; x_wconf 88' lang='lat' dir='ltr'>go</span> <span class='ocrx_word' id='word_1_465' title='bbox 149 2452 330 2504; x_wconf 89' lang='lat' dir='ltr'>temporis</span> <span class='ocrx_word' id='word_1_466' title='bbox 348 2452 506 2501; x_wconf 84' lang='lat' dir='ltr'>ordine,</span> <span class='ocrx_word' id='word_1_467' title='bbox 529 2452 829 2492; x_wconf 85' lang='lat' dir='ltr'>conscenderint.</span> <span class='ocrx_word' id='word_1_468' title='bbox 862 2451 1046 2506; x_wconf 89' lang='lat' dir='ltr'>Cumque</span> <span class='ocrx_word' id='word_1_469' title='bbox 1068 2452 1242 2492; x_wconf 87' lang='lat' dir='ltr'>Erasmus</span> <span class='ocrx_word' id='word_1_470' title='bbox 1271 2466 1341 2493; x_wconf 90' lang='lat' dir='ltr'>nec</span> <span class='ocrx_word' id='word_1_471' title='bbox 1372 2452 1444 2493; x_wconf 90' lang='lat' dir='ltr'>hac</span> <span class='ocrx_word' id='word_1_472' title='bbox 1475 2469 1546 2495; x_wconf 87' lang='lat' dir='ltr'>nec</span> <span class='ocrx_word' id='word_1_473' title='bbox 1570 2456 1631 2496; x_wconf 90' lang='lat' dir='ltr'>illa</span> <span class='ocrx_word' id='word_1_474' title='bbox 1654 2488 1665 2507; x_wconf 86' lang='lat'>,</span> <span class='ocrx_word' id='word_1_475' title='bbox 1696 2473 1795 2513; x_wconf 80' lang='lat' dir='ltr'>quae</span> 
     </span>
     <span class='ocr_line' id='line_1_42' title="bbox 79 2506 1795 2566; baseline 0.005 -21"><span class='ocrx_word' id='word_1_476' title='bbox 79 2506 291 2558; x_wconf 85' lang='lat' dir='ltr'>praecedit,</span> <span class='ocrx_word' id='word_1_477' title='bbox 319 2507 557 2548; x_wconf 87' lang='lat' dir='ltr'>excusatione</span> <span class='ocrx_word' id='word_1_478' title='bbox 578 2521 746 2561; x_wconf 86' lang='lat' dir='ltr'>unquam</span> <span class='ocrx_word' id='word_1_479' title='bbox 765 2507 875 2547; x_wconf 87' lang='lat' dir='ltr'>fuerit</span> <span class='ocrx_word' id='word_1_480' title='bbox 896 2507 1001 2552; x_wconf 85' lang='lat' dir='ltr'>usus,</span> <span class='ocrx_word' id='word_1_481' title='bbox 1031 2507 1143 2548; x_wconf 91' lang='lat' dir='ltr'>valde</span> <span class='ocrx_word' id='word_1_482' title='bbox 1160 2507 1316 2556; x_wconf 90' lang='lat' dir='ltr'>dubito,</span> <span class='ocrx_word' id='word_1_483' title='bbox 1330 2518 1453 2549; x_wconf 88' lang='lat' dir='ltr'>utrum</span> <span class='ocrx_word' id='word_1_484' title='bbox 1466 2509 1795 2566; x_wconf 79' lang='lat' dir='ltr'>vindicationem,</span> 
     </span>
     <span class='ocr_line' id='line_1_43' title="bbox 79 2560 1795 2617; baseline 0.006 -17"><span class='ocrx_word' id='word_1_485' title='bbox 79 2560 106 2600; x_wconf 78' lang='lat' dir='ltr'>si</span> <span class='ocrx_word' id='word_1_486' title='bbox 137 2575 238 2602; x_wconf 89' lang='lat' dir='ltr'>nunc</span> <span class='ocrx_word' id='word_1_487' title='bbox 265 2562 367 2602; x_wconf 88' lang='lat' dir='ltr'>illam</span> <span class='ocrx_word' id='word_1_488' title='bbox 398 2562 564 2612; x_wconf 86' lang='lat' dir='ltr'>audiret,</span> <span class='ocrx_word' id='word_1_489' title='bbox 595 2563 738 2603; x_wconf 84' lang='lat' dir='ltr'>calculo</span> <span class='ocrx_word' id='word_1_490' title='bbox 768 2562 835 2602; x_wconf 92' lang='lat' dir='ltr'>suo</span> <span class='ocrx_word' id='word_1_491' title='bbox 855 2563 1152 2616; x_wconf 86' lang='lat' dir='ltr'>approbaturus,</span> <span class='ocrx_word' id='word_1_492' title='bbox 1180 2565 1220 2601; x_wconf 91' lang='lat'>&amp;</span> <span class='ocrx_word' id='word_1_493' title='bbox 1240 2564 1361 2603; x_wconf 90' lang='lat' dir='ltr'>autori</span> <span class='ocrx_word' id='word_1_494' title='bbox 1391 2565 1521 2617; x_wconf 87' lang='lat' dir='ltr'>gratiis</span> <span class='ocrx_word' id='word_1_495' title='bbox 1548 2567 1642 2607; x_wconf 63' lang='lat' dir='ltr'>afris</span> <span class='ocrx_word' id='word_1_496' title='bbox 1671 2569 1795 2611; x_wconf 59' lang='lat' dir='ltr'>dieiu-</span> 
     </span>
     <span class='ocr_line' id='line_1_44' title="bbox 78 2615 1808 2671; baseline 0.007 -17"><span class='ocrx_word' id='word_1_497' title='bbox 78 2629 138 2655; x_wconf 91' lang='lat' dir='ltr'>rus</span> <span class='ocrx_word' id='word_1_498' title='bbox 167 2615 277 2657; x_wconf 72' lang='lat' dir='ltr'>ess‘et:</span> <span class='ocrx_word' id='word_1_499' title='bbox 305 2644 331 2667; x_wconf 82' lang='lat'>‚,</span> <span class='ocrx_word' id='word_1_500' title='bbox 363 2618 468 2658; x_wconf 86' lang='lat' dir='ltr'>Bene</span> <span class='ocrx_word' id='word_1_501' title='bbox 497 2617 545 2657; x_wconf 91' lang='lat' dir='ltr'>de</span> <span class='ocrx_word' id='word_1_502' title='bbox 576 2631 637 2657; x_wconf 92' lang='lat' dir='ltr'>me</span> <span class='ocrx_word' id='word_1_503' title='bbox 658 2617 839 2671; x_wconf 76' lang='lat' dir='ltr'>scripsisti.</span> <span class='ocrx_word' id='word_1_504' title='bbox 896 2617 1007 2657; x_wconf 88' lang='lat' dir='ltr'>Falso</span> <span class='ocrx_word' id='word_1_505' title='bbox 1030 2620 1070 2656; x_wconf 88' lang='lat'>&amp;</span> <span class='ocrx_word' id='word_1_506' title='bbox 1089 2631 1156 2671; x_wconf 91' lang='lat' dir='ltr'>per</span> <span class='ocrx_word' id='word_1_507' title='bbox 1175 2617 1404 2658; x_wconf 84' lang='lat' dir='ltr'>calumniam</span> <span class='ocrx_word' id='word_1_508' title='bbox 1425 2622 1561 2660; x_wconf 85' lang='lat' dir='ltr'>erroris</span> <span class='ocrx_word' id='word_1_509' title='bbox 1580 2636 1626 2662; x_wconf 85' lang='lat' dir='ltr'>ex</span> <span class='ocrx_word' id='word_1_510' title='bbox 1648 2624 1808 2666; x_wconf 75' lang='lat' dir='ltr'>incuria</span> 
     </span>
     <span class='ocr_line' id='line_1_45' title="bbox 75 2672 1793 2727; baseline 0.002 -16"><span class='ocrx_word' id='word_1_511' title='bbox 75 2696 104 2720; x_wconf 67' lang='lat'>2,</span> <span class='ocrx_word' id='word_1_512' title='bbox 132 2672 206 2711; x_wconf 91' lang='lat' dir='ltr'>orti</span> <span class='ocrx_word' id='word_1_513' title='bbox 223 2672 411 2713; x_wconf 85' lang='lat' dir='ltr'>accusatus</span> <span class='ocrx_word' id='word_1_514' title='bbox 431 2672 504 2712; x_wconf 83' lang='lat' dir='ltr'>fui:</span> <span class='ocrx_word' id='word_1_515' title='bbox 535 2687 614 2712; x_wconf 90' lang='lat' dir='ltr'>non</span> <span class='ocrx_word' id='word_1_516' title='bbox 633 2673 704 2713; x_wconf 90' lang='lat' dir='ltr'>fuit</span> <span class='ocrx_word' id='word_1_517' title='bbox 722 2673 866 2713; x_wconf 85' lang='lat' dir='ltr'>incuria</span> <span class='ocrx_word' id='word_1_518' title='bbox 887 2673 950 2713; x_wconf 91' lang='lat' dir='ltr'>sed</span> <span class='ocrx_word' id='word_1_519' title='bbox 972 2672 1205 2727; x_wconf 86' lang='lat' dir='ltr'>ignorantia;</span> <span class='ocrx_word' id='word_1_520' title='bbox 1238 2672 1413 2727; x_wconf 82' lang='lat' dir='ltr'>siglarum</span> <span class='ocrx_word' id='word_1_521' title='bbox 1433 2674 1569 2716; x_wconf 67' lang='lat' dir='ltr'>dustus</span> <span class='ocrx_word' id='word_1_522' title='bbox 1587 2691 1695 2718; x_wconf 72' lang='lat' dir='ltr'>erant</span> <span class='ocrx_word' id='word_1_523' title='bbox 1714 2693 1793 2720; x_wconf 74' lang='lat' dir='ltr'>tam</span> 
     </span>
     <span class='ocr_line' id='line_1_46' title="bbox 76 2726 1794 2789; baseline 0.004 -23"><span class='ocrx_word' id='word_1_524' title='bbox 76 2754 103 2774; x_wconf 89' lang='lat'><strong>„</strong></span> <span class='ocrx_word' id='word_1_525' title='bbox 131 2726 294 2766; x_wconf 87' lang='lat' dir='ltr'>intricati</span> <span class='ocrx_word' id='word_1_526' title='bbox 325 2732 362 2768; x_wconf 75' lang='grc' dir='ltr'>ὅ(</span> <span class='ocrx_word' id='word_1_527' title='bbox 391 2727 486 2768; x_wconf 91' lang='lat' dir='ltr'>mihi</span> <span class='ocrx_word' id='word_1_528' title='bbox 514 2741 595 2767; x_wconf 89' lang='lat' dir='ltr'>non</span> <span class='ocrx_word' id='word_1_529' title='bbox 623 2727 708 2768; x_wconf 90' lang='lat' dir='ltr'>satis</span> <span class='ocrx_word' id='word_1_530' title='bbox 737 2728 1032 2782; x_wconf 86' lang='lat' dir='ltr'>cognoscibiles,</span> <span class='ocrx_word' id='word_1_531' title='bbox 1063 2728 1255 2768; x_wconf 62' lang='lat' dir='ltr'>character</span> <span class='ocrx_word' id='word_1_532' title='bbox 1283 2741 1360 2768; x_wconf 88' lang='lat' dir='ltr'>tam</span> <span class='ocrx_word' id='word_1_533' title='bbox 1392 2728 1576 2774; x_wconf 76' lang='lat' dir='ltr'>difficilis,</span> <span class='ocrx_word' id='word_1_534' title='bbox 1609 2745 1651 2773; x_wconf 88' lang='lat' dir='ltr'>ut</span> <span class='ocrx_word' id='word_1_535' title='bbox 1671 2734 1794 2789; x_wconf 83' lang='lat' dir='ltr'>legere</span> 
     </span>
     <span class='ocr_line' id='line_1_47' title="bbox 76 2782 1793 2841; baseline 0.006 -22"><span class='ocrx_word' id='word_1_536' title='bbox 76 2808 102 2828; x_wconf 90' lang='lat'>„</span> <span class='ocrx_word' id='word_1_537' title='bbox 132 2794 209 2820; x_wconf 90' lang='lat' dir='ltr'>non</span> <span class='ocrx_word' id='word_1_538' title='bbox 227 2783 426 2834; x_wconf 86' lang='lat' dir='ltr'>potuerim.</span> <span class='ocrx_word' id='word_1_539' title='bbox 448 2783 565 2823; x_wconf 89' lang='lat' dir='ltr'>Item:</span> <span class='ocrx_word' id='word_1_540' title='bbox 584 2797 665 2822; x_wconf 87' lang='lat' dir='ltr'>non</span> <span class='ocrx_word' id='word_1_541' title='bbox 686 2782 757 2824; x_wconf 84' lang='lat' dir='ltr'>fuit</span> <span class='ocrx_word' id='word_1_542' title='bbox 776 2784 918 2824; x_wconf 85' lang='lat' dir='ltr'>incuria</span> <span class='ocrx_word' id='word_1_543' title='bbox 940 2797 1024 2823; x_wconf 88' lang='lat' dir='ltr'>mea</span> <span class='ocrx_word' id='word_1_544' title='bbox 1044 2786 1083 2822; x_wconf 71' lang='grc' dir='ltr'>δε</span> <span class='ocrx_word' id='word_1_545' title='bbox 1104 2797 1301 2837; x_wconf 84' lang='lat' dir='ltr'>parorama</span> <span class='ocrx_word' id='word_1_546' title='bbox 1312 2798 1437 2824; x_wconf 89' lang='lat' dir='ltr'>meum</span> <span class='ocrx_word' id='word_1_547' title='bbox 1450 2818 1461 2834; x_wconf 93' lang='lat'>,</span> <span class='ocrx_word' id='word_1_548' title='bbox 1491 2786 1555 2826; x_wconf 88' lang='lat' dir='ltr'>sed</span> <span class='ocrx_word' id='word_1_549' title='bbox 1577 2786 1793 2841; x_wconf 86' lang='lat' dir='ltr'>deceptusa</span> 
     </span>
     <span class='ocr_line' id='line_1_48' title="bbox 77 2835 1794 2892; baseline 0.006 -18"><span class='ocrx_word' id='word_1_550' title='bbox 77 2862 104 2882; x_wconf 86' lang='lat'>‚,</span> <span class='ocrx_word' id='word_1_551' title='bbox 133 2835 333 2878; x_wconf 91' lang='lat' dir='ltr'>Monacho</span> <span class='ocrx_word' id='word_1_552' title='bbox 351 2838 634 2883; x_wconf 62' lang='lat' dir='ltr'>Dominicano&#39;,</span> <span class='ocrx_word' id='word_1_553' title='bbox 647 2839 707 2878; x_wconf 89' lang='lat' dir='ltr'>cui</span> <span class='ocrx_word' id='word_1_554' title='bbox 723 2850 807 2879; x_wconf 89' lang='lat' dir='ltr'>tuto</span> <span class='ocrx_word' id='word_1_555' title='bbox 826 2853 887 2878; x_wconf 90' lang='lat' dir='ltr'>me</span> <span class='ocrx_word' id='word_1_556' title='bbox 902 2837 1054 2879; x_wconf 89' lang='lat' dir='ltr'>credere</span> <span class='ocrx_word' id='word_1_557' title='bbox 1064 2837 1168 2890; x_wconf 71' lang='lat' dir='ltr'>poss&#39;e</span> <span class='ocrx_word' id='word_1_558' title='bbox 1179 2840 1332 2892; x_wconf 84' lang='lat' dir='ltr'>putavi,</span> <span class='ocrx_word' id='word_1_559' title='bbox 1342 2852 1530 2881; x_wconf 90' lang='lat' dir='ltr'>errantem</span> <span class='ocrx_word' id='word_1_560' title='bbox 1542 2841 1679 2882; x_wconf 81' lang='lat' dir='ltr'>ducem</span> <span class='ocrx_word' id='word_1_561' title='bbox 1693 2844 1794 2885; x_wconf 87' lang='lat' dir='ltr'>secu-</span> 
     </span>
     <span class='ocr_line' id='line_1_49' title="bbox 78 2890 1792 2948; baseline 0.008 -21"><span class='ocrx_word' id='word_1_562' title='bbox 78 2917 104 2936; x_wconf 92' lang='lat'><strong>„</strong></span> <span class='ocrx_word' id='word_1_563' title='bbox 136 2900 193 2929; x_wconf 91' lang='lat' dir='ltr'>tus</span> <span class='ocrx_word' id='word_1_564' title='bbox 211 2890 322 2932; x_wconf 89' lang='lat' dir='ltr'>sum&#39;&#39;.</span> <span class='ocrx_word' id='word_1_565' title='bbox 352 2892 530 2933; x_wconf 92' lang='lat' dir='ltr'>Hoccine</span> <span class='ocrx_word' id='word_1_566' title='bbox 550 2892 811 2933; x_wconf 86' lang='lat' dir='ltr'>Erasmianum</span> <span class='ocrx_word' id='word_1_567' title='bbox 831 2893 912 2933; x_wconf 89' lang='lat' dir='ltr'>est?</span> <span class='ocrx_word' id='word_1_568' title='bbox 943 2894 1031 2946; x_wconf 85' lang='lat' dir='ltr'>Ego</span> <span class='ocrx_word' id='word_1_569' title='bbox 1052 2894 1139 2933; x_wconf 90' lang='lat' dir='ltr'>sane</span> <span class='ocrx_word' id='word_1_570' title='bbox 1159 2895 1225 2948; x_wconf 90' lang='lat' dir='ltr'>qui</span> <span class='ocrx_word' id='word_1_571' title='bbox 1246 2894 1407 2934; x_wconf 89' lang='lat' dir='ltr'>multum</span> <span class='ocrx_word' id='word_1_572' title='bbox 1428 2908 1490 2936; x_wconf 90' lang='lat' dir='ltr'>me</span> <span class='ocrx_word' id='word_1_573' title='bbox 1507 2896 1604 2937; x_wconf 89' lang='lat' dir='ltr'>infra</span> <span class='ocrx_word' id='word_1_574' title='bbox 1613 2899 1792 2940; x_wconf 84' lang='lat' dir='ltr'>eruditio-</span> 
     </span>
     <span class='ocr_line' id='line_1_50' title="bbox 78 2947 1792 3000; baseline 0.005 -16"><span class='ocrx_word' id='word_1_575' title='bbox 78 2955 165 2982; x_wconf 88' lang='lat' dir='ltr'>nem</span> <span class='ocrx_word' id='word_1_576' title='bbox 195 2947 234 2984; x_wconf 87' lang='lat'>&amp;</span> <span class='ocrx_word' id='word_1_577' title='bbox 261 2947 486 3000; x_wconf 87' lang='lat' dir='ltr'>dignitatem</span> <span class='ocrx_word' id='word_1_578' title='bbox 508 2948 653 2988; x_wconf 87' lang='lat' dir='ltr'>Erasmi</span> <span class='ocrx_word' id='word_1_579' title='bbox 671 2949 745 2988; x_wconf 83' lang='lat' dir='ltr'>effe</span> <span class='ocrx_word' id='word_1_580' title='bbox 764 2948 863 2997; x_wconf 87' lang='lat' dir='ltr'>scio,</span> <span class='ocrx_word' id='word_1_581' title='bbox 892 2949 945 2988; x_wconf 89' lang='lat' dir='ltr'>ita</span> <span class='ocrx_word' id='word_1_582' title='bbox 973 2961 1101 2989; x_wconf 90' lang='lat' dir='ltr'>tamen</span> <span class='ocrx_word' id='word_1_583' title='bbox 1120 2962 1181 2988; x_wconf 92' lang='lat' dir='ltr'>me</span> <span class='ocrx_word' id='word_1_584' title='bbox 1200 2949 1373 2989; x_wconf 87' lang='lat' dir='ltr'>excusare</span> <span class='ocrx_word' id='word_1_585' title='bbox 1394 2961 1458 2990; x_wconf 86' lang='lat' dir='ltr'>aut</span> <span class='ocrx_word' id='word_1_586' title='bbox 1476 2952 1641 2992; x_wconf 83' lang='lat' dir='ltr'>excusari</span> <span class='ocrx_word' id='word_1_587' title='bbox 1661 2955 1792 2995; x_wconf 83' lang='lat' dir='ltr'>nolim.</span> 
     </span>
    </p>

    <p class='ocr_par' dir='ltr' id='par_1_5' title="bbox 75 2996 1795 3265">
     <span class='ocr_line' id='line_1_51' title="bbox 128 2996 1795 3061; baseline 0.007 -24"><span class='ocrx_word' id='word_1_588' title='bbox 128 2996 272 3044; x_wconf 80' lang='lat' dir='ltr'>Nunc,</span> <span class='ocrx_word' id='word_1_589' title='bbox 300 3002 407 3054; x_wconf 85' lang='lat' dir='ltr'>quod</span> <span class='ocrx_word' id='word_1_590' title='bbox 425 3003 577 3056; x_wconf 71' lang='lat' dir='ltr'>promisi</span> <span class='ocrx_word' id='word_1_591' title='bbox 601 3033 613 3052; x_wconf 92' lang='lat'>,</span> <span class='ocrx_word' id='word_1_592' title='bbox 652 3003 851 3053; x_wconf 87' lang='lat' dir='ltr'>indicabo,</span> <span class='ocrx_word' id='word_1_593' title='bbox 872 3018 938 3044; x_wconf 90' lang='lat' dir='ltr'>cur</span> <span class='ocrx_word' id='word_1_594' title='bbox 949 3003 1146 3044; x_wconf 86' lang='lat' dir='ltr'>Erasmum</span> <span class='ocrx_word' id='word_1_595' title='bbox 1160 3003 1418 3045; x_wconf 88' lang='lat' dir='ltr'>vindicaturus</span> <span class='ocrx_word' id='word_1_596' title='bbox 1439 3005 1537 3046; x_wconf 89' lang='lat' dir='ltr'>duos</span> <span class='ocrx_word' id='word_1_597' title='bbox 1556 3019 1701 3048; x_wconf 91' lang='lat' dir='ltr'>tantum</span> <span class='ocrx_word' id='word_1_598' title='bbox 1713 3009 1795 3061; x_wconf 88' lang='lat' dir='ltr'>ejus</span> 
     </span>
     <span class='ocr_line' id='line_1_52' title="bbox 75 3055 1793 3115; baseline 0.008 -26"><span class='ocrx_word' id='word_1_599' title='bbox 75 3064 218 3092; x_wconf 86' lang='lat' dir='ltr'>errores</span> <span class='ocrx_word' id='word_1_600' title='bbox 246 3055 416 3097; x_wconf 89' lang='lat' dir='ltr'>excusare</span> <span class='ocrx_word' id='word_1_601' title='bbox 453 3057 565 3098; x_wconf 89' lang='lat' dir='ltr'>fuerit</span> <span class='ocrx_word' id='word_1_602' title='bbox 596 3057 811 3112; x_wconf 81' lang='lat' dir='ltr'>aggreffus?</span> <span class='ocrx_word' id='word_1_603' title='bbox 842 3058 949 3098; x_wconf 85' lang='lat' dir='ltr'>causa</span> <span class='ocrx_word' id='word_1_604' title='bbox 980 3059 1074 3099; x_wconf 88' lang='lat' dir='ltr'>haec</span> <span class='ocrx_word' id='word_1_605' title='bbox 1102 3059 1178 3108; x_wconf 89' lang='lat' dir='ltr'>est,</span> <span class='ocrx_word' id='word_1_606' title='bbox 1208 3059 1297 3111; x_wconf 87' lang='lat' dir='ltr'>quia</span> <span class='ocrx_word' id='word_1_607' title='bbox 1315 3073 1395 3099; x_wconf 90' lang='lat' dir='ltr'>non</span> <span class='ocrx_word' id='word_1_608' title='bbox 1416 3071 1494 3099; x_wconf 88' lang='lat' dir='ltr'>tam</span> <span class='ocrx_word' id='word_1_609' title='bbox 1514 3061 1657 3101; x_wconf 86' lang='lat' dir='ltr'>Erasmi</span> <span class='ocrx_word' id='word_1_610' title='bbox 1677 3077 1793 3115; x_wconf 86' lang='lat' dir='ltr'>quam</span> 
     </span>
     <span class='ocr_line' id='line_1_53' title="bbox 76 3105 1794 3169; baseline 0.006 -25"><span class='ocrx_word' id='word_1_611' title='bbox 76 3105 160 3145; x_wconf 87' lang='lat' dir='ltr'>suos</span> <span class='ocrx_word' id='word_1_612' title='bbox 189 3120 332 3149; x_wconf 85' lang='lat' dir='ltr'>errores</span> <span class='ocrx_word' id='word_1_613' title='bbox 361 3111 482 3152; x_wconf 89' lang='lat' dir='ltr'>voluit</span> <span class='ocrx_word' id='word_1_614' title='bbox 511 3114 706 3161; x_wconf 67' lang='lat' dir='ltr'>excusare,</span> <span class='ocrx_word' id='word_1_615' title='bbox 735 3113 826 3153; x_wconf 88' lang='lat' dir='ltr'>ideo</span> <span class='ocrx_word' id='word_1_616' title='bbox 856 3113 1051 3154; x_wconf 87' lang='lat' dir='ltr'>Erasmum</span> <span class='ocrx_word' id='word_1_617' title='bbox 1081 3114 1120 3153; x_wconf 88' lang='lat' dir='ltr'>in</span> <span class='ocrx_word' id='word_1_618' title='bbox 1152 3113 1304 3167; x_wconf 87' lang='lat' dir='ltr'>reliquis</span> <span class='ocrx_word' id='word_1_619' title='bbox 1332 3115 1510 3155; x_wconf 90' lang='lat' dir='ltr'>omnibus</span> <span class='ocrx_word' id='word_1_620' title='bbox 1531 3142 1542 3160; x_wconf 87' lang='lat'>,</span> <span class='ocrx_word' id='word_1_621' title='bbox 1583 3117 1649 3169; x_wconf 87' lang='lat' dir='ltr'>qui</span> <span class='ocrx_word' id='word_1_622' title='bbox 1678 3117 1794 3169; x_wconf 87' lang='lat' dir='ltr'>longe</span> 
     </span>
     <span class='ocr_line' id='line_1_54' title="bbox 75 3160 1794 3265; baseline 0.006 -65"><span class='ocrx_word' id='word_1_623' title='bbox 75 3160 198 3213; x_wconf 87' lang='lat' dir='ltr'>plures</span> <span class='ocrx_word' id='word_1_624' title='bbox 227 3166 264 3203; x_wconf 91' lang='lat'>&amp;</span> <span class='ocrx_word' id='word_1_625' title='bbox 286 3166 476 3218; x_wconf 77' lang='lat' dir='ltr'>graviores</span> <span class='ocrx_word' id='word_1_626' title='bbox 507 3179 638 3218; x_wconf 85' lang='lat' dir='ltr'>erant,</span> <span class='ocrx_word' id='word_1_627' title='bbox 656 3170 696 3207; x_wconf 71' lang='grc' dir='ltr'>ὃς</span> <span class='ocrx_word' id='word_1_628' title='bbox 725 3167 773 3208; x_wconf 91' lang='lat' dir='ltr'>ad</span> <span class='ocrx_word' id='word_1_629' title='bbox 795 3167 850 3210; x_wconf 93' lang='lat' dir='ltr'>N.</span> <span class='ocrx_word' id='word_1_630' title='bbox 878 3168 930 3209; x_wconf 91' lang='lat' dir='ltr'>T.</span> <span class='ocrx_word' id='word_1_631' title='bbox 957 3168 1168 3210; x_wconf 88' lang='lat' dir='ltr'>editionem</span> <span class='ocrx_word' id='word_1_632' title='bbox 1187 3169 1343 3222; x_wconf 89' lang='lat' dir='ltr'>proprie</span> <span class='ocrx_word' id='word_1_633' title='bbox 1358 3169 1794 3265; x_wconf 49' lang='lat' dir='ltr'>spectabantmrrorstgius</span> 
     </span>
    </p>

    <p class='ocr_par' dir='ltr' id='par_1_6' title="bbox 904 3223 1797 3266">
     <span class='ocr_line' id='line_1_55' title="bbox 904 3223 1797 3266; baseline -0.001 -4"><span class='ocrx_word' id='word_1_634' title='bbox 904 3223 948 3264; x_wconf 89' lang='lat' dir='ltr'>R</span> <span class='ocrx_word' id='word_1_635' title='bbox 981 3236 1000 3262; x_wconf 89' lang='lat'>2</span> <span class='ocrx_word' id='word_1_636' title='bbox 1759 3238 1797 3266; x_wconf 79' lang='lat' dir='ltr'>e.</span> 
     </span>
    </p>
   </div>
  </div>
 </body>
</html>
