1976 3519
140 254 236 301 =156
528 243 1516 287 PROLEGOMENA.

150 337 282 377 cimus.
335 334 483 375 Verum
502 333 553 372 ita
573 331 636 372 fit:
665 329 805 371 πολλὰ
822 329 902 370 κενοὶ
920 331 971 370 fr&
989 328 1152 376 πολέμι’.
1204 330 1341 370 Postea
1360 344 1445 370 cum
1466 329 1642 384 Bentlejo
1661 346 1683 372 a
1712 332 1883 387 suprema

150 392 283 445 Regni
304 389 422 429 Curia
439 388 607 442 petenti,
634 399 675 428 ut
694 387 864 427 chartam
887 385 936 425 ad
956 385 1168 426 editionem
1187 383 1242 425 N.
1259 385 1311 425 T.
1332 383 1570 425 necessariam
1589 400 1636 426 ex
1659 388 1784 428 Gallia
1807 388 1884 429 sine

149 446 325 499 portorio
344 445 471 485 liceret
492 445 719 497 importare,
731 441 881 495 plurimi
901 440 1057 495 quidem
1069 471 1080 490 ,
1093 439 1157 480 scd
1179 453 1257 478 non
1274 439 1448 494 *plerique
1462 453 1656 492 ‚proceres
1675 442 1792 482 essent
1809 443 1884 483 suf-

150 500 307 554 fragati,
337 499 436 539 adeo
466 512 576 553 aegre
606 498 690 538 tulit
716 496 817 535 hanc
847 494 1056 549 repulsam,
1085 506 1128 536 ut
1146 493 1344 534 consilium
1364 494 1505 534 edendi
1533 494 1589 536 N.
1615 495 1666 536 T.
1684 497 1883 550 abjiceret,

148 569 353 610 curamque
371 554 553 595 editionis
570 567 616 593 ex
637 552 749 593 fratre
768 551 901 604 nepoti
912 581 924 600 ,
954 549 1140 590 Ecclesiae
1162 550 1394 603 Anglicanae
1413 549 1632 604 presbytero
1644 584 1655 600 ‚
1672 553 1736 592 ΑΟ.
1762 563 1880 603 1742.

148 612 317 652 moriens
347 605 549 664 delegaret.
606 606 774 660 Quantis
802 606 924 659 copiis
954 604 1064 645 fuerit
1093 604 1314 655 instru&us,
1346 607 1385 643 &
1403 617 1527 645 utrum
1549 619 1707 658 operam
1741 605 1882 660 suscep-

148 678 227 707 tam
260 665 339 719 ipse
372 665 422 705 ad
455 664 571 705 finem
600 661 841 717 perduxerit,
871 660 1003 701 rescire
1031 673 1111 699 non
1142 660 1272 712 potui:
1303 658 1402 699 Illud
1432 672 1557 700 autem
1587 660 1686 710 scio,
1718 660 1884 703 habuiffi:

151 720 320 761 Codices
342 719 634 774 Evangeliorum
659 716 817 756 Latinos
839 714 1124 763 vetustissimos,
1147 713 1213 766 (ut
1233 712 1316 754 dixi*
1334 727 1370 767 p.
1398 713 1509 767 107.)
1527 715 1619 757 item
1638 716 1884 757 collationem

150 776 313 816 Codicis
349 774 527 815 Vaticani
554 788 576 813 a
595 772 754 812 Thoma
783 770 982 824 Bentlejo,
1011 769 1134 809 fratris
1154 767 1287 809 itidem
1310 768 1409 819 filio,
1438 770 1591 810 Romae
1622 769 1787 824 fafitam,
1812 785 1883 812 nec

151 846 230 872 non
251 831 496 871 collationem
514 828 763 882 plurimorum
784 824 978 865 Codicum
1001 825 1237 864 Graecorum
1268 838 1289 863 a
1310 823 1379 876 J0.
1409 824 1585 864 Walkero
1613 825 1654 864 in
1686 826 1812 866 Gallia
1842 829 1882 866 ὃς

149 886 286 941 Belgio
305 886 534 933 institutam,
556 895 719 935 quorum
738 893 815 933 ope
831 879 954 932 sefi’x
975 879 1080 919 mille
1108 878 1255 918 circiter
1276 878 1359 918 loca
1378 879 1416 918 in
1434 880 1562 920 Textu
1584 893 1740 935 recepto
1761 881 1882 922 Grae-

148 956 197 981 co
222 945 261 980 &
282 942 422 982 Latino
442 938 731 979 emendaturum
752 935 825 975 este
846 947 913 987 per
938 934 1147 988 Epistolam
1182 933 1277 972 mihi
1297 933 1529 987 significavit.
1585 935 1752 977 Utinam
1773 936 1884 977 nobis

148 997 347 1050 contingat
368 994 442 1035 esse
462 1005 539 1033 tam
561 991 748 1039 felicibus,
776 1001 818 1030 ut
839 988 1061 1029 Editionem
1085 987 1492 1042 Bentleji,thesaurum
1512 988 1880 1042 desideratissimum,

147 1065 171 1092 e
200 1051 362 1091 tenebris
382 1050 422 1089 in
439 1048 562 1089 lucem
579 1045 809 1101 produstum
827 1044 1126 1098 conspiciamus!
1406 1048 1409 1052 '
1453 1051 1455 1056 ·

627 1156 704 1196 ΒΕ
735 1155 1040 1195 Eoi-moun
1071 1153 1388 1194 BENGELH.

232 1273 391 1311 Oannes
418 1266 608 1309 Albertus
637 1263 843 1319 Bengelius
862 1295 874 1315 ,
905 1264 1070 1318 primum
1098 1262 1364 1317 Deckendorfi
1396 1263 1436 1303 in
1476 1262 1676 1305 Coenobio
1712 1265 1883 1307 Ducatus

257 1322 569 1378 Wirtembergici
589 1319 926 1376 hypodidascalus,
955 1333 1057 1359 nunc
1076 1333 1168 1360 vero
1198 1317 1446 1373 ‘Praeposttus
1469 1317 1881 1375 Herbrechtingenfis,

148 1380 401 1435 Chrysostomi
431 1379 478 1419 de
489 1377 711 1430 sacerdotio
733 1376 856 1425 libris,
889 1376 952 1412 ΑΟ.
988 1386 1107 1426 ¹725·
1134 1373 1271 1424 editis,
1299 1373 1450 1414 addidit
1477 1373 1735 1414 ‘prodromum
1765 1371 1882 1416 Novi

147 1432 384 1490 Testamenti
406 1433 550 1474 Graeci
570 1432 670 1472 reare
691 1439 878 1485 cauteque
897 1427 1136 1479 adornandi,
1165 1429 1204 1469 in
1227 1442 1307 1483 quo
1328 1429 1394 1469 fibi
1414 1429 1534 1469 varias
1563 1427 1665 1483 leges
1693 1429 1796 1481 fixit,
1825 1431 1884 1471 in-
1944 1426 1945 1429 ¹

144 1505 202 1533 ter
230 1505 323 1546 quas
354 1490 426 1530 hae
454 1488 560 1537 sunt,
589 1486 639 1528 de
657 1486 787 1526 Textu
808 1485 1009 1538 praecipue
1030 1496 1145 1538 atque
1166 1497 1255 1524 vera
1275 1484 1460 1524 Leffione
1488 1498 1498 1523 :
1540 1514 1566 1534 „
1601 1498 1633 1524 1.
1664 1485 1882 1527 Contextus

144 1575 172 1598 „
202 1546 361 1587 modico
380 1543 591 1587 Volumine
610 1555 697 1581 cum
720 1539 819 1580 Crisi
839 1539 996 1589 edetur,
1025 1538 1067 1579 ut
1092 1540 1132 1578 in
1153 1552 1243 1592 pera
1273 1538 1479 1579 commode
1508 1538 1739 1580 circumferri
1757 1539 1882 1594 possit.

143 1634 170 1654 „
204 1617 240 1643 2.
269 1602 316 1642 In
336 1600 535 1640 Contextu
555 1595 759 1638 medullam
780 1593 961 1635 exhibeto
980 1592 1195 1634 editionum
1215 1593 1554 1647 probatissimarum
1575 1609 1584 1633 ς
1614 1594 1754 1635 nullam
1774 1595 1881 1648 sylla-

143 1688 170 1709 „
200 1658 288 1697 bam
316 1655 477 1696 antehac
508 1666 588 1693 non
621 1663 813 1703 receptam
840 1650 1011 1702 recipito.
1067 1648 1218 1702 Ecquid
1247 1647 1419 1704 agnoscis
1444 1649 1583 1690 Lestor
1611 1650 1881 1692 verecundiam

142 1744 170 1765 „
200 1716 240 1752 &
267 1711 487 1751 cautionem
516 1709 665 1747 meam?
696 1705 784 1746 Oro
815 1716 853 1744 te
874 1734 885 1753 ‚
915 1715 958 1758 ut
983 1703 1083 1743 hane
1111 1703 1235 1758 legem
1255 1734 1266 1753 ,
1296 1702 1595 1757 quotiescunque
1627 1704 1754 1744 nescio
1784 1704 1880 1759 quid

143 1764 464 1819 „sollicitudinis
486 1760 720 1816 procedente
749 1758 922 1800 sermone
952 1758 1084 1798 nostro
1113 1759 1182 1798 tibi
1212 1758 1429 1807 oborietur,
1458 1759 1678 1809 recordere,
1707 1772 1755 1800 ne
1778 1759 1882 1814 sylla·

143 1850 171 1875 „
199 1823 287 1862 bam
317 1818 477 1874 quidem
499 1848 510 1868 ,
538 1817 695 1869 inquam
716 1842 728 1861 ,
756 1812 900 1855 etiamsi
932 1813 1016 1853 MS.
1045 1812 1147 1853 mille
1164 1843 1176 1862 ,
1204 1813 1306 1853 mille
1337 1814 1457 1853 critici
1482 1813 1656 1866 juberent
1677 1841 1687 1857 ‚
1718 1815 1881 1856 antehac

144 1912 171 1929 „
198 1891 278 1917 non
305 1884 519 1928 receptam,
549 1870 717 1911 adducar
749 1881 791 1910 ut
823 1868 1014 1922 recipiam.
1035 1890 1101 1900 ---·
1153 1868 1305 1923 Primae
1324 1880 1449 1908 autem
1468 1880 1592 1922 partes
1615 1868 1662 1907 R.
1681 1869 1881 1922 Stephano

141 1963 168 1984 „
198 1931 300 1987 quasi
320 1926 625 1984 praescriptionis
640 1926 724 1979 jure
744 1923 960 1964 manebunt.
990 1946 1058 1953 ----
1087 1923 1247 1963 Fastum
1270 1923 1323 1963 est
1343 1923 1384 1962 id
1413 1924 1531 1963 tacito
1562 1923 1668 1977 longi
1697 1926 1881 1979 temporis

142 2019 167 2040 ,‚
197 1988 302 2036 casu,
332 1998 412 2025 non
441 1981 620 2022 consilio:
650 1979 911 2034 Stephanique
941 1988 1062 2018 aetate
1083 1977 1110 2018 fi
1137 1976 1283 2018 vixisset
1305 1977 1471 2028 Millius,
1500 1981 1538 2017 &
1573 1987 1796 2024 contextum
1826 1992 1882 2021 ta·

142 2071 168 2095 „
196 2043 271 2083 lem
285 2074 295 2091 ‚
325 2039 476 2094 qualem
496 2036 612 2091 longe
629 2035 804 2075 abeuntia
821 2033 903 2086 ejus
923 2032 1195 2087 prelegomena
1215 2032 1401 2083 formant,
1430 2032 1626 2082 edidisset,
1658 2034 1697 2074 in
1714 2034 1877 2076 eandem

142 2126 167 2148 „
197 2097 377 2144 venisset,
406 2092 544 2142 credo,
574 2088 863 2144 poffeffionem:
893 2087 1110 2141 Stephanus
1131 2087 1156 2127 si
1180 2086 1298 2128 hodie
1321 2101 1429 2136 eam,
1457 2102 1573 2141 quam
1599 2088 1715 2138 olim,
1743 2089 1880 2130 editio·
1944 2120 1947 2126 .

142 2179 169 2204 „
199 2165 286 2193 nem
310 2148 494 2205 proferret
511 2174 522 2193 ‚
551 2145 667 2187 Millii
687 2143 929 2184 difficultates
949 2144 1192 2196 experiretur.
1227 2142 1672 2196 3.Interpun6tionibus,
1693 2144 1881 2197 spiritibus

141 2235 168 2259 „
201 2212 239 2247 ὃς
259 2204 474 2246 accentibus
485 2216 564 2242 non
577 2200 811 2242 mediocrem
826 2211 954 2239 curam
965 2196 1193 2252 impendito.
1222 2221 1272 2230 ---
1299 2197 1542 2239 UniusPauli
1554 2198 1734 2252 epistolae
1747 2199 1882 2252 majori

142 2298 168 2316 „
199 2261 488 2303 diffinitionum
506 2257 685 2298 varietate
706 2254 941 2303 afficiuntur,
972 2266 1088 2306 quam
1099 2252 1140 2292 in
1155 2252 1336 2293 Hebraeo
1355 2252 1489 2293 codice
1503 2265 1726 2294 accentuum
1746 2255 1882 2309 myria-

141 2349 168 2370 „
198 2317 288 2367 des,
317 2315 452 2370 quibus
471 2311 623 2353 oculum
645 2310 843 2360 divinum,
872 2319 1055 2362 tanquam
1075 2307 1218 2348 altioris
1244 2308 1402 2362 originis
1434 2309 1622 2363 apicibus,
1651 2309 1881 2364 invigilasse,

142 2406 167 2426 „
199 2374 274 2413 hoc
302 2370 384 2425 ipso
417 2382 497 2409 non
528 2363 817 2408 contemnendo
848 2363 999 2405 videtur
1027 2362 1244 2403 discrimine
1267 2362 1372 2416 posse
1400 2364 1590 2405 convinci.
1617 2385 1680 2394 -·—·
1735 2364 1882 2406 Omnis

143 2461 168 2480 ,‚
199 2427 333 2469 Leaio
353 2432 574 2477 contextus,
603 2422 663 2462 cui
682 2421 831 2461 varians
853 2419 891 2458 in
918 2418 1088 2473 margine
1108 2417 1334 2472 respondet,
1365 2418 1614 2474 distinguetur
1633 2418 1765 2473 Siglis:
1790 2440 1839 2451 --
1859 2433 1881 2459 s

142 2511 169 2535 „
197 2481 397 2523 denotabit
426 2480 588 2531 Signum
619 2474 936 2529 interpunstionis
955 2504 967 2524 ,
1006 2473 1154 2527 spiritus
1183 2484 1435 2527 accentusque
1473 2474 1629 2514 varians.
1683 2488 1721 2524 4.
1762 2474 1881 2514 Pluri-

144 2566 170 2591 „
201 2550 306 2578 mum
329 2534 443 2576 refert
465 2532 706 2573 Christianae
726 2530 800 2580 rei,
831 2542 948 2570 unum
967 2526 1166 2583 quoddam
1190 2528 1333 2570 institui
1360 2538 1512 2582 corpus,
1539 2529 1598 2569 vel
1619 2542 1707 2568 cum
1724 2538 1882 2569 contex-

199 2605 240 2633 tu
261 2592 318 2633 N.
338 2591 390 2631 T.
411 2588 553 2635 Graeci
571 2587 632 2628 vel
656 2587 732 2626 sine
751 2599 800 2625 eo
819 2582 1016 2633 excusum,
1046 2583 1085 2622 in
1118 2597 1197 2637 quo
1217 2594 1348 2623 notata
1369 2582 1413 2624 sit
1433 2606 1480 2614 ---
1506 2584 1633 2623 omnis
1651 2583 1713 2623 illa
1733 2583 1882 2624 Leffio-

143 2680 171 2700 ‚,
201 2648 260 2687 nis
288 2646 469 2695 varietas,
498 2667 561 2675 ----
589 2641 654 2683 sed
682 2642 785 2682 enim
809 2639 972 2680 editioni
1002 2638 1238 2693 quotidianis
1266 2637 1389 2678 usibus
1416 2637 1566 2679 dicatae
1586 2669 1597 2688 ,
1627 2638 1776 2692 qualem
1805 2653 1881 2694 ego

144 2735 172 2756 „
201 2715 316 2756 paro,
348 2700 501 2753 potiora
522 2697 706 2738 duntaxat
734 2695 849 2748 adjici
871 2708 939 2749 par
958 2693 1023 2734 est.
1084 2706 1117 2744 5.
1148 2693 1277 2733 Potuit
1306 2694 1495 2747 praeclara
1524 2692 1658 2733 Leffio
1691 2693 1879 2746 quaedam

146 2789 172 2809 „
204 2762 243 2796 &
263 2771 285 2796 a
312 2752 652 2807 Complutensibus
678 2751 893 2805 praeteriri,
924 2752 963 2788 &
981 2748 1028 2788 ab
1050 2748 1210 2788 Erasmo
1230 2748 1419 2803 ignorari,
1447 2751 1487 2787 δε
1508 2763 1530 2787 a
1553 2748 1751 2800 Stephano
1773 2748 1875 2801 post-

145 2844 172 2864 „
201 2811 331 2852 haberi
351 2839 364 2860 ,
390 2813 430 2850 &
446 2823 467 2848 a
488 2808 617 2848 Millio
637 2807 798 2847 debilius
816 2803 1057 2851 confirmari,
1088 2803 1152 2843 hic
1182 2802 1336 2843 demum
1360 2815 1551 2843 novorum
1573 2802 1768 2842 Codicum
1795 2802 1881 2857 sup-

148 2896 173 2919 „
206 2867 331 2920 petiae
359 2878 440 2905 non
461 2861 614 2917 possunt
635 2876 714 2903 non
736 2859 810 2901 esse
828 2857 1169 2913 exspeEtatiffimae.
1223 2857 1346 2897 Detur
1377 2857 1602 2910 exemplum.
1634 2856 1734 2897 Heb.
1762 2857 1810 2897 11.
1837 2861 1878 2908 9“.

147 2954 174 2974 ,,
204 2924 238 2962 le
267 2922 340 2961 itur
366 2916 490 2971 χάριτι
520 2915 601 2956 θεοῦ
621 2940 687 2949 ----
715 2916 890 2957 Millius:
919 2913 1038 2954 editis
1068 2914 1270 2967 congruit,
1298 2911 1484 2966 quicquid
1508 2912 1654 2964 uspiam
1683 2911 1795 2951 hodie
1827 2912 1881 2963 est

146 3008 174 3029 „
201 2937 383 3016 liffrorum
406 2971 521 3013 MSS
543 2993 609 3002 ---
635 2972 722 3012 Irno
744 2984 834 3011 vero
852 2966 956 3021 χωρὶς
976 2968 1073 3009 clare
1092 2968 1233 3008 habent
1259 2967 1368 3019 (vide
1397 2966 1491 3021 quid
1522 2966 1693 3007 Codices
1720 2966 1878 3020 juvent)

146 3063 173 3084 „
203 3042 414 3085 perveteres
435 3026 674 3068 membranae
695 3024 1036 3067 Uffenbachianae.
1065 3046 1127 3054 ---
1158 3023 1267 3063 Haec
1287 3022 1401 3076 igitur
1427 3021 1540 3062 leffio
1559 3021 1662 3062 illam
1682 3021 1793 3062 nobis
1823 3037 1880 3062 re-

147 3119 173 3139 ‚,
201 3097 374 3140 ceptam,
403 3083 430 3123 fi
450 3097 530 3123 non
553 3082 692 3131 vincit,
720 3092 759 3120 at
778 3091 878 3120 certe
897 3079 1129 3132 aequiparat.
1157 3078 1265 3118 Nam
1285 3077 1460 3118 Christus
1480 3088 1643 3117 mortem
1676 3072 1778 3128 χωρὶς
1799 3076 1880 3116 θεοῦ

146 3174 173 3194 ,‚
201 3138 403 3191 γευσάμενος
417 3165 429 3185 ,
457 3137 562 3178 idem
579 3136 633 3176 est
650 3134 758 3190 quod
779 3131 826 3180 μὴ
843 3129 907 3173 ἶσοι
926 3132 996 3182 θεῷ
1026 3133 1141 3173 Phil.
1172 3132 1242 3184 11.,
1270 3131 1450 3186 idemque
1477 3132 1584 3185 quod
1605 3130 1734 3172 Filius
1760 3131 1881 3170 homi-

146 3228 173 3249 „
201 3196 264 3237 nis
276 3202 475 3244 ,mortuus
487 3190 670 3248 proinde,
689 3188 787 3244 acsi
804 3191 841 3230 is
860 3201 935 3229 non
955 3187 1049 3241 effet
1073 3187 1205 3229 Deus.
1230 3209 1281 3220 --
1308 3187 1402 3228 Hoc
1420 3186 1525 3228 enim
1544 3186 1699 3240 ‘Pfizlmi
1718 3184 1825 3225 Vm.
1844 3191 1880 3226 6.

1717 3267 1744 3291 „
1774 3242 1882 3295 Apo-

142 2625 170 2644 ’ἃ
