1976 3519
434 224 467 268 P
518 226 664 273 *RJO
716 224 751 265 L
804 223 839 266 E
896 224 937 265 G
993 224 1141 267 OM
1195 224 1321 267 EN
1379 228 1430 269 A.
1710 239 1785 269 101

105 315 181 358 Sed
204 313 294 355 audi
316 315 415 356 virus
442 315 557 357 etiam
587 311 828 353 virulentias:
851 310 1052 364 Antiqua,
1074 311 1227 365 inquit,
1257 312 1416 362 Lec‘tio,
1437 311 1583 353 etiamfi
1603 325 1684 354 non
1704 312 1791 355 satis

52 372 191 426 ubique
216 371 367 412 Graeco
394 367 629 422 respondens
640 398 653 417 ,
671 366 829 407 nullam*
843 367 956 406 nobis
975 367 1124 419 peperit
1146 365 1328 407 haeresim
1340 397 1352 417 ‚
1380 366 1478 407 nihil
1497 366 1594 409 fovit
1613 367 1790 409 schisma-

52 429 120 477 tis,
137 425 276 466 nullam
296 424 492 466 haereticis
510 421 639 465 ansam
660 421 831 475 praebuit
852 420 901 460 ad
921 421 1334 474 calumniam‚sernper
1355 422 1528 463 exhibuit
1551 422 1697 464 sensum
1712 424 1790 464 Ca-

50 482 261 527 tholicum,
290 479 331 519 id
363 477 492 519 sedulo
521 477 718 530 agentibus
742 476 1031 529 interpretibus,
1060 488 1102 517 ut
1122 475 1248 517 sensus
1275 476 1477 530 quadraret
1501 476 1613 525 fidei,
1642 479 1788 520 etiamsi

51 537 223 577 Graecae
249 548 328 575 non
358 531 584 586 respondeat
612 532 798 572 Leffloni.
827 530 930 571 Non
950 531 1092 584 opinor
1112 531 1234 572 Leum
1257 542 1337 572 tam
1361 531 1579 585 stupidum,
1608 534 1703 587 quin
1733 535 1791 575 in·

51 591 217 646 telligit,
244 589 368 629 doffls
395 588 488 627 haec
518 585 639 627 visum
669 587 714 626 iri
741 585 892 639 prorsus
912 585 990 627 fine
1007 598 1136 627 mente
1156 586 1279 636 ditia,
1310 599 1430 640 quum
1455 586 1530 628 fint
1557 587 1789 631 odiofiffime

48 647 162 687 dista.
189 644 265 686 Sed
283 643 398 684 fretus
418 642 660 696 quorundam
682 641 859 686 stultitia,
886 640 1104 695 vesanoque
1122 642 1162 682 in
1183 641 1302 682 bonas
1322 641 1447 682 literas
1464 641 1582 693 odio,
1604 642 1713 684 ausus
1734 645 1789 684 est

47 698 270 754 hujusmodi
298 697 462 737 scribere.
492 698 624 750 Atque
656 697 697 736 in
718 696 778 736 his
800 695 887 736 fluit
918 695 994 741 illi,
1025 696 1052 736 si
1073 695 1216 750 superis
1242 697 1390 750 placet,
1421 700 1557 738 oratio.
1586 698 1704 739 Dicas
1737 698 1787 738 ad

49 753 352 796 maledieentiam
384 751 458 792 esse
489 751 643 792 fastum.
674 751 749 792 Sed
770 751 868 805 quid
888 751 965 791 hoc
986 751 1063 801 est,
1091 751 1200 805 quod
1220 753 1272 792 ait
1293 752 1418 792 Leus?
1448 754 1669 806 Antequam
1700 767 1788 807 pro-

47 810 145 851 diret
165 809 328 850 Novum
351 807 643 847 Testamentum
663 821 684 846 a
704 819 766 846 me
784 806 1021 860 recognitum
1035 840 1045 855 ‚
1076 806 1201 847 nullae
1223 807 1426 848 extiterant
1447 806 1618 849 haereses
1637 839 1648 860 ,
1678 809 1783 850 nulla

46 865 270 905 schismata?
301 863 352 903 Et
383 861 487 902 unde
514 862 635 902 haufit
667 861 773 902 suum
798 874 964 902 errorem
994 860 1195 915 Pelagius?
1224 861 1349 902 Unde
1379 863 1484 902 suam
1510 863 1787 916 blasphemiam

40 919 212 974 Julianus
235 917 452 970 Augustus?
480 916 605 957 Unde
627 916 818 956 Bohemi?
849 915 975 956 Unde
996 915 1170 969 Joannes
1200 916 1375 968 Vuiclef,
1405 931 1568 972 cumque
1589 919 1648 960 his
1677 922 1789 960 innu-

44 973 239 1018 merabiles
269 973 357 1013 alii?
387 972 445 1013 Hi
475 984 575 1013 certe
609 972 759 1012 Graece
788 970 981 1021 nesciunt,
1007 986 1081 1011 nec
1102 972 1212 1011 aliam
1234 985 1377 1013 norunt
1408 974 1787 1027 interpretationem,

44 1043 160 1083 quam
188 1040 365 1069 veterem.
419 1026 496 1067 Sed
526 1025 630 1068 unde
650 1027 854 1067 extiterunt
886 1026 1124 1067 Graecorum
1153 1027 1349 1068 haereses?
1379 1042 1427 1068 an
1457 1042 1504 1068 ex
1529 1029 1703 1071 lectionis
1724 1045 1787 1072 va·

44 1086 203 1125 rietate?
230 1096 495 1136 nequaquam,
525 1082 589 1123 sed
608 1096 655 1123 ex
676 1081 821 1121 diversa
840 1081 1166 1135 interpretatione.
1197 1084 1320 1136 Atqui
1343 1083 1439 1123 nihil
1470 1095 1575 1125 vetat
1603 1086 1788 1140 interpre-

46 1140 231 1184 tationem
251 1138 325 1181 esse
343 1136 549 1186 diversam,
577 1150 695 1190 quum
714 1136 850 1177 eadem
875 1136 920 1176 fit
941 1137 1067 1177 leffio.
1125 1137 1239 1187 Nos,
1258 1137 1366 1191 quod
1399 1138 1544 1191 saepius
1569 1140 1785 1182 iterandum

44 1195 121 1244 est,
150 1194 373 1234 Leffionem
403 1192 699 1232 Ecclesiasticam
726 1205 805 1232 non
839 1191 1100 1232 convellimus.
1124 1191 1214 1245 Jam
1242 1191 1420 1233 ostendat
1447 1194 1548 1234 Leus
1578 1209 1697 1236 unum
1730 1197 1786 1237 lo-

45 1250 153 1299 cum,
181 1263 228 1289 ex
248 1248 306 1288 his
325 1261 423 1301 quae
440 1261 513 1287 nos
533 1247 801 1287 annotavimus
821 1245 1035 1301 discrepare
1053 1262 1075 1286 a
1100 1247 1229 1287 nostra
1249 1247 1457 1298 Lestione,
1485 1248 1589 1290 unde
1622 1263 1711 1292 nata
1741 1253 1786 1293 fit

45 1303 226 1354 haerefis,
254 1302 358 1343 unde
376 1314 506 1343 natum
537 1302 581 1343 fit
609 1302 793 1352 schisma,
821 1301 925 1343 unde
948 1302 1116 1355 praebita
1136 1302 1178 1342 sit
1198 1302 1396 1343 haereticis
1417 1303 1504 1344 ansa
1523 1304 1785 1349 calumniandi

45 1358 162 1405 fidem
183 1358 421 1400 catholicam.
450 1356 592 1410 Fingat
610 1371 672 1397 me
692 1358 794 1398 Leus
811 1357 948 1397 alicubi
966 1356 1123 1398 miscere
1140 1357 1292 1398 scholiis
1321 1359 1416 1398 meis
1434 1389 1447 1409 ‚
1479 1359 1587 1413 quod
1618 1361 1786 1405 dissonat

45 1428 68 1454 a
90 1428 201 1464 vero,
231 1427 281 1453 an
309 1412 399 1453 ideo
428 1411 633 1453 incusanda
662 1412 716 1452 est
748 1413 850 1453 varia
881 1412 1020 1463 lestio,
1049 1412 1076 1452 si
1096 1427 1171 1467 ego
1193 1413 1300 1453 labor
1319 1413 1490 1454 alicubi?
1519 1415 1785 1472 Hieronymus

45 1468 181 1510 alicubi
201 1481 302 1510 err-at
321 1469 360 1507 in
380 1468 462 1517 his,
492 1482 589 1522 quae
610 1467 694 1508 sunt
723 1466 814 1508 fidei
843 1468 1067 1510 catholicae.
1098 1471 1164 1508 An
1187 1468 1264 1508 hoc
1282 1469 1553 1522 imputandum
1572 1471 1626 1511 est
1647 1473 1694 1512 ab
1716 1473 1786 1514 illo

44 1525 208 1564 variatae
228 1523 410 1564 leffioni?
439 1524 549 1576 Qias
569 1534 694 1563 autem
717 1521 908 1567 haereses,
937 1536 1036 1576 quae
1057 1522 1258 1564 schismata
1286 1524 1380 1564 mihi
1406 1537 1532 1565 narrat
1563 1526 1688 1568 Leus?
1719 1530 1785 1569 An

45 1579 292 1633 Capnionem
314 1589 416 1619 taxat
437 1578 496 1618 his
514 1577 663 1622 verbis?
693 1578 815 1632 Atqui
835 1591 923 1618 eum
943 1578 1055 1627 alias,
1084 1580 1123 1618 ni
1147 1577 1277 1628 fallor,
1299 1579 1467 1633 appellat
1486 1594 1684 1634 parentem
1700 1597 1786 1624 om-

45 1635 105 1674 nis
130 1635 303 1676 virtutis?
334 1636 399 1674 An
425 1633 664 1674 Lutherum?
693 1634 786 1686 quin
816 1633 857 1672 in
888 1632 992 1674 hunc
1011 1634 1126 1688 igitur
1149 1634 1297 1688 stringit
1317 1635 1559 1689 eloquentiae
1589 1636 1674 1679 suae
1703 1652 1787 1681 mu-

45 1692 229 1734 etonem?
257 1690 321 1731 An
341 1687 463 1742 lapsus
482 1688 527 1728 fit
545 1688 682 1728 alicubi
703 1687 913 1737 Lametus,
935 1701 1006 1728 nec
1025 1689 1078 1728 est
1101 1689 1171 1729 Lei
1199 1703 1272 1729 nec
1291 1689 1345 1729 est
1368 1705 1495 1730 meum
1521 1695 1784 1744 pronunciare.

45 1744 119 1785 Vir
139 1744 170 1784 is
188 1743 283 1784 mihi
303 1742 453 1784 videtur
473 1743 621 1796 magnis
642 1742 797 1782 dotibus
814 1741 1028 1794 praeditus,
1058 1744 1206 1783 utinam
1226 1754 1352 1783 utatur
1373 1744 1431 1784 his
1453 1745 1502 1784 ad
1525 1746 1672 1787 Christi
1703 1750 1786 1804 glo⁴

47 1799 153 1839 tiam!
184 1799 234 1841 Et
249 1811 376 1840 tamen
395 1797 421 1837 fi
440 1796 535 1851 quid
556 1808 677 1847 errat,
706 1810 787 1837 non
807 1796 929 1838 haufit
950 1796 1026 1837 hoc
1046 1811 1093 1837 ex
1112 1798 1216 1839 varia
1235 1798 1409 1839 lesione.
1442 1802 1506 1840 An
1527 1800 1558 1840 F
1562 1801 1692 1843 abtum
1715 1816 1787 1845 no·

47 1858 130 1896 tat?
158 1854 269 1894 Illius
291 1853 362 1894 viri
391 1864 495 1893 tanta
524 1852 577 1892 est
605 1850 708 1905 apud
737 1865 873 1893 omnes
903 1853 1137 1902 reverentia,
1164 1853 1224 1893 vel
1243 1853 1296 1892 ob
1316 1854 1500 1895 caniciem
1520 1855 1581 1895 vel
1599 1858 1651 1897 ob
1684 1859 1787 1901 vitae

44 1909 356 1957 finffimoniam,
385 1907 437 1947 ob
458 1918 518 1946 tot
535 1907 682 1960 vigilias
703 1908 745 1946 in
762 1906 952 1960 publicam
971 1907 1170 1948 utilitatem
1190 1907 1415 1958 desudatas,
1440 1920 1482 1949 ut
1501 1911 1625 1952 nullus
1656 1914 1785 1960 adbuc

47 1965 101 2004 illi
130 1964 328 2018 impegerit
355 1961 546 2002 haerefim.
575 1961 750 2015 Superest
779 1962 894 2015 igitur
926 1961 1127 2011 Erasmus,
1156 1962 1199 2002 in
1230 1976 1347 2016 quern
1376 1964 1446 2004 ista
1471 1965 1550 2017 jaci
1568 1966 1787 2011 videantur,

44 2019 192 2060 Verum
212 2031 331 2072 quum
350 2028 436 2058 toto
457 2016 532 2056 hoc
553 2016 650 2057 libro
668 2016 822 2057 summis
842 2016 982 2057 viribus
1002 2017 1102 2057 Leus
1124 2017 1168 2057 fit
1188 2019 1371 2068 annixus,
1400 2031 1442 2061 ut
1470 2021 1603 2061 omnia
1622 2033 1786 2068 verteret

45 2073 87 2119 in
121 2073 324 2123 haeresim,
353 2073 468 2113 etiam
493 2086 592 2125 quae
621 2071 706 2112 sunt
733 2072 883 2124 optime
912 2071 1036 2122 ditia,
1065 2083 1194 2113 tamen
1213 2073 1310 2112 nihil
1336 2073 1465 2115 adhuc
1484 2074 1674 2128 succeffic‚
1704 2080 1787 2122 imo

45 2128 141 2170 dum
167 2142 228 2170 me
257 2140 416 2168 conatur
445 2127 624 2167 haeretici
647 2126 840 2181 dogmatis
866 2138 1037 2167 autorem
1057 2126 1200 2178 facere,
1231 2128 1309 2182 ipse
1333 2129 1486 2183 qualem
1506 2130 1545 2170 se
1564 2131 1786 2186 declararit,

47 2197 127 2226 non
158 2183 385 2238 proloquar,
414 2182 550 2224 tacitus
577 2181 681 2236 apud
713 2182 747 2222 se
775 2182 894 2223 Ιεξὶοι·
928 2182 1104 2236 intelligit
1123 2182 1218 2237 quid
1242 2183 1368 2225 velim.
1398 2186 1466 2225 An
1484 2185 1646 2227 schisma
1678 2198 1787 2243 putat

46 2239 120 2282 effe
135 2239 256 2289 Leus,
287 2237 394 2293 quod
412 2251 531 2292 quum
550 2249 608 2278 tot
629 2237 773 2291 egregii
793 2251 968 2290 proceres
987 2237 1174 2279 Ecclesiae
1197 2240 1347 2294 magnis
1367 2240 1501 2281 studiis
1527 2244 1786 2297 complestan.

45 2306 107 2336 tur
127 2294 295 2335 laborem
316 2307 466 2343 meum,
494 2306 609 2346 quem
626 2291 777 2333 exhausi
798 2294 839 2332 in
856 2292 983 2334 Novo
1000 2292 1257 2334 Testamento
1274 2294 1530 2347 restituendo,
1559 2299 1670 2351 pauci
1703 2302 1786 2355 qui.

46 2348 137 2394 dam
160 2349 308 2390 rabulae
329 2349 516 2389 commoti
535 2348 634 2388 fint?
666 2348 724 2389 vel
747 2347 855 2401 quod
876 2348 1000 2388 nolint
1020 2347 1142 2389 videri
1162 2350 1369 2403 quicquam
1389 2349 1553 2402 nescire,
1588 2354 1648 2393 vel
1677 2356 1786 2410 quod

46 2405 99 2447 ob
119 2404 362 2446 stoliditatem
381 2404 499 2444 animi
518 2413 653 2457 putent
672 2403 745 2443 esse
762 2403 1014 2453 haereticum,
1042 2404 1227 2458 quicquid
1256 2405 1327 2458 ipsi
1360 2406 1552 2457 nesciunt,
1581 2409 1642 2448 vel
1676 2411 1786 2464 quod

46 2457 101 2500 ob
130 2459 264 2500 odium
291 2473 380 2512 erga
409 2459 528 2499 bonas
557 2458 682 2498 literas
712 2459 853 2499 autoris
878 2458 976 2499 odio
1005 2457 1191 2500 damnent
1212 2461 1330 2500 etiam
1360 2474 1458 2515 quae
1483 2463 1584 2503 resta
1616 2463 1712 2506 sunt.
1743 2466 1785 2507 Si

47 2514 143 2568 quid
162 2514 224 2555 hic
242 2514 296 2557 est
312 2514 515 2563 tumultus,
543 2513 602 2555 his
619 2514 847 2566 imputetur,
874 2514 940 2567 qui
962 2513 1140 2555 seditiose
1155 2514 1437 2567 vociferantur,
1465 2517 1568 2571 apud
1598 2521 1785 2573 populum

48 2569 268 2619 indoctum,
297 2569 370 2609 effe
392 2570 457 2623 qui
480 2569 643 2623 corrigat
665 2568 797 2608 Pater
815 2567 955 2620 noster,
986 2570 1053 2623 qui
1082 2571 1247 2623 corrigat
1277 2571 1543 2624 Magnificam
1572 2575 1643 2627 qui
1670 2578 1787 2617 corti·

47 2631 113 2679 gat
134 2624 385 2679 Evangelium
404 2623 732 2678 Sanostijoannis,
762 2624 828 2678 qui
847 2623 1035 2665 subvertat
1056 2625 1299 2666 autoritatem
1318 2626 1445 2667 sacrae
1462 2628 1698 2682 Scripturae5
1717 2633 1785 2686 qui

48 2679 220 2722 haereses
249 2684 287 2719 ὃ(
321 2679 575 2719 Antichristos
605 2678 762 2719 miscent
791 2679 930 2733 ubique
958 2693 1047 2720 cum
1079 2681 1239 2734 negotio
1259 2681 1448 2722 bonarum
1475 2683 1691 2735 literarum,
1718 2688 1786 2742 qui

48 2735 143 2776 haec
162 2735 367 2777 decantant
386 2735 426 2775 in
446 2735 654 2779 conviviis,
684 2734 724 2773 in
742 2734 935 2787 plaustris,
963 2735 1004 2774 in
1026 2735 1206 2786 navibus,
1229 2736 1269 2776 in
1291 2737 1573 2785 conciliabulis,
1603 2741 1669 2793 qui
1690 2740 1784 2782 haec

49 2790 275 2831 insusurrant
305 2791 343 2830 in
374 2789 522 2831 secretis
553 2788 850 2831 confessionibus
871 2820 883 2840 ,
922 2789 1147 2832 blaterantes
1177 2790 1277 2832 adeo
1310 2791 1448 2832 stolida
1466 2827 1477 2844 ,
1517 2805 1559 2834 ut
1590 2794 1784 2838 rideantur

50 2845 166 2885 etiam
193 2845 240 2886 ab
268 2845 398 2887 idiotis
427 2848 467 2885 ὃ(
499 2845 727 2886 mulierculis
756 2845 871 2897 paulo
903 2844 1191 2887 cordatioribus.
1247 2846 1313 2887 Isti
1343 2847 1453 2901 qnod
1482 2848 1641 2904 quidem
1663 2850 1703 2890 in
1729 2852 1786 2904 ipi-

53 2898 98 2938 fis
127 2900 201 2949 est,
231 2902 427 2941 concitant
459 2900 668 2941 schismata,
724 2900 808 2953 Qu
836 2900 927 2941 tales
957 2900 1121 2941 scribunt
1153 2901 1300 2942 libellos
1319 2933 1333 2952 ‚
1362 2902 1483 2957 qualis
1511 2904 1576 2944 hic
1603 2905 1659 2945 est
1691 2905 1787 2952 Lei,

52 2953 280 2996 seditionum
299 2969 454 2997 autores>
468 2955 573 2998 sunt:
603 2961 686 2996 no'n
704 2969 802 3010 ego,
830 2956 898 3010 qui
917 2955 1024 3010 quod
1045 2956 1195 3011 possum
1216 2958 1486 3009 communico,
1512 2958 1702 3013 judicium
1712 2962 1786 3002 Ec-

53 3007 184 3048 clefiae
202 3009 384 3053 deferens.
1232 3029 1234 3032 ’

112 3063 290 3117 Denique
315 3066 491 3107 adversus
513 3067 682 3107 Petrum
704 3066 881 3107 Sutorem
910 3080 953 3120 p.
981 3070 1076 3119 641.
1106 3067 1145 3108 Si
1174 3067 1306 3118 fuerit,
1335 3068 1463 3122 inquit
1480 3099 1493 3119 ‚
1521 3068 1717 3115 auditum,
1746 3070 1786 3109 in

53 3116 164 3158 sacris
185 3118 286 3159 libris
303 3120 376 3161 effe
392 3121 537 3174 aliquid
564 3122 669 3167 vitii,
698 3121 810 3163 semel
841 3122 982 3163 corruit
1011 3123 1192 3164 autoritas
1221 3125 1339 3164 totius
1369 3124 1583 3184 Scriptutae
1611 3124 1787 3175 divinae,

53 3172 312 3226 Pontificum„
341 3174 689 3229 Onhffloxmum,
718 3177 1009 3272 Concihoffim,
1036 3177 1352 3233 Theologorum:
1387 3178 1550 3219 breviter
1580 3179 1698 3219 totius
1717 3178 1790 3272 Ele-

978 3245 998 3284 3
1717 3246 1740 3271 c
1754 3247 1792 3274 e-
