1976 3519
491 217 1491 291 PROLEGoMEN=A4
1763 261 1837 299 191

107 350 221 394 perae
241 339 281 378 in
305 337 506 378 literarum
527 336 638 375 decus
658 335 907 388 succrestere,
938 333 1130 373 Patriam
1153 347 1308 383 ornare,
1341 333 1502 389 Tibique
1515 337 1734 391 manficram
1745 353 1842 378 com-

104 372 248 446 paf-bare
276 393 447 433 olorjam,
507 390 601 442 Jam
630 390 698 429 diu
733 390 782 441 est
802 420 814 439 ‚
856 389 960 442 quod
970 399 1038 442 per
1050 388 1107 444 pl.
1137 388 1242 428 Rev.
1272 388 1337 429 ‘.D.
1369 389 1585 430 ‘parentem
1606 401 1716 432 tuum
1739 408 1762 433 a
1788 394 1842 435 Te

103 452 208 503 peni
240 426 313 489 δῗς,
345 453 417 489 &c,
449 435 547 488 Va'le
575 443 793 494 amiciffi'me
825 442 1010 493 l‘Vetslem'
1028 474 1040 494 ,
1082 442 1130 488 ἔγ
1152 442 1426 495 Excellentiff.
1483 445 1639 497 Iselz'um
1659 447 1841 504 reliquos-

114 518 187 558 que
218 504 406 557 mstrates
435 514 512 542 meo
544 501 679 555 quaesb
709 501 858 540 nomine
869 498 1022 552 saluta.
1058 511 1121 550 14.
1144 498 1221 552 Jul.
1257 502 1377 550 1716.
1407 499 1451 538 T.
1482 500 1526 541 T.
1555 501 1653 553 Joh.
1683 503 1840 549 Ludov.

111 559 223 611 Frcy.
1291 609 1311 615 Η

166 615 371 668 Postquam
402 610 538 651 aestate
560 611 608 651 A.
644 621 762 662 17¹7·
793 610 831 650 in
855 610 1015 663 patriam
1034 620 1193 649 vocatus
1218 607 1429 660 reduss'em,
1464 612 1504 649 ὃ(
1527 611 1592 652 A⁰.
1626 624 1749 664 1720.
1777 630 1844 670 pa-

114 672 210 711 renti
233 683 321 709 meo
357 682 392 721 p.
425 680 474 706 m.
499 666 578 719 JO.
611 665 893 706 RODOLFO
924 663 1276 717 WETSTENIO
1304 665 1451 705 Pastori
1485 665 1634 707 Coetus
1653 698 1664 717 ,
1706 671 1771 723 qui
1801 673 1841 711 in

114 725 258 778 templo
288 724 337 764 D.
366 720 585 762 Leonhardi
615 720 804 774 colligitur
825 752 836 771 ‚
867 720 1031 774 Collega
1061 731 1176 773 atque
1197 719 1455 771 Administer,
1483 734 1599 775 quem
1622 723 1842 767 Diaconum

113 791 274 828 vocant,
302 777 401 818 sorte
429 777 539 817 datus
567 775 714 816 fuissem
732 807 744 826 ,
788 775 1020 817 Auditorem
1042 775 1236 828 publicum
1256 778 1294 814 &
1316 775 1408 836 satis·
1429 774 1614 817 affiduum
1646 778 1761 821 habui
1781 782 1844 822 Cl.

113 834 209 880 Frey
230 834 338 873 annis
358 831 558 873 undecim:
589 831 697 871 fimul
718 831 834 872 etiam
855 830 1016 871 domum
1035 830 1139 883 ejus,
1181 842 1223 870 ut
1254 842 1411 884 cognati
1438 834 1478 871 ὃ(
1499 832 1635 882 vicini,
1667 833 1845 889 frequen-

111 902 168 931 ter
188 901 301 942 atque
332 887 562 927 familiariter
582 886 701 926 invifi.
753 886 870 926 Tunc
892 900 954 926 me
974 886 1148 925 hortatus
1164 885 1239 935 est,
1269 897 1310 925 ut
1332 899 1404 939 pro
1425 900 1533 927 more
1547 887 1743 940 juniorum
1765 893 1845 932 Mi-

110 945 314 984 nistrorum
348 941 521 982 studiofis
550 941 794 995 Theologia'e
826 941 990 994 aliquem
1027 940 1237 981 Auctorem
1270 940 1550 996 praelegerem‚
1581 943 1780 999 ipsumque
1804 948 1844 988 in

111 1000 191 1040 aliis
211 1009 440 1051 occupatum
459 997 535 1037 hoc
555 1011 672 1037 onere
691 996 934 1036 sublevarem.
964 996 1188 1049 Reponenti
1201 1027 1211 1045 ,
1233 1010 1294 1036 me
1316 1009 1512 1051 nunquam
1535 998 1694 1051 systema
1710 1002 1846 1043 Theo-

109 1055 234 1109 logiae
262 1054 454 1107 perlegere
473 1051 656 1105 potuisse,
685 1050 794 1092 suafit
823 1063 864 1091 ut
893 1051 951 1091 N.
981 1051 1032 1091 T.
1064 1052 1286 1100 tradar-em,
1317 1054 1356 1090 &
1382 1053 1434 1092 ita
1461 1053 1644 1106 quidem,
1674 1068 1716 1095 ut
1739 1071 1847 1111 prae-

110 1110 229 1150 teritis
258 1109 323 1157 iis,
353 1121 450 1161 quae
482 1106 636 1147 studiosi
666 1121 713 1147 ex
743 1106 989 1147 Sermonibus
1019 1110 1057 1146 ὃ(
1084 1106 1356 1160 Systernatibus
1383 1107 1470 1148 satis
1501 1108 1680 1161 nossent,
1701 1112 1848 1154 indica-

110 1179 212 1214 rem,
243 1163 337 1218 quid
366 1162 564 1215 scriptores
591 1162 718 1202 minus
746 1161 918 1214 vulgares
949 1162 1111 1202 Grotius
1129 1188 1141 1207 ‚
1171 1162 1469 1212 Hammondus,
1500 1164 1771 1218 Lightfootus,
1804 1173 1844 1208 ὃς

108 1219 173 1260 alii
197 1219 314 1272 Angli
336 1218 538 1266 sentirent,
569 1217 780 1257 &liberam
811 1230 857 1256 ex
881 1217 994 1256 variis
1022 1217 1214 1257 variorum
1244 1218 1621 1270 interpretationibus
1641 1223 1844 1274 optionem

107 1274 274 1329 eligendi
301 1277 339 1313 &
369 1273 565 1326 ingenium
594 1271 796 1312 exercendi
820 1271 1014 1326 discipulis
1042 1273 1304 1326 relinquerem.
1363 1274 1474 1325 Quin
1503 1274 1617 1314 etiam
1647 1287 1727 1316 tum
1749 1280 1845 1329 mihi

110 1329 318 1370 studiosum
339 1328 574 1377 Palatinum,
603 1328 756 1381 nepotis
776 1327 857 1378 ejus
876 1326 1142 1382 paedagogum
1155 1359 1166 1377 ,
1197 1328 1328 1381 postea
1339 1342 1431 1368 vero
1444 1329 1724 1372 comestorem
1737 1348 1846 1388 gym-

109 1384 201 1425 nasii
224 1382 544 1432 Manheimenfis,
575 1395 657 1423 tum
678 1397 739 1422 me
768 1382 821 1422 illi
847 1383 1148 1423 commendavit,
1208 1382 1434 1436 Aliquando
1466 1398 1552 1425 cum
1574 1399 1636 1426 me
1657 1401 1738 1428 non
1761 1389 1846 1431 satis

107 1439 327 1493 expedirem
357 1453 401 1479 ex
432 1438 560 1478 multis
585 1438 700 1487 locis,
730 1451 827 1491 quae
849 1438 996 1492 ingenti
1017 1452 1178 1478 numero
1202 1452 1274 1491 pro
1293 1439 1493 1480 Trinitate
1511 1441 1709 1493 probanda
1729 1445 1845 1498 vulgo

109 1495 338 1544 afferuntur,
368 1498 406 1534 &
439 1493 635 1534 confilium
663 1493 745 1545 ejus
771 1506 1011 1546 expeterem,
1043 1493 1154 1533 fassus
1183 1495 1238 1533 est
1266 1493 1428 1547 plurima
1449 1494 1486 1533 in
1509 1495 1676 1537 medium
1701 1500 1847 1552 profer-

110 1551 163 1600 ri,
193 1564 289 1604 quae
323 1563 453 1602 parum
484 1548 532 1588 ad
563 1563 642 1588 rem
662 1547 852 1597 facerent,
886 1548 985 1588 hanc
1003 1560 1128 1589 autem
1152 1550 1320 1603 regvrilain
1342 1549 1526 1590 indicavit
1539 1571 1550 1595 ς
1585 1563 1626 1592 ut
1645 1553 1683 1592 in
1705 1557 1846 1596 exami-

109 1619 158 1646 ne
180 1605 411 1660 fingulorum
429 1604 602 1644 locorum
622 1606 753 1643 omnia
774 1614 982 1654 tentarem,
1013 1607 1053 1642 &
1079 1605 1205 1658 primo
1226 1605 1314 1644 alias
1333 1604 1492 1645 aliorum
1514 1606 1847 1661 interpretationes

109 1660 351 1708 adhiberem,
389 1659 448 1699 vel
479 1660 593 1699 etiam
616 1657 696 1712 ipse
723 1659 1014 1711 excogitarem;
1051 1659 1078 1699 fi
1110 1660 1240 1712 postea
1273 1659 1625 1712 deprehenderem,
1667 1664 1747 1705 illas
1765 1680 1846 1706 non

109 1715 340 1768 procedere,
373 1728 444 1753 nec
473 1714 517 1753 iis
546 1728 643 1766 quae
675 1713 932 1765 praecedunt,
971 1727 1042 1753 nec
1062 1714 1107 1753 iis
1127 1727 1225 1766 quae
1244 1715 1471 1766 sequuntur,
1501 1716 1725 1768 cohaerere,
1756 1733 1847 1762 tunc

110 1785 172 1810 me
205 1771 244 1809 in
271 1780 420 1822 recepta
450 1769 764 1821 interpretatione
797 1778 882 1807 tuto
910 1767 1146 1820 acquiescere
1173 1768 1289 1820 poffe.
1348 1769 1654 1813 commendavit
1674 1787 1718 1813 ea
1738 1790 1848 1817 occa-

112 1824 216 1865 fione
237 1825 270 1864 S.
302 1824 448 1864 Clarkii
474 1822 610 1863 librum
629 1823 903 1862 continentem
922 1822 1138 1863 doffiinam
1162 1823 1377 1876 Scripturae
1399 1824 1449 1865 de
1468 1824 1684 1877 Trinitate‚
1708 1833 1747 1868 δε
1768 1835 1848 1872 lau·

110 1880 200 1920 data
228 1880 308 1932 ejus
338 1878 530 1921 evidentia
561 1879 712 1931 optavit
729 1891 865 1917 omnes
882 1877 989 1917 locos
1007 1877 1275 1933 Theologicos
1295 1878 1430 1919 eadem
1451 1880 1642 1922 methodo
1664 1886 1845 1928 trastatos

109 1935 257 1975 habere.

167 1990 212 2029 In
245 1990 303 2029 his
332 1988 508 2028 omnibus
537 1986 736 2028 confilium
757 1986 807 2029 V.
837 1986 899 2028 Cl.
929 1985 1074 2028 secutus
1095 1988 1198 2037 sum,
1229 2002 1308 2028 non
1327 1989 1420 2030 item
1441 1990 1480 2030 in
1501 1991 1577 2032 alio
1605 1993 1711 2044 casu,
1741 1997 1847 2050 cujus

110 2045 234 2085 obiter
255 2044 318 2084 hic
341 2044 576 2084 mentionem
607 2043 753 2082 faciam.
810 2042 992 2086 Ediderat
1019 2044 1225 2084 avunculus
1245 2044 1326 2096 ejus
1348 2044 1561 2087 sermonem
1578 2062 1599 2087 a
1621 2048 1659 2089 se
1674 2050 1846 2092 habitum

111 2100 151 2140 in
165 2100 225 2154 Jo.
256 2099 325 2140 VI.
358 2112 421 2147 29.
452 2111 492 2139 ut
519 2099 718 2152 probaret,
748 2097 868 2138 fidem
890 2098 1093 2138 salvificam
1116 2113 1196 2139 non
1217 2098 1291 2139 effe
1312 2101 1439 2140 a&um
1461 2101 1652 2153 hominis,
1683 2104 1748 2145 sed
1771 2108 1846 2148 Dei

111 2156 330 2209 exequentis
369 2154 561 2194 decretem
594 2154 804 2194 absolutum
838 2153 887 2193 de
909 2153 1022 2193 salute
1047 2154 1279 2200 eleSmrum,
1318 2155 1532 2210 mediisque
1559 2157 1774 2202 efficacibus
1795 2163 1845 2207 ad

111 2210 212 2250 illam
242 2209 396 2250 salutem
425 2209 728 2261 perducentibus.
785 2209 897 2249 Haec
929 2222 986 2249 res
1015 2223 1103 2249 cum
1136 2222 1317 2263 nepotem
1348 2211 1447 2251 male
1465 2211 1643 2262 haberet,
1674 2216 1848 2258 incitavit

112 2278 197 2315 me,
225 2278 265 2305 ut
293 2265 402 2305 istum
432 2265 666 2313 sermonem,
704 2264 811 2317 quod
847 2264 937 2304 esset
971 2263 1216 2314 facillimum,
1255 2278 1334 2305 tum
1367 2266 1507 2320 scripto
1535 2268 1643 2309 edito
1663 2282 1743 2311 tum
1775 2286 1846 2325 pro

111 2319 283 2373 suggestu
305 2320 352 2360 ad
378 2319 561 2374 populum
582 2320 694 2359 verba
717 2320 881 2369 faciens,
904 2318 1134 2367 refellerem3
1165 2321 1330 2360 addebat
1359 2322 1400 2361 id
1436 2322 1483 2362 ad
1517 2323 1689 2366 officium
1719 2341 1846 2368 meum

113 2364 322 2427 pertinere,
353 2375 496 2414 neceffe
525 2377 627 2415 enim
658 2375 756 2424 effe,
786 2386 850 2420 ut,
882 2375 944 2414 ubi
963 2389 1069 2415 error
1088 2376 1288 2428 objicitur,
1315 2377 1431 2417 etiam
1452 2379 1592 2419 veritas
1611 2380 1848 2423 demonstre-

113 2441 194 2478 tur,
222 2430 309 2470 alias
326 2430 475 2471 silentio
494 2444 581 2469 meo
602 2430 831 2471 deteriorem
853 2428 937 2470 fore
966 2430 1232 2471 conditionem
1258 2432 1427 2472 veritatis
1457 2447 1572 2486 quam
1594 2438 1740 2477 erroris.
1797 2439 1847 2479 F.-

114 2498 167 2537 go
196 2499 288 2524 vero
318 2499 378 2525 me
409 2485 468 2524 vel
489 2486 655 2538 parentis
676 2486 749 2524 mei
770 2485 894 2524 amico
913 2486 1030 2526 veteri
1063 2486 1273 2526 molestiam
1305 2501 1453 2538 creare,
1483 2490 1541 2530 vel
1573 2490 1699 2532 litibus
1728 2505 1847 2533 aeter,-

114 2540 172 2579 nis
191 2540 375 2593 implicari
396 2541 490 2579 velle
511 2541 669 2593 negavi3
701 2539 917 2593 praesertim
937 2555 1023 2580 cum
1043 2543 1173 2581 omnia
1194 2556 1290 2596 quae
1310 2544 1357 2581 ab
1377 2554 1537 2597 utraque
1554 2558 1658 2598 parte
1670 2546 1746 2587 dici
1760 2562 1847 2601 pos-

116 2596 218 2643 sent,
246 2596 324 2648 jam
353 2595 444 2634 olim
475 2595 622 2647 prolixe
653 2598 690 2632 &
711 2610 731 2634 a
749 2596 1069 2650 magnisingeniis
1090 2596 1224 2650 scripta
1245 2596 1335 2637 lint:
1369 2600 1611 2641 Avunculum
1631 2602 1713 2655 ejus
1735 2604 1786 2643 ita
1810 2605 1846 2645 se

116 2648 256 2702 gessisse
276 2681 288 2699 ,
327 2663 368 2690 ut
400 2650 606 2702 periculum
637 2664 717 2689 non
746 2649 812 2700 sit,
843 2664 892 2690 ne
921 2665 1103 2706 magnum
1137 2653 1273 2692 veritas
1301 2653 1573 2695 detrimentum
1605 2657 1697 2698 inde
1726 2660 1844 2712 patia-

116 2717 198 2751 tur;
235 2705 328 2759 quid
349 2706 639 2745 concionatores
659 2706 697 2744 in
718 2706 798 2745 aliis
817 2706 988 2747 coetibus
1011 2706 1254 2759 praedicent,
1293 2709 1341 2747 ad
1366 2723 1488 2749 meam
1509 2725 1638 2751 curam
1659 2726 1739 2752 non
1761 2728 1844 2767 per-

116 2759 253 2799 tinere:
285 2761 323 2799 in
345 2760 475 2800 nostro
495 2773 607 2801 coetu
640 2760 727 2800 talia
749 2774 945 2814 nunquam
967 2761 1106 2811 audiri,
1139 2777 1226 2802 cum
1258 2777 1328 2803 nec
1361 2764 1473 2803 Pater
1499 2778 1606 2806 meus
1623 2798 1633 2816 ,
1664 2768 1843 2822 idemque

119 2813 264 2854 Coetus
292 2815 423 2855 Pastor
443 2846 454 2865 ‚
494 2830 564 2855 nec
596 2816 801 2856 avunculus
821 2830 926 2856 meus
944 2831 1113 2869 unquam
1143 2832 1190 2857 ex
1222 2817 1388 2871 profesto
1419 2819 1468 2859 de
1491 2820 1536 2860 iis
1562 2823 1844 2874 quaestionibus

120 2881 232 2919 agant
254 2885 261 2908 :
290 2871 419 2910 tertius
448 2884 541 2910 vero
563 2870 805 2920 administer,
834 2872 967 2911 itidem
989 2872 1052 2912 Cl.
1081 2873 1180 2926 Frey
1201 2873 1428 2924 avunculus,
1458 2877 1524 2928 qui
1543 2877 1658 2927 olim,
1687 2892 1773 2918 cum
1793 2881 1845 2920 le-

119 2923 262 2963 &iones
289 2925 369 2977 ejus
396 2925 704 2980 Theologicasin
723 2926 1016 2978 Compendium
1044 2927 1226 2968 Wollebii
1258 2928 1442 2970 studiosus
1472 2931 1665 2982 audirem,
1696 2932 1842 2974 fervide

119 2976 597 3020 Contraremonstrantium
631 2994 752 3033 partes
779 2980 902 3021 fuisset
937 2983 1052 3022 tuitus
1074 3013 1085 3033 ‚
1123 2997 1226 3023 nunc
1257 2998 1302 3024 ex
1330 2985 1531 3039 colloquiis
1562 3001 1648 3027 cum
1678 2989 1841 3042 Collega

118 3030 420 3082 conjunffisfimo
449 3039 487 3074 ὃ(
517 3049 604 3076 cum
632 3049 774 3089 nepote
803 3036 1022 3077 immutatus
1052 3042 1091 3077 δε
1122 3039 1162 3077 in
1185 3039 1417 3080 sermonibus
1437 3042 1535 3080 &in
1555 3044 1659 3083 notis
1678 3045 1716 3082 in
1738 3044 1761 3082 S
1803 3044 1844 3083 S:

118 3085 192 3131 (de
221 3087 353 3138 quibus
383 3088 491 3142 supra
510 3104 547 3143 p.
582 3092 671 3137 185.
700 3105 737 3131 n.
767 3089 924 3141 XVII.)
946 3105 1026 3131 non
1048 3093 1203 3134 obscure
1227 3095 1581 3136 Remonstrantium
1615 3097 1839 3137 sententiam

116 3139 301 3193 sequatur.
359 3143 561 3184 Caeterum
588 3159 674 3184 cum
702 3159 836 3186 omnes
866 3145 1042 3186 homines
1062 3151 1101 3186 ὃς
1121 3149 1226 3188 liberi
1249 3153 1285 3187 &
1307 3150 1486 3190 libertatis
1506 3151 1591 3191 suae
1611 3152 1751 3190 conscii
1771 3165 1838 3191 na-

118 3194 264 3236 scantur
282 3227 294 3246 ,
334 3196 397 3238 vix
425 3212 541 3239 unum
570 3213 616 3240 ex
635 3199 797 3242 millibus
815 3213 983 3254 unquam
1001 3201 1065 3243 sua
1075 3203 1211 3256 sponte
1221 3203 1270 3244 de
1282 3205 1626 3257 praedestinatione
1653 3206 1839 3261 cogitatu-

1738 3275 1819 3301 rum
1831 3282 1840 3308 3
