1976 3519
120 249 200 289 166
514 238 1510 285 P'ROLEGOMENA.

122 334 149 375 fi
168 333 270 374 enim
293 340 462 380 mutant,
494 343 591 383 quae
609 328 686 384 ipse
705 340 935 377 mutaverat,
965 327 1165 369 consensus
1195 325 1258 366 hic
1287 338 1466 379 magnum
1494 324 1685 378 praebebit
1717 325 1853 367 verita-

122 389 171 429 tis
192 398 475 442 argumentum:
506 385 531 424 si
550 385 772 432 mutabunt,
802 397 899 437 quae
921 384 998 435 ipse
1017 397 1095 422 non
1120 382 1300 430 mutavit,
1331 382 1384 420 uti
1409 380 1524 419 multa
1553 382 1726 421 mutaturi
1749 383 1855 430 sunt,

126 442 313 497 Bengelio
339 441 431 481 teste
452 471 463 490 ,
493 440 587 480 haec
614 439 781 494 ipsorum
812 438 968 478 audacia
995 436 1218 477 modestiam
1250 435 1419 490 Bengelii
1450 435 1743 475 commendabit.
1802 441 1855 475 At

124 498 227 539 unde
258 495 459 550 Bengelius
489 494 617 540 scivit,
648 494 798 548 quoties
829 505 892 532 aut
923 493 969 532 ab
1002 491 1083 546 ipso
1115 490 1308 530 dissensuri
1340 503 1402 530 aut
1430 504 1514 529 cum
1540 489 1620 542 ipso
1642 491 1857 531 consensuri

123 553 267 593 eslent?
298 553 377 591 imo
411 549 613 604 quomodo
634 580 645 599 ‚
676 548 743 588 nisi
776 548 906 600 spiritu
928 547 1157 601 prophetico
1181 546 1215 585 se
1235 545 1405 585 afflatum
1436 545 1593 599 probet,
1626 544 1664 585 id
1695 547 1859 586 omnino

127 608 219 648 scire
240 607 399 661 potuit?
429 605 494 646 Sin
525 617 651 645 autem
672 603 850 652 nescivit,
878 617 1008 642 annon
1028 602 1213 655 judicium
1244 600 1482 641 temerarium
1515 600 1672 653 protulit
1701 603 1737 637 ὃ(
1766 614 1859 640 con-

126 675 183 704 tra
219 662 387 716 regulam
421 675 441 700 a
472 660 508 700 se
537 659 699 713 positam
734 657 886 711 Epilog.
917 671 953 710 p.
986 658 1080 696 880.
1135 686 1163 705 „
1193 655 1332 695 Unum
1355 669 1451 708 rogo
1470 685 1480 703 ,
1513 656 1636 708 inquit
1659 686 1669 704 ,
1701 669 1748 695 ne
1777 656 1863 709 quis

126 749 153 769 „
184 730 284 757 certe
302 716 428 756 editor
448 715 652 769 quicquam
671 712 730 752 vel
750 713 839 751 mali
860 713 1059 752 commatis
1078 711 1136 751 vel
1158 710 1269 759 boni,
1301 711 1407 764 quod
1430 723 1509 749 non
1539 710 1703 750 SCIAT
1732 718 1863 750 meum*

128 800 153 824 ‚‚
183 772 274 822 esse,
305 785 377 824 pro
408 784 494 810 meo
526 769 662 808 habeat
694 778 758 807 aut
788 767 993 815 venditet,
1035 779 1130 806 neve
1161 765 1363 819 quicquam
1394 765 1509 805 animi
1544 764 1725 805 duntaxat
1756 765 1864 804 causa

131 860 156 879 „
186 827 396 876 convellat,
428 825 638 878 generatim
657 821 826 875 querelas
845 821 1041 861 instituens
1061 848 1071 865 ‚
1104 820 1127 860 si
1161 821 1305 873 placet,
1335 819 1384 860 de
1413 820 1582 859 libertate
1610 821 1759 869 critica,
1789 834 1863 874 qua

131 915 158 934 „
187 883 246 923 vel
270 881 400 921 abusus
419 880 478 920 vel
503 892 582 918 non
604 877 688 918 satis
708 877 792 916 usus
811 876 900 922 fim·‚
930 876 1030 916 SED
1053 875 1152 930 JUS
1170 874 1240 914 slS
1270 874 1467 915 OMNIA
1501 875 1797 923 EXEMPLIS‚
1820 874 1865 914 SI

128 969 155 989 „
185 938 357 986 POTE,
388 932 753 975 COMPROBET
772 934 794 948 '’
818 934 833 971 ?
865 932 975 971 Haec
995 945 1082 971 cum
1104 929 1173 983 ipsi
1196 928 1345 969 fuissent
1364 929 1534 983 objesta,
1557 930 1607 969 ita
1630 930 1665 969 se
1685 929 1866 982 expedire

131 1004 290 1033 conatur
317 992 357 1030 in
387 988 560 1039 ‘Definss
587 1001 623 1039 p.
655 998 722 1036 4²·
778 1017 803 1036 „
833 987 1049 1040 Quousque
1081 985 1274 1036 Bentlejus
1292 985 1330 1023 in
1351 983 1537 1024 mutando
1558 985 1685 1024 Textu
1715 998 1870 1037 progre-

129 1079 156 1099 „
187 1048 311 1087 diatur
339 1058 386 1084 ex
419 1046 542 1096 Apoc.
570 1041 730 1091 XX11.,
760 1041 867 1095 quod
901 1041 961 1081 ille
982 1052 1097 1094 caput
1123 1039 1273 1080 seorsim
1300 1039 1445 1089 edidit,
1467 1047 1607 1093 patet,
1632 1038 1727 1086 fiex
1751 1039 1869 1093 speci-

131 1134 157 1154 „
186 1102 289 1142 mine
310 1099 456 1140 dudum
474 1097 630 1147 emisso,
657 1097 815 1150 inquam
835 1097 875 1135 in
897 1098 1079 1149 Apparat.
1111 1109 1147 1148 p.
1178 1106 1274 1147 443.
1298 1125 1310 1145 ,
1340 1094 1465 1134 adhuc
1494 1094 1580 1134 licet
1598 1093 1782 1147 judicium
1815 1093 1870 1134 fa-

130 1189 156 1209 „
186 1171 269 1197 cere
279 1159 312 1176 ''·
370 1154 490 1208 Atqui
514 1167 594 1192 non
617 1163 767 1205 poterat
788 1153 964 1205 ignorare
988 1150 1211 1205 Bengelius‚
1242 1163 1287 1190 ex
1307 1163 1385 1189 uno
1407 1149 1530 1202 capite
1557 1149 1666 1188 edito
1684 1149 1732 1188 de
1753 1151 1871 1190 totius

132 1213 188 1253 N.
209 1213 260 1252 T.
288 1210 459 1251 editione
480 1207 667 1261 judicium
698 1206 821 1246 facere
843 1220 915 1245 non
948 1205 1083 1253 licere3
1115 1207 1152 1244 in
1182 1205 1312 1258 primis
1332 1218 1377 1245 ex
1407 1218 1486 1245 uno
1506 1205 1629 1257 capite
1653 1204 1871 1258 Apocalyp-

132 1269 234 1316 seos,
264 1267 304 1306 in
335 1279 414 1319 quo
444 1264 541 1303 libro
564 1262 645 1303 solo
667 1262 792 1315 plures
815 1260 1011 1301 Codicum
1042 1260 1268 1313 scriptorum
1301 1259 1348 1299 ab
1376 1259 1608 1300 editionibus
1634 1260 1792 1312 receptis
1814 1259 1871 1299 di-

132 1323 346 1375 screpantes
379 1320 561 1360 leffiones
592 1317 850 1370 reperiuntur,
878 1330 994 1370 quam
1013 1316 1052 1355 in
1073 1315 1250 1355 omnibus
1271 1313 1347 1354 fere
1367 1315 1518 1368 reliquis
1549 1315 1604 1354 N.
1630 1314 1678 1355 T.
1702 1315 1802 1354 libris
1826 1315 1870 1354 si-

134 1378 212 1418 mul
235 1376 374 1417 sumtis.
429 1373 514 1427 Ipse
538 1372 741 1425 Bengelius
762 1385 809 1411 an
829 1372 1064 1424 permitteret
1083 1370 1132 1410 de
1154 1370 1215 1411 sua
1236 1369 1408 1410 editione
1432 1369 1484 1408 N.
1505 1369 1554 1410 T.
1574 1369 1758 1422 judicium
1789 1369 1870 1410 fieri

135 1447 180 1474 ex
204 1432 283 1472 solo
304 1431 439 1471 ultimo
463 1427 751 1482 Apocalypseos
768 1427 918 1479 capite?
948 1426 1078 1480 Pergit
1107 1439 1144 1479 p.
1175 1438 1240 1477 43.
1269 1452 1294 1474 ‚,
1326 1423 1612 1472 W'btslenianae
1634 1424 1769 1465 criseos
1790 1423 1874 1464 fun-

133 1519 159 1539 „
188 1487 389 1535 damenta,
419 1498 498 1523 non
527 1482 654 1523 dicam
686 1482 724 1521 in
758 1481 964 1535 specimine
981 1512 998 1531 ,.
1025 1483 1063 1520 &
1096 1481 1135 1520 in
1167 1479 1360 1529 Censura,
1393 1479 1456 1519 sed
1489 1481 1526 1519 in
1558 1480 1871 1533 Pmlegomenis,

134 1574 161 1594 „
190 1543 253 1583 ubi
275 1553 410 1581 omnes
428 1538 618 1579 editiones
637 1536 759 1577 multo
778 1536 958 1590 prolixius
979 1534 1245 1589 reprehendit,
1276 1548 1391 1588 quam
1408 1548 1505 1589 ego,
1534 1534 1718 1588 insignem
1751 1547 1871 1574 muta-

133 1628 160 1649 „
191 1598 338 1638 tionem
359 1594 608 1635 intentabant.
636 1614 699 1623 ----
726 1591 846 1632 Nunc
869 1590 909 1630 id
933 1603 1067 1645 negat:
1098 1592 1232 1644 itaque
1260 1603 1358 1643 quae
1386 1588 1431 1628 de
1461 1603 1499 1627 eo
1532 1598 1615 1628 tum
1637 1603 1726 1629 vere
1759 1590 1868 1635 dixi,

132 1684 159 1704 „
189 1665 290 1692 nunc
320 1650 443 1690 dicere
469 1647 637 1700 defino''.
695 1646 818 1698 Quod
850 1646 960 1686 semel
991 1658 1122 1686 verum
1152 1645 1223 1685 fuit
1250 1676 1260 1694 ‚
1283 1644 1429 1698 semper
1448 1658 1577 1685 verum
1598 1644 1683 1692 est·,
1715 1659 1874 1685 acumen

134 1710 265 1761 itaque
282 1705 393 1758 hujus
414 1703 508 1743 diffi
526 1715 588 1742 me
609 1715 690 1741 non
711 1714 847 1753 capere
867 1700 999 1740 fateor.
1057 1701 1112 1739 At
1135 1713 1331 1752 nunquam
1354 1712 1483 1739 verum
1506 1698 1597 1746 fuit,
1628 1713 1687 1738 me
1716 1713 1875 1753 perpau-

134 1777 180 1803 ca
198 1763 304 1810 loca,
335 1773 433 1813 quae
455 1755 657 1811 Bengelius
679 1766 820 1800 mutat,
850 1768 931 1794 non
954 1765 1206 1802 mutaturuni;
1232 1757 1270 1792 &
1290 1753 1429 1803 multa,
1451 1767 1547 1807 quae
1570 1754 1772 1808 Bengelius
1793 1769 1874 1796 non

135 1828 257 1859 mutat
275 1847 286 1866 ,
306 1825 559 1855 mutaturum:
591 1810 699 1865 quod
727 1810 805 1863 ipse
831 1809 1034 1865 Bengelius
1054 1808 1162 1849 facile
1184 1808 1352 1858 vidiss‘et,
1387 1807 1411 1848 si
1435 1811 1473 1847 &
1496 1807 1703 1849 Censuram
1727 1824 1871 1858 meam,

135 1886 252 1928 quam
272 1880 385 1911 vocat
406 1899 418 1919 ,
447 1871 486 1908 &
509 1865 789 1920 praefationem
809 1865 973 1904 editioni
992 1863 1097 1904 alteri
1120 1864 1430 1904 Mastrichtianae
1453 1863 1658 1916 praefixam
1682 1864 1795 1904 oculo
1817 1879 1873 1905 at-

138 1939 248 1968 tento
280 1924 473 1979 perlegere
505 1921 627 1962 fuisset
645 1920 836 1974 dignatus.
868 1920 972 1960 Cum
995 1920 1099 1959 enim
1117 1933 1191 1974 ego
1212 1920 1454 1959 autoritatem
1476 1918 1670 1959 Versionis
1693 1921 1873 1970 Latinae,

137 1987 177 2022 &
208 1982 363 2021 aliatum
394 1977 568 2018 omnium
589 1975 842 2024 Versionum,
874 1977 914 2013 ὃς
945 1973 1140 2014 Codicum
1169 1974 1285 2013 etiam
1305 1974 1542 2013 Graecorum
1569 1988 1656 2013 cum
1687 1975 1875 2015 Versione

138 2037 276 2078 Latina
297 2031 637 2080 consentientium,
669 2030 846 2070 Leffioni
870 2028 1100 2082 reliquorum
1123 2027 1316 2068 Codicum
1338 2028 1574 2068 Graecorum
1597 2042 1637 2068 ut
1667 2029 1870 2082 plurimum

137 2091 393 2146 postponam,
423 2086 504 2127 fieri
532 2085 639 2126 aliter
668 2099 749 2124 non
783 2085 945 2138 poterit:
975 2084 1067 2137 quin
1093 2085 1132 2123 in
1162 2084 1349 2137 plerisque
1370 2085 1524 2135 majoris
1551 2085 1737 2124 momenti
1757 2085 1874 2135 locis,

138 2147 202 2188 ubi
233 2142 438 2198 Bengelius
475 2141 681 2182 lectionem
716 2150 909 2193 receptam
946 2150 1065 2179 mutat
1084 2170 1096 2189 ,
1126 2153 1201 2192 ego
1232 2139 1333 2178 illam
1365 2139 1548 2179 retineam
1587 2152 1701 2193 atque
1740 2138 1874 2180 defen-

136 2201 237 2243 dam.

198 2269 261 2308 23.
292 2254 495 2308 Bengelius
516 2251 737 2307 quaestione
757 2249 971 2305 proposita:
1002 2263 1077 2304 qua
1099 2248 1246 2291 ratione
1267 2249 1489 2290 adornanda
1520 2249 1563 2290 sit
1591 2249 1712 2289 editio
1737 2249 1793 2290 N.
1821 2249 1873 2290 T.

139 2312 304 2360 Graeci,
335 2323 432 2364 quae
455 2307 694 2362 paucissimos
715 2306 933 2355 offendere,
965 2305 1153 2359 plerisque
1174 2317 1298 2345 autem
1324 2306 1400 2345 sine
1434 2305 1557 2344 studio
1587 2306 1749 2357 partium
1774 2305 1877 2358 judi-

136 2367 308 2408 cantibus
341 2366 488 2419 placere
516 2361 660 2417 posfit?
689 2361 912 2415 respondit:
944 2360 969 2400 si
993 2374 1039 2400 ex
1070 2360 1247 2400 omnibus
1276 2361 1435 2413 receptis
1462 2360 1693 2400 editionibus
1722 2361 1873 2400 Lectio-

137 2436 227 2471 nes,
257 2434 350 2475 quas
372 2432 494 2459 novus
511 2417 637 2458 editor
655 2417 820 2470 optimas
836 2415 1006 2469 judicet,
1036 2415 1076 2454 in
1098 2415 1226 2455 Textu
1247 2426 1479 2469 reponantur
1500 2437 1510 2463 ·‚
1539 2429 1614 2469 ego
1644 2427 1776 2455 contra
1808 2429 1876 2468 pu-

138 2478 237 2518 tavi:
268 2476 294 2516 [1
327 2475 442 2515 lestio
473 2473 635 2527 plurium
666 2471 864 2512 Codicum
887 2471 998 2511 MSS.
1030 2470 1266 2510 Graecorum
1291 2469 1541 2523 praeferatur,
1573 2474 1610 2507 &
1639 2471 1675 2509 in
1706 2471 1874 2510 Textum

139 2532 362 2585 recipiatur·‚
393 2529 492 2581 hanc
522 2528 688 2582 regulam
719 2526 793 2567 esse
826 2525 937 2567 valde
966 2525 1194 2578 simplicem,
1224 2539 1295 2565 nec
1327 2527 1530 2578 quicquam
1561 2524 1696 2564 habere
1719 2524 1824 2577 quod
1855 2539 1876 2565 a

139 2587 335 2628 voluntate
356 2584 514 2624 editoris
535 2582 724 2636 pendeat3
754 2582 807 2621 ita
837 2580 1003 2634 singulos
1032 2580 1203 2620 Codices
1232 2580 1460 2620 considerari
1491 2592 1532 2619 ut
1562 2580 1722 2618 totidem
1746 2581 1877 2630 [estc-S,

140 2646 179 2682 δε
197 2640 382 2694 judicari,
404 2639 487 2692 plus
508 2638 629 2678 valere
652 2638 762 2677 testes
784 2635 882 2676 duos
906 2649 1006 2683 un0‚
1029 2638 1066 2674 ὃς
1091 2636 1230 2675 multos
1250 2636 1380 2688 paucis
1397 2666 1406 2683 ‚
1436 2634 1543 2687 quod
1564 2635 1797 2673 manifestam
1820 2649 1876 2674 ae·

141 2697 296 2751 quitatis
325 2695 486 2747 speciem
519 2692 677 2740 habeat,
707 2696 746 2731 ὃς
775 2691 801 2730 si
831 2691 915 2744 quis
945 2691 1055 2730 unice
1083 2690 1155 2729 hac
1187 2690 1313 2743 regula
1343 2691 1397 2729 uti
1428 2690 1538 2737 velit,
1569 2704 1653 2728 eum
1683 2690 1765 2741 jure
1795 2704 1875 2729 non

141 2750 247 2805 posse
269 2750 376 2803 cogi,
407 2759 448 2787 ut
469 2748 672 2787 leftionem
693 2760 779 2786 cum
800 2746 870 2785 hac
893 2745 1018 2799 regula
1041 2757 1275 2798 pugnantem
1300 2744 1365 2783 sibi
1400 2744 1554 2783 obtrudi
1584 2745 1756 2796 paris-tur.
1790 2744 1879 2783 No·

140 2805 301 2846 tandum
331 2815 480 2851 autem,
510 2802 597 2841 licet
617 2802 928 2847 existimaverim,
951 2800 1174 2839 Lestioneni
1198 2799 1359 2851 plurium
1381 2798 1574 2838 Codicum
1596 2799 1632 2837 in
1655 2799 1782 2838 Textu
1806 2799 1880 2839 esse

141 2859 425 2913 reponendam,
455 2870 535 2896 non
557 2869 683 2896 tamen
704 2856 884 2905 statuere,
909 2855 1132 2894 Leffionmn
1154 2854 1253 2893 illam
1275 2853 1420 2905 semper
1438 2852 1511 2892 effe
1531 2854 1752 2905 genuinam3
1784 2855 1878 2907 quin

142 2916 303 2968 largior,
335 2911 542 2965 aliquando
571 2911 795 2950 Lestionem
828 2922 1036 2963 paucorum
1068 2908 1262 2949 Codicum
1296 2908 1489 2961 pluribuS‚
1521 2911 1600 2947 imo
1630 2908 1878 2953 Lestionem,

140 2970 295 3024 quaein
317 2968 427 3007 nullis
450 2965 662 3005 Codicibus
687 2965 845 3005 Graecis
869 2965 986 3004 hodie
1007 2965 1210 3016 reperitur,
1239 2963 1313 3003 esse
1344 2962 1626 3015 praeferendam
1649 2979 1657 3002 z
1689 2963 1753 3003 sed
1781 2977 1876 3002 con-

143 3023 289 3072 tendo,
318 3034 395 3062 tum
429 3020 522 3060 illud
554 3019 702 3059 nonnisi
738 3019 915 3058 rarissime
941 3019 1134 3067 accidere,
1164 3032 1244 3058 tum
1265 3018 1314 3057 de
1335 3032 1379 3057 ea
1399 3032 1438 3056 re
1459 3031 1566 3057 caute
1590 3022 1626 3056 ὃ(
1650 3030 1820 3058 accurate
1839 3019 1880 3058 in

143 3080 245 3120 notis
263 3077 336 3117 esse
353 3075 635 3130 disputandum.
693 3074 895 3128 Bengelius
916 3104 927 3122 ,
956 3088 1042 3113 cum
1066 3074 1165 3113 hanc
1186 3073 1352 3127 regulam
1373 3073 1543 3125 jugulum
1565 3073 1693 3113 causae
1713 3073 1796 3113 suae
1818 3086 1880 3125 pe-

140 3147 219 3176 tere
237 3132 406 3183 videret,
433 3132 476 3172 in
496 3143 630 3171 omnes
650 3128 791 3170 formas
819 3128 856 3168 se
876 3130 1008 3178 vertit,
1038 3140 1080 3168 ut
1096 3129 1214 3169 istum
1237 3127 1453 3169 declinaret.
1492 3132 1603 3183 Age,
1633 3142 1729 3182 quae
1749 3127 1881 3176 affert,

1792 3195 1882 3235 pau-
