1976 3519
137 183 216 221 180
537 174 1531 217 PROLEGOMENA.

138 266 289 317 ronymi
323 268 361 304 ὃ(
398 264 448 304 D.
477 262 660 304 Thomae
679 263 917 316 conjesturas
937 261 1107 316 express‘a
1130 262 1194 312 fit,
1224 261 1417 302 immerito
1438 261 1564 302 locum
1585 262 1728 304 codicis
1749 265 1862 306 MSS.

141 322 281 362 Graeci
303 319 516 372 occupavit.

195 389 230 425 7.
265 375 299 414 8.
330 374 470 414 Codex
501 373 759 424 Ilffontfortii,
799 375 837 411 &
869 372 1010 412 Codex
1042 371 1340 426 Evangeliorum
1369 370 1534 424 Collegit·
1564 370 1682 413 Novi
1713 375 1864 425 Oxou,

139 431 280 470 habent
301 428 583 470 distinffionem
603 429 792 481 capitum,
822 441 919 480 quae
941 427 1043 481 apud
1061 428 1230 480 juniores
1251 427 1409 467 Latinos
1430 437 1601 480 recepta,
1633 429 1790 469 Graecis
1801 444 1864 470 ve-

140 500 185 526 ro
208 486 338 540 ignota
356 485 432 530 est,
462 485 617 537 aliisque
636 483 786 522 indiciis
805 482 879 522 sese
899 482 1089 535 produnt,
1102 483 1139 521 in
1154 481 1402 522 Occidentea
1415 482 1553 521 Latino
1565 482 1735 523 Librario
1751 483 1862 538 scrip·

142 554 202 581 tos
215 572 225 590 ‚
256 545 293 580 ὃς
315 539 364 579 ad
385 539 609 579 Verfionem
631 538 835 590 Vulgatam
856 538 1033 577 Latinam
1055 536 1227 577 deflexos
1247 536 1492 590 detortosqne
1512 536 1627 577 fuisse.

195 609 322 647 9--30.
352 594 489 634 XXII.
519 593 688 633 Codices
717 591 887 631 Romam·
918 606 1104 646 nusquam
1124 603 1306 631 terrarum
1330 593 1575 644 reperiuntur.
1630 591 1776 632 Licebit
1796 593 1865 647 igi-

141 663 222 697 tur,
254 650 380 691 donec
397 649 657 702 proferantur,
687 646 906 699 conjestura
926 647 1112 700 probabili
1133 649 1172 686 &
1193 660 1239 686 ex
1262 661 1300 686 re
1323 646 1400 700 ipsa
1423 649 1541 700 petita
1561 646 1756 700 suspicari,
1785 648 1866 689 illas

141 707 339 747 varietates
369 719 448 744 non
468 719 513 745 ex
535 702 746 743 Codicibus
767 702 879 742 MSS.
911 703 1124 751 Romanis,
1155 701 1219 741 sed
1241 716 1284 741 ex
1307 701 1552 742 Editionibus
1571 714 1684 755 atque
1703 702 1862 743 adnota-

141 762 308 801 tionibus
337 759 454 800 Card.
495 758 696 806 Ximenii,
736 756 824 796 Des
854 757 1020 806 Erasmi‚
1060 757 1111 797 R.
1143 756 1350 810 Stephani,
1379 757 1534 797 Theod.
1565 758 1711 807 Reme,
1740 758 1866 798 Lucae

142 815 366 869 Brugenfis,
394 818 465 854 &e
495 813 601 854 fuisse
630 823 844 865 excerptas,
875 812 1070 865 adeoque,
1101 810 1168 851 nisi
1200 812 1284 864 quis
1302 811 1393 852 velit
1410 812 1575 852 eundem
1593 813 1724 852 testem
1745 824 1866 853 muta-

141 884 184 912 to
206 872 362 911 nomine
382 869 527 922 saepius
547 867 780 921 producere,
811 867 873 906 hic
891 867 1026 907 iterum
1046 880 1267 919 comparere
1289 881 1368 906 non
1388 866 1564 908 debuisse.

201 940 263 978 3¹·
298 939 361 977 32-
392 923 581 977 Stephani
615 921 755 961 Codex
766 925 920 976 primus
942 935 1021 961 non
1043 922 1173 962 differt
1192 936 1212 960 a
1234 922 1500 975 Complutensi
1522 921 1692 962 editione
1708 921 1777 961 nisi
1797 936 1868 962 no-

141 982 269 1025 mine,
300 980 353 1019 uti
385 993 455 1018 nec
486 977 670 1030 Stephani
696 977 887 1028 fhcundus
919 991 940 1015 a
964 977 1116 1016 Codice
1137 976 1467 1031 Cantabrigienfi·,
1496 977 1585 1030 qui,
1615 977 1701 1017 licet
1723 977 1780 1017 bis
1797 991 1867 1018 nu-

142 1046 354 1083 merentur,
387 1047 436 1072 ne
452 1032 562 1073 semel
585 1031 764 1085 quidem,
792 1043 834 1071 ut
855 1031 964 1084 supra
984 1032 1170 1081 vidimus,
1199 1042 1306 1072 erant
1327 1031 1564 1072 numerandi.
1840 1055 1844 1061 ·

200 1091 353 1142 33--48.
387 1087 520 1137 Velefii
547 1087 665 1128 XVI.
704 1085 827 1127 MSS.
857 1100 938 1126 non
958 1099 1066 1128 erant
1089 1088 1250 1136 Graeci,
1281 1085 1343 1126 sed
1363 1087 1490 1127 Latini
1513 1085 1702 1137 Codices,
1730 1087 1785 1127 uti
1806 1087 1863 1127 in-

141 1147 251 1187 vic‘tis
273 1144 503 1198 argumentis
522 1157 601 1182 non
622 1143 673 1182 ita
694 1140 844 1195 pridem
864 1141 1164 1182 demonstratum
1184 1142 1249 1182 est.
1305 1141 1397 1182 Huc
1413 1156 1505 1196 ergo
1526 1156 1605 1181 non
1627 1143 1828 1195 pertinent.

196 1214 262 1251 49.
299 1213 359 1251 50.
392 1198 598 1238 Lectiones
632 1196 819 1236 [Wcheliz'
848 1210 929 1236 non
958 1196 1044 1237 sunt
1063 1196 1232 1238 diversae
1252 1197 1298 1236 ab
1318 1196 1390 1237 illis
1409 1197 1677 1247 Lethonibus,
1707 1210 1868 1251 quarum

141 1268 288 1309 partem
321 1254 369 1293 R.
399 1253 642 1308 Stephanus,
671 1266 717 1292 ex
740 1251 955 1292 Codicibus
982 1253 1062 1305 jam
1084 1252 1192 1306 supra
1214 1251 1425 1298 recensitis,
1456 1251 1505 1292 ad
1525 1253 1736 1306 marginem
1751 1252 1865 1293 Novi

141 1310 381 1352 Testamenti
401 1324 422 1348 a
441 1309 477 1348 se
497 1308 592 1348 editi
611 1308 841 1362 publicavit,
869 1317 1014 1361 partem
1035 1321 1122 1347 cum
1144 1306 1222 1347 Th.
1255 1308 1358 1347 Beza
1377 1307 1683 1347 communicavit.

200 1366 344 1414 Vides,
375 1365 418 1404 B.
443 1364 485 1403 L.
500 1394 511 1413 ,
540 1377 588 1403 ne
617 1363 684 1402 sirn
702 1362 905 1416 prolixior,
937 1376 1052 1416 quam
1074 1363 1152 1402 cito
1170 1363 1305 1417 ingens
1325 1362 1386 1402 ille
1403 1362 1552 1404 testium
1571 1362 1778 1411 exercitus,
1810 1361 1870 1401 di-

142 1421 260 1462 midia
290 1420 343 1460 sui
374 1430 481 1472 parte
512 1418 662 1463 amissa,
694 1417 893 1472 profligari
927 1417 1051 1471 possit.
1105 1417 1217 1458 Plura
1237 1417 1426 1467 dicerem,
1455 1417 1545 1462 nist,
1575 1417 1651 1457 hoc
1669 1418 1870 1470 praecipue

141 1476 301 1525 Seculo,
331 1474 433 1528 apud
463 1487 551 1523 eos,
573 1487 671 1527 quos
706 1472 879 1513 omnium
900 1473 1058 1512 minime
1079 1471 1256 1521 decebat,
1285 1486 1427 1526 magno
1449 1472 1684 1526 molestoque
1706 1473 1744 1511 in
1765 1471 1871 1512 colli-

142 1531 278 1586 gendis
299 1542 413 1584 atque
432 1528 693 1569 examinandis
711 1527 766 1568 N.
795 1527 845 1567 T.
873 1528 985 1567 variis
1006 1527 1252 1567 Leffionibus
1272 1526 1438 1568 insumto
1457 1526 1604 1577 labore,
1628 1539 1708 1566 non
1720 1537 1869 1566 tantum

141 1586 243 1627 nulla
272 1586 427 1625 iniretur
456 1584 598 1637 gratia,
628 1596 759 1623 verum
780 1583 894 1622 etiam
918 1583 1082 1622 maxima
1103 1593 1385 1636 compararetur
1402 1582 1556 1623 invidia.
1614 1581 1714 1622 Non
1736 1581 1873 1622 desunt

141 1636 245 1682 enirn
279 1641 344 1694 qui
377 1653 479 1679 nunc
507 1639 641 1678 testius
670 1651 772 1677 nunc
794 1638 958 1690 apertius
980 1649 1105 1677 totum
1123 1637 1223 1677 istud
1245 1636 1409 1676 studium
1431 1637 1668 1690 vituperant,
1700 1636 1871 1676 Codices

144 1697 316 1737 Graecos
344 1693 456 1734 MSS.
487 1694 540 1733 N.
570 1692 620 1732 T.
649 1702 833 1744 tanquam
859 1692 1092 1731 charaeteres
1113 1692 1282 1745 magicos
1305 1691 1485 1741 horrent,
1515 1705 1582 1731 eos
1600 1706 1692 1731 vero
1715 1691 1781 1744 qui
1799 1691 1873 1732 illis

141 1761 316 1799 utuntur,
352 1747 512 1802 perinde
543 1746 646 1800 quasi
679 1746 755 1785 hoc
783 1745 886 1786 facto
906 1746 1182 1786 haereticorum
1204 1744 1530 1800 profanorumque
1549 1746 1749 1786 hominum
1769 1759 1874 1786 caus-

141 1806 219 1846 sam
247 1817 380 1846 contra
401 1802 682 1850 Orthodoxos,
714 1800 790 1842 five
811 1799 968 1850 stolide,
997 1800 1074 1841 five
1091 1800 1248 1851 callide,
1276 1813 1454 1855 agerent,
1485 1800 1757 1842 contumeliose
1778 1815 1869 1855 pro-

141 1860 342 1908 scindunt,
373 1873 452 1913 quo
472 1858 601 1899 severo
621 1856 769 1910 judicio
787 1859 827 1895 δε
845 1855 990 1896 causs'ae
1009 1855 1255 1897 sanstiflimae
1277 1856 1470 1910 religionis
1490 1856 1693 1910 plurimum
1717 1868 1872 1906 nocent,

143 1920 184 1956 &
202 1914 472 1956 existimationi
492 1913 577 1953 suae
599 1911 754 1965 peffime
773 1911 984 1951 consulunt.
1041 1912 1147 1951 Dum
1166 1912 1269 1951 enim
1291 1925 1358 1961 ea,
1389 1925 1486 1965 quae
1504 1912 1703 1952 oculorum
1724 1910 1873 1952 certiffi-

144 1986 213 2016 mo
235 1970 455 2011 testimonio
474 1968 672 2011 constant,
703 1965 831 2006 abdita
853 1976 966 2020 atque
980 1965 1123 2019 sepulta
1139 1966 1265 2019 jacere
1289 1967 1424 2007 volunt
1440 2000 1451 2015 ,
1481 1966 1650 2020 dumque
1669 1967 1876 2007 temerariis

142 2026 194 2067 de
214 2026 344 2066 animo
363 2024 523 2064 aliorum
542 2021 813 2076 suspicionibus
833 2023 871 2060 &
888 2021 1074 2061 conviciis
1104 2020 1306 2075 indulgent
1318 2043 1327 2068 3
1358 2021 1453 2075 quid
1473 2021 1574 2061 aliud
1595 2021 1787 2072 efficiunt,
1819 2022 1876 2061 ni-

142 2082 171 2122 fi
201 2092 242 2122 ut
267 2079 489 2128 credantur,
517 2091 599 2118 non
630 2076 777 2117 causam
809 2076 1000 2125 veritatis,
1030 2090 1128 2130 quae
1147 2090 1218 2116 nec
1240 2077 1314 2130 piis
1334 2075 1526 2117 fraudibus
1543 2088 1651 2130 eget,
1681 2090 1751 2117 nec
1770 2076 1877 2116 aliter

144 2150 261 2191 quam
292 2135 420 2176 solidis
450 2133 657 2174 rationibus
679 2132 766 2171 nixa
788 2130 883 2171 stare
904 2131 1052 2185 potest,
1065 2156 1068 2159 ᾗ
1082 2130 1147 2171 sed
1169 2145 1335 2172 errorem
1355 2132 1484 2186 potius
1504 2131 1732 2180 defendere,
1761 2135 1800 2171 &
1820 2132 1878 2171 in-

149 2192 289 2233 noxios
320 2188 562 2231 criminando
594 2187 678 2228 suae
705 2187 833 2241 potius
854 2186 1115 2240 ignorantiae,
1146 2185 1335 2236 desidiae,
1364 2187 1588 2236 ambitioni,
1619 2198 1733 2241 atque
1751 2198 1878 2242 tyran-

147 2246 252 2296 nidi,
284 2259 380 2300 quae
400 2244 476 2285 sola
496 2256 631 2284 omnes
650 2242 798 2296 peperit
820 2241 1009 2292 haereses,
1039 2242 1301 2295 patrocinari?

200 2301 313 2343 Faxit
344 2302 450 2342 Deus
481 2299 535 2341 O.
562 2299 621 2339 M.
652 2310 717 2348 ut,
747 2296 850 2352 pulsa
869 2310 1035 2337 errorem
1054 2297 1174 2346 nube,
1205 2295 1462 2351 fraudumque
1483 2297 1622 2347 noste,
1650 2297 1792 2338 veritas
1811 2311 1878 2351 pa-

145 2356 254 2397 cifica
281 2368 407 2397 totum
439 2354 571 2396 orbem
602 2366 804 2402 terrarum,
832 2365 1042 2406 eorumque
1071 2352 1245 2406 inprimis
1266 2353 1332 2406 qui
1356 2353 1438 2393 aliis
1458 2353 1560 2393 viam
1583 2353 1794 2393 monstrare
1811 2352 1880 2392 de-

144 2412 244 2453 bent
265 2412 435 2461 animos,
466 2410 564 2450 alma
584 2409 647 2449 sua
666 2408 749 2449 luce
769 2406 925 2448 tandem
943 2407 1154 2448 collustret!

206 2481 223 2507 1
237 2480 270 2519 5.
298 2466 370 2519 Jo.
399 2464 694 2519 Christ¹oph0rus
717 2462 900 2517 Wolfius,
921 2462 1053 2502 Pastor
1073 2465 1113 2502 &
1135 2461 1366 2503 Scholarcha
1397 2462 1724 2517 Hamburgensis‚
1755 2461 1879 2503 edidit

147 2532 230 2563 tum
251 2522 387 2564 Varias
408 2521 610 2562 Leffiones
638 2518 801 2559 duorum
824 2517 1020 2558 Codicum
1039 2517 1151 2558 MSS.
1167 2549 1178 2567 ,
1210 2518 1276 2572 qui
1296 2519 1407 2558 nobis
1428 2517 1512 2559 sunt
1535 2518 1584 2559 G.
1615 2522 1654 2557 &
1684 2518 1739 2559 H.
1770 2517 1880 2570 supra

147 2591 186 2631 p.
217 2589 283 2628 40.
312 2576 510 2630 descripti:
540 2587 621 2616 tum
641 2587 747 2614 curas
762 2573 1020 2626 Philologicas
1039 2576 1078 2612 &
1100 2572 1266 2614 Criticas
1286 2573 1325 2612 in
1350 2572 1404 2613 N.
1426 2574 1502 2621 T.;
1532 2574 1571 2613 in
1594 2573 1730 2627 quibus
1750 2573 1808 2613 vir
1829 2572 1881 2611 la-

146 2631 415 2672 boriofiffimus
440 2645 573 2672 cavere
602 2643 683 2670 non
715 2629 862 2682 potuit,
892 2628 985 2682 quin
1009 2629 1151 2668 incuria
1173 2628 1319 2682 aliquot
1339 2642 1483 2669 errores
1505 2627 1700 2668 funderet:
1730 2639 1772 2668 ut
1792 2640 1879 2666 cum

149 2686 429 2739 Hieronymum
453 2686 657 2736 Emsbrum
679 2685 799 2725 malae
820 2683 910 2723 fidei
930 2683 1098 2733 accusat,
1129 2683 1233 2737 quasi
1252 2697 1298 2723 ex
1319 2683 1491 2724 versione
1511 2683 1669 2723 Lutheri
1689 2683 1773 2722 loca
1794 2682 1881 2722 alle-

149 2741 290 2798 gasset,
309 2755 406 2795 quae
428 2742 467 2780 in
487 2755 531 2781 ea
551 2755 632 2781 non
652 2751 804 2787 extant,
833 2752 920 2779 nam
940 2739 1001 2778 illa
1021 2738 1179 2792 quidem
1199 2752 1300 2778 nunc
1321 2752 1401 2778 non
1421 2748 1572 2788 extant,
1600 2737 1664 2777 sed
1685 2738 1725 2776 in
1745 2737 1882 2777 editio-

149 2797 260 2838 nibus
281 2796 336 2837 N.
355 2796 406 2836 T.
426 2796 583 2836 Lutheri
604 2807 692 2835 ante
712 2794 856 2835 Emseri
879 2806 1042 2834 mortem
1066 2794 1089 2833 i.
1119 2807 1150 2833 e.
1178 2805 1265 2834 ante
1285 2807 1426 2833 annum
1460 2805 1579 2843 1527.
1609 2793 1747 2832 curatis
1776 2805 1881 2844 repe-

149 2854 316 2900 riuntur,
347 2850 453 2905 quod
473 2865 519 2891 ex
539 2865 622 2891 mea
642 2850 835 2899 editione,
863 2863 960 2902 quae
981 2863 1085 2888 anno
1113 2862 1232 2899 1522.
1261 2848 1405 2903 prodiit
1418 2879 1429 2898 ‚
1453 2847 1550 2887 clare
1566 2847 1880 2900 intellexi-,porro

150 2907 344 2957 Wolfius,
374 2905 439 2946 sed
459 2905 674 2946 dubitanter
694 2905 850 2953 alicubi,
865 2904 1112 2958 significavit,
1140 2918 1202 2944 me
1223 2904 1260 2944 in
1283 2903 1568 2957 Prolegomenis
1589 2903 1643 2943 H.
1665 2903 1883 2943 Hammon-

149 2962 205 3003 do
223 2992 234 3011 ,
264 2961 318 3001 H.
349 2959 569 3014 Stephano,
591 2961 629 3014 J
657 2960 862 3009 Piscatori,
891 2960 944 2999 H.
977 2960 1120 3000 Grotio
1140 2990 1151 3009 ,
1182 2959 1224 2999 L.
1256 2960 1334 2999 Bos
1361 2957 1648 2998 emendationes
1677 2971 1723 2998 ex
1753 2957 1882 3009 conje-

150 3019 254 3058 &ura
287 3016 471 3065 tribuere,
493 3029 590 3069 quae
618 3029 751 3055 eorum
779 3028 859 3054 non
891 3014 983 3054 fint:
1013 3017 1053 3054 &
1081 3014 1167 3054 sane
1194 3028 1264 3054 nec
1281 3028 1413 3053 eorum
1435 3012 1541 3061 sunt,
1571 3012 1634 3052 sed
1656 3014 1708 3054 R.
1730 3012 1882 3052 Bentle-

145 3073 216 3127 jii,
243 3086 315 3114 nec
336 3071 417 3113 dixi
437 3085 571 3113 eorum
587 3069 682 3122 esse,
711 3069 777 3112 sed
791 3080 963 3111 autorem
991 3070 1189 3110 nominare
1208 3080 1299 3110 tunc
1318 3068 1424 3110 nolui
1434 3087 1449 3114 ‚-
1479 3067 1651 3110 wolfius
1677 3081 1768 3110 vero
1795 3079 1880 3115 eas,

1791 3134 1884 3161 con·
