1976 3519
443 178 1434 228 PROLEGOMENA.
1772 191 1824 232 ες

139 270 250 317 Haec
282 273 396 314 verba
429 273 624 313 Erasmus
653 269 702 309 de
734 267 865 308 nostro
896 265 1049 306 Codice
1086 265 1335 318 intelligenda
1368 266 1443 305 effe
1475 265 1596 307 modo
1627 267 1826 314 affirmasse

85 331 207 373 'modo
236 329 386 384 negasse
418 328 578 368 videtur.
635 325 739 365 Cum
757 324 860 363 enim
883 321 1047 361 Stuuica
1069 320 1136 373 ipsi
1157 320 1365 373 objiceret,
1393 335 1458 360 cur
1490 323 1618 362 locum
1648 336 1657 360 ι
1679 323 1748 372 Jo.
1775 322 1825 362 V.

88 403 124 440 7,
158 389 191 426 ὃ.
220 386 326 425 aliter
348 383 523 424 edidisset
541 395 656 435 quam
678 376 1000 432 Complutenses?
1032 376 1255 415 auctoritate
1268 376 1385 414 nostri
1398 376 1561 417 Codicis
1582 376 1618 417 se
1629 376 1825 418 defenditt

84 474 111 494 ‚,
143 440 305 488 Codex,
326 440 469 492 inquit,
494 434 756 477 vetustissimus
777 435 815 472 in
828 432 1016 472 Vaticana
1038 430 1267 470 bibliotheca
1286 430 1420 469 summi
1442 430 1639 472 Pontificis
1660 447 1740 472 non
1762 433 1828 472 ha-

86 528 112 549 „
142 497 206 536 bet
240 494 495 535 testimonium
523 491 655 544 triplex
683 491 722 529 in
752 487 853 528 coelo
879 512 891 536 -,
921 487 1099 526 nimirum
1133 486 1332 525 nobiscum
1364 484 1537 533 faciens·,
1569 501 1657 526 nam
1690 488 1828 528 Paulus

91 583 118 602 „
150 550 391 592 Bombafius.
421 542 735 593 consulto‘libro,
765 544 892 582 locum
911 541 1008 580 mihi
1030 539 1224 594 descripsit
1245 540 1294 579 ad
1317 540 1475 580 verbum
1499 544 1533 580 '’.
1595 542 1643 581 Et
1671 543 1828 589 clarius,

88 608 177 647 licet
199 604 308 652 falso,
342 602 511 656 Epistola
534 597 994 641 DCCCLXXX11.A0.
1025 609 1143 646 1527.
1175 596 1335 648 scripta:
1365 594 1525 635 deloco
1546 595 1615 647 JO.
1648 598 1735 638 VH.
1765 612 1829 650 39ὁ

89 693 116 713 „
148 659 269 713 Qiod
290 673 310 697 a
330 672 390 698 me
411 657 552 697 fastum
575 658 622 696 est
642 655 680 694 in
704 654 827 694 Novo
845 651 1096 692 Testamento
1116 665 1161 690 ex
1182 650 1405 690 auctoritate
1429 651 1602 691 Romani
1616 651 1829 699 pontificis,

89 747 116 767 „
147 716 247 755 idem
269 713 409 753 fatiam
429 712 483 752 est
504 711 606 764 apud
628 711 826 763 Hispanos
847 738 857 757 ,
890 707 1090 759 impendio
1111 720 1275 759 curaque
1296 705 1490 745 Francisci
1511 706 1730 747 Cardinalis
1746 708 1831 747 To-

90 803 115 822 „
143 769 256 810 letani
275 769 315 808 in
337 767 455 808 veteri
473 767 745 814 Testamento,
776 778 818 803 ex
839 761 1012 815 ejusdem
1035 761 1234 802 Pontificis
1254 761 1477 801 autoritate:
1509 762 1645 815 quibus
1665 776 1752 801 cum
1770 777 1830 803 es-

91 856 117 877 „
148 824 199 864 set
219 823 410 877 exemplar
431 822 591 862 eximiae
614 820 806 860 vetustatis
828 845 838 863 ‚
868 817 1131 871 spectataeque
1152 815 1242 856 fidei
1262 847 1272 865 ‚
1302 815 1513 856 exhibitum
1538 832 1559 856 e
1590 817 1830 858 Bibliotheca

90 911 117 932 ‚,
147 880 335 921 Vaticana
357 912 368 928 ‚
399 892 419 917 a
441 891 520 931 quo
540 875 625 929 juffi
645 875 729 915 sunt
754 889 834 914 non
857 872 1054 920 recedere,
1083 871 1185 910 idem
1210 871 1370 911 habebat
1388 871 1450 910 ille
1480 871 1605 911 codex
1625 873 1829 925 probatuS,

91 967 117 987 „
147 933 254 988 quod
276 946 410 973 omnes
429 933 522 982 mei,
544 945 641 985 quos
663 944 741 970 non
762 941 905 983 paucos
926 926 1112 966 habebam
1132 927 1169 965 in
1192 926 1375 975 confluo,
1398 939 1516 980 quum
1537 927 1598 966 illa
1622 927 1831 970 scriberem.

93 1017 120 1041 2,
151 991 275 1043 Eligat
290 1003 392 1028 nunc
414 988 480 1027 iste
500 986 771 1034 calumniator,
801 996 926 1024 utrum
947 981 1037 1022 velit
1061 982 1285 1021 Romanum
1308 981 1538 1021 Pontificem
1563 983 1599 1021 in
1616 983 1678 1035 jus
1707 983 1832 1023 trahe-

94 1076 120 1097 „
151 1059 266 1094 re,an
280 1043 375 1083 mihi
395 1042 520 1082 dicam
534 1042 710 1089 scribere,
727 1039 833 1093 quod
854 1039 954 1077 bona
975 1036 1052 1077 fide
1075 1036 1309 1077 reddiderim
1330 1037 1437 1090 quod
1459 1037 1599 1078 habent
1619 1039 1832 1079 incredibili

95 1128 120 1151 2,
152 1099 334 1140 consensu
354 1098 506 1138 codices
530 1098 767 1137 Graecorum
789 1107 934 1134 omncs.

150 1156 254 1195 Cum
288 1168 380 1194 vero
410 1153 540 1206 postea
567 1153 769 1192 autoritate
798 1149 909 1202 hujus
939 1148 1052 1201 ipsius
1075 1147 1249 1197 codiciS,
1281 1158 1368 1187 cuin
1390 1148 1561 1189 versione
1584 1149 1720 1189 Latina
1739 1165 1833 1190 eon-

94 1210 289 1251 sentientis
318 1213 357 1248 &
388 1209 434 1248 ab
464 1209 622 1248 Erasmo
655 1209 691 1243 ὃ(
714 1204 1053 1258 Complutenfibus
1083 1203 1354 1253 dissentientis,
1383 1219 1404 1242 a
1440 1203 1657 1257 Sepul-veda
1687 1219 1835 1258 preme*

94 1279 218 1315 retur,
248 1265 402 1319 negavit
434 1263 536 1303 hunc
566 1261 740 1302 codicem
773 1263 832 1301 vel
868 1258 1050 1312 Hispanis
1078 1272 1248 1312 unquam
1278 1258 1429 1299 missum
1459 1259 1517 1299 vel
1552 1260 1624 1299 ulla
1655 1263 1834 1301 autorita-

95 1333 134 1361 te
163 1320 325 1375 dignum
342 1319 425 1360 esse.
483 1318 532 1358 In
563 1316 768 1371 Capitibus
791 1324 1100 1368 argumentorum
1121 1313 1288 1353 editioni
1310 1314 1465 1366 quintae
1496 1317 1543 1354 A.
1579 1328 1593 1353 1
1609 1328 1625 1361 5
1635 1328 1654 1367 3
1667 1330 1698 1364 5.
1729 1331 1833 1370 prae-

97 1375 191 1417 fixis.
224 1406 248 1426 „
267 1374 520 1428 Hic‚inquit‚
549 1373 671 1413 obiter
692 1371 785 1411 illud
805 1369 941 1410 incidit
963 1368 1362 1418 adnionendum,esse
1387 1369 1624 1409 Graecorum
1645 1372 1834 1424 quosdam

96 1462 123 1483 „
152 1432 245 1471 novi
263 1429 502 1470 Testamenti
521 1428 691 1468 Codices
712 1426 761 1467 ad
780 1427 1007 1466 Latinorum
1029 1425 1258 1478 exemplaria
1275 1424 1512 1464 emendatos.
1540 1425 1587 1464 Id
1618 1424 1758 1467 factum
1780 1428 1835 1468 est

96 1517 124 1538 ‚,
154 1487 194 1526 in
217 1485 362 1526 foedere
375 1485 612 1525 Graecorum
634 1496 721 1523 cum
734 1482 916 1522 Romana
936 1479 1091 1520 ecclefia
1108 1496 1116 1502 ·
1146 1479 1254 1533 quod
1277 1478 1403 1519 foedus
1425 1480 1578 1520 testatur
1593 1480 1719 1532 Bulla,
1739 1497 1836 1536 quae

97 1569 125 1589 2,
154 1542 292 1582 dicitur
311 1554 431 1581 aurea.
460 1539 595 1580 Visum
616 1539 669 1578 est
686 1538 788 1578 enirn
813 1541 850 1575 S<
871 1537 946 1575 hoc
968 1534 1017 1574 ad
1039 1533 1266 1574 firmandam
1288 1535 1538 1574 concordiam
1560 1537 1757 1588 pertinere.
1790 1539 1840 1577 Et

99 1627 126 1649 „
156 1611 227 1638 nos
256 1596 350 1636 olim
379 1596 419 1635 in
451 1592 672 1649 hujusmodi
693 1592 868 1632 codicem
888 1590 1112 1640 incidimus,
1144 1594 1182 1629 ὃς
1204 1589 1287 1630 talis
1308 1588 1435 1637 adhuc
1457 1591 1707 1631 DlCITUR
1729 1592 1838 1633 affer-

98 1683 127 1704 „
157 1652 237 1693 vari
258 1653 297 1692 in
321 1649 561 1692 Bibliotheca
580 1647 794 1690 Pontificia.
829 1647 974 1696 Verum
994 1659 1040 1685 ex
1060 1645 1119 1685 his
1138 1646 1329 1699 corrigere
1350 1646 1500 1685 nostros
1521 1677 1532 1695 ,
1561 1646 1616 1686 est
1639 1647 1837 1698 Lesbiam,

100 1737 129 1759 ‚,
158 1719 200 1748 ut
220 1707 348 1760 ajunt,
378 1705 584 1746 admovere
601 1703 778 1758 regulam.
837 1700 937 1743 Illud
955 1701 1083 1752 potius
1103 1700 1372 1753 spectandum,
1405 1701 1498 1753 quid
1516 1701 1675 1755 legerint
1694 1715 1840 1743 veteres

100 1793 128 1814 ,‚
158 1762 329 1811 Graeci,
361 1761 571 1813 Origenes,
601 1757 852 1806 Afflanafius,
886 1755 1041 1794 Basilius
1063 1784 1074 1803 ,
1105 1756 1316 1807 Gregorius
1340 1754 1638 1805 Nazianzenus,
1669 1757 1842 1811 Chryso-

101 1845 128 1869 „
158 1817 322 1866 stomus,
354 1815 521 1869 Cyrillus
543 1827 586 1852 ac
606 1810 939 1865 Theophylac‘l‘us.
979 1808 1073 1848 Hoc
1090 1823 1138 1847 eo
1160 1808 1280 1858 visum
1298 1807 1352 1848 est
1371 1808 1602 1856 admonere,
1634 1813 1742 1864 quod
1760 1813 1841 1866 jam

102 1900 131 1925 „
161 1885 263 1912 nunc
282 1869 440 1924 quidam
457 1869 634 1922 ja&itant
652 1867 689 1906 se
707 1877 875 1906 trecenta
894 1864 978 1904 loca
993 1863 1138 1903 notasse
1157 1877 1204 1903 ex
1226 1863 1378 1903 Codice
1399 1865 1620 1916 pontificiae
1641 1867 1843 1909 bibliothe-

103 1959 130 1980 „
162 1941 250 1975 cae,
278 1926 317 1964 in
349 1924 484 1978 quibus
514 1923 575 1962 ille
605 1920 792 1962 consonat
822 1933 908 1959 curn
939 1917 1066 1957 nostra
1097 1917 1249 1972 vulgata
1269 1918 1441 1958 editione
1463 1918 1622 1969 Latina,
1651 1937 1737 1963 curn
1758 1938 1845 1965 mea

101 2014 128 2035 ‚,
157 1980 331 2022 dissonat.
370 1977 495 2032 Qiod
516 1977 541 2017 si
560 1991 631 2017 nos
652 1986 788 2030 urgent
807 1973 1009 2014 autoritate
1032 1973 1240 2013 Vaticanae
1263 1972 1536 2022 bibliothecae,
1568 1975 1708 2017 Codex
1728 1993 1843 2032 quem

102 2069 130 2090 „
160 2037 304 2077 secutus
324 2035 378 2075 est
400 2036 440 2074 in
471 2048 578 2074 novo
598 2031 850 2072 Testamento
870 2028 1130 2077 Franciscus‚⁴
1146 2028 1366 2067 Cardinalis
1387 2029 1585 2081 quondam
1609 2032 1844 2085 Toletanus‚

102 2124 130 2145 „
161 2106 239 2131 non
258 2090 380 2130 modo
401 2089 472 2129 fuit
489 2087 660 2142 ejusdem
680 2085 965 2134 Bibliothecae,
996 2098 1127 2123 verum
1150 2084 1264 2123 etiam
1285 2098 1307 2122 a
1330 2084 1462 2124 Leone
1486 2085 1537 2124 X.
1560 2086 1685 2127 missus
1705 2089 1780 2139 est,
1804 2102 1847 2131 ut

97 2180 130 2201 ‚‚‚
160 2147 236 2187 hoc
256 2146 373 2187 veluti
394 2146 517 2185 bonae
537 2143 628 2183 fidei
648 2141 840 2195 exemplar
859 2140 1077 2179 imitaretur.
1129 2139 1251 2192 Atqui
1273 2139 1303 2178 is
1325 2152 1422 2192 pene
1444 2154 1510 2192 per
1528 2143 1659 2182 onmia
1689 2144 1846 2184 consen-

104 2235 131 2255 „
162 2204 208 2243 tit
235 2215 320 2242 cum
341 2215 425 2241 mea
442 2198 636 2248 editione,
665 2197 884 2237 dissentiens
906 2195 953 2234 ab
973 2209 1043 2243 e0,
1073 2208 1188 2248 quem
1210 2208 1311 2234 nunc
1333 2195 1491 2247 quidam
1523 2197 1634 2237 nobis
1658 2199 1847 2251 objiciunt

104 2290 131 2310 ,‚
161 2257 375 2310 majusculis
395 2254 628 2308 descriptum
647 2253 771 2293 literis.
806 2251 866 2290 Ab
890 2251 954 2290 illo
974 2250 1076 2289 enim
1095 2249 1287 2289 dissentiat
1307 2262 1461 2302 oportet
1474 2282 1484 2300 ,
1502 2251 1527 2291 si
1550 2254 1738 2294 consentit
1759 2270 1846 2296 curn

106 2342 133 2364 ,‚
165 2312 330 2366 Vulgata
359 2311 585 2351 Latinorum
612 2308 783 2349 editione
804 2309 838 2348 ''.
894 2306 934 2346 Si
959 2305 1043 2358 quis
1074 2319 1165 2344 vcro
1196 2305 1385 2344 existimet
1406 2335 1417 2354 ,
1450 2307 1649 2347 Erasmuin
1669 2309 1715 2348 ab
1735 2310 1848 2352 initio

107 2369 206 2410 duos
226 2366 379 2407 codices
397 2365 606 2406 Vaticanos
628 2362 852 2411 distinxisse,
883 2361 1052 2401 nostrum
1071 2374 1185 2414 quem
1209 2360 1506 2413 Complutcnses
1526 2362 1638 2403 secuti
1661 2378 1738 2404 non
1763 2366 1848 2428 sint,

109 2429 150 2464 δε
172 2423 310 2472 alium,
340 2435 454 2476 quem
478 2420 550 2460 sint
574 2419 710 2464 secuti;
740 2417 899 2457 fateatur
927 2429 1053 2456 tamen
1087 2414 1232 2455 necesse
1262 2415 1336 2464 est,
1371 2416 1591 2462 Emsmum,
1634 2432 1746 2472 prout
1778 2423 1847 2475 ipli

109 2477 359 2520 commodum
379 2488 481 2525 erat,
512 2474 633 2514 modo
653 2473 875 2513 ai1&oritate
894 2471 1012 2510 nostri
1034 2470 1177 2510 codicis
1199 2483 1332 2510 contra
1352 2470 1574 2511 Editioncm
1594 2473 1851 2528 Compluten-

109 2535 207 2583 sein,
240 2532 361 2573 modo
382 2530 606 2572 aua-oritate
635 2528 828 2569 Editionis
849 2525 1136 2580 Complutensis
1165 2538 1298 2566 contra
1322 2524 1552 2567 Vaticanum
1579 2530 1749 2570 nostrum
1782 2546 1849 2586 pu-

107 2589 249 2646 gnasl'e.

104 2644 106 2646 ’
167 2645 206 2685 Si
233 2644 409 2684 Erasmus
438 2640 604 2682 excusari
624 2640 772 2694 potest,
803 2639 889 2693 qui,
919 2649 959 2678 ut
980 2638 1223 2691 importunos
1245 2637 1478 2679 accusatores
1502 2639 1704 2691 evaderet,
1735 2645 1774 2681 δε
1795 2642 1852 2684 di-

112 2700 225 2741 versis
254 2697 488 2751 temporibus
516 2697 725 2751 pugnantia
746 2694 910 2748 scripsit,
941 2698 978 2733 &
999 2694 1047 2733 ad
1070 2693 1233 2733 fabulam
1255 2693 1452 2748 confugit,
1482 2696 1646 2736 eandem
1667 2710 1792 2737 tamen
1815 2713 1853 2738 e-

112 2757 207 2796 tiam
230 2754 262 2793 I.
286 2753 419 2793 Millio
439 2755 491 2792 ita
512 2750 711 2806 placuisse,
741 2762 781 2790 ut
806 2750 917 2789 novis
940 2749 1157 2789 fictionibus
1180 2749 1401 2798 adornaret,
1433 2762 1547 2803 atque
1568 2745 1854 2805 Complutensi-

113 2808 182 2851 bus
210 2821 412 2862 utrumque
446 2808 660 2855 codicem,
691 2810 729 2845 &
751 2806 853 2845 hunc
872 2804 920 2844 de
944 2819 1023 2858 quo
1055 2805 1223 2858 agimus,
1257 2807 1294 2842 ὃ(
1316 2803 1497 2851 alterum,
1529 2820 1644 2859 quem
1666 2807 1855 2849 confinxit

115 2866 313 2914 Erasmus,
342 2862 392 2903 ad
412 2876 546 2902 manus
570 2861 676 2901 fuisse
697 2860 970 2904 contenderet,
1001 2859 1054 2899 est
1077 2858 1183 2912 quod
1204 2859 1326 2898 mirer.
1375 2860 1437 2900 De
1456 2860 1574 2900 altero
1595 2861 1752 2915 quidem
1773 2864 1855 2903 Co-

117 2920 202 2961 dice
228 2919 442 2967 Vaticano,
473 2917 522 2957 ad
543 2931 656 2971 quem
679 2916 812 2956 Editio
842 2914 1129 2969 Complutensis
1158 2913 1326 2968 expresla
1349 2914 1423 2954 effe
1454 2914 1614 2966 dicitur,
1643 2917 1856 2958 videbimus

119 2975 182 3014 ubi
209 2974 258 3014 ad
285 2974 381 3014 illius
408 2971 601 3012 Editionis
631 2971 931 3025 descriptionem
963 2983 1122 3010 ventum
1153 2968 1283 3010 fuerit:
1314 2970 1446 3008 nostro
1469 2985 1559 3010 vero
1580 2970 1771 3012 Vaticano
1790 2986 1858 3013 eos

118 3027 225 3069 fuisle
243 3028 328 3068 usos
347 3043 425 3082 quo
446 3039 672 3082 argumento
701 3039 764 3067 aut
784 3041 858 3078 qua
880 3025 1027 3065 ratione
1048 3024 1211 3079 probat?
1245 3025 1454 3076 Audiamus
1475 3026 1597 3078 ipsum
1618 3028 1712 3080 prol.
1740 3041 1856 3077 1090.

115 3103 142 3134 5,
171 3083 323 3122 Caeteri
341 3081 512 3123 Codices
536 3095 672 3122 omncs
692 3082 762 3134 (ab
784 3081 975 3121 Editionis
997 3079 1283 3133 Complutensis
1303 3080 1559 3133 curatoribus)
1581 3095 1602 3121 e
1628 3082 1858 3122 bibliotheca

70 3150 72 3153 ’
114 3168 142 3191 ,‚
173 3137 359 3179 Vaticana
379 3137 582 3192 conquisiti
599 3137 703 3179 sunt:
733 3137 800 3178 iste
823 3135 1018 3178 CERTE
1040 3136 1217 3191 inprimis
1239 3168 1251 3186 ‚
1280 3136 1348 3189 qui
1368 3147 1471 3176 extat
1488 3136 1569 3189 jam
1589 3136 1637 3176 ad
1657 3136 1772 3175 finem
1795 3131 1860 3178 Bi-

1066 3188 1106 3232 D
1710 3219 1735 3240 ,‚
1765 3184 1860 3230 blio-
