1976 3519
438 213 1430 258 PROLEGOMENA.
1602 200 1611 204 “
1778 231 1824 269 51

146 318 214 357 47.
243 336 269 355 ,‚
297 302 438 344 Codex
469 301 580 343 Bodl.
611 305 645 340 6.
680 301 860 353 Quatuor
884 299 1183 354 Evangeliorum
1218 300 1256 338 in
1291 301 1539 341 Duodecimo
1560 300 1668 355 quod
1689 315 1829 344 vocant

90 392 116 413 „
146 359 379 401 crassiusculo
395 387 404 403 ‚
419 357 560 398 recenti
580 368 694 409 atque
716 355 871 409 pessima
893 368 1007 394 manu
1030 354 1196 408 scriptus.
1233 355 1278 393 In
1307 358 1498 409 principio
1524 357 1829 398 Codicisoccur-

90 447 116 466 „
146 416 194 456 rit
222 415 337 454 literis
369 411 579 465 majusculis
608 424 684 449 vox
716 412 958 462 σεςὲοπουλος,
990 424 1154 460 nomen,
1184 421 1226 450 ut
1258 412 1421 462 opinor,
1454 411 1638 459 Librarii·,
1668 425 1768 452 certe
1792 427 1829 452 e-

89 498 116 521 „
143 469 294 523 jusdem
316 469 478 509 omnino
500 465 725 505 characteris
746 478 831 504 cum
857 464 958 504 hisce
979 465 1115 504 nostris
1138 465 1212 505 esse
1233 464 1369 505 censeo
1391 465 1662 519 Chrysostomi
1687 468 1829 507 Homi-

89 555 115 577 „
142 526 210 566 lias
235 523 416 578 quasdam
442 522 481 560 in
507 520 746 559 Bibliotheca
769 519 936 572 Collegii
958 519 1147 572 Corporis
1171 520 1319 560 Christi
1341 520 1473 560 Oxon.
1504 520 1704 572 repositas,
1735 536 1830 576 quas

86 606 116 627 ‚,
146 578 364 631 conscripsit
397 575 606 616 Graeculus
635 574 792 628 quidam
815 573 1020 626 Redingae
1045 578 1109 614 ΑΟ,
1143 587 1262 623 1499.
1292 588 1417 628 neque
1440 589 1531 614 vero
1550 575 1644 614 ultra
1667 589 1829 617 aetatem

89 665 114 686 „
145 635 250 675 istam
279 632 462 684 assurgere
496 629 646 670 videtur
676 630 752 668 hoc
783 629 985 681 exemplar.
1042 628 1115 668 Iste
1136 630 1281 669 Codex
1302 644 1389 669 cura
1408 629 1550 681 Uffert't'
1572 630 1729 670 collatus
1752 633 1827 680 est,

89 720 114 741 ,‚
144 690 208 743 qui
235 687 350 727 etiam
388 685 518 725 Varias
546 684 627 737 ejus
656 684 859 724 Lestiones
889 684 930 722 in
962 682 1207 736 Polyglottis
1234 685 1458 738 Anglicanis
1493 683 1570 724 ΝΟ.
1606 698 1666 738 13.
1707 685 1829 726 editas

142 742 319 785 exhibuit.

88 775 114 796 '⁹
142 799 207 848 48.
237 828 261 847 „
293 794 433 836 Codex
455 793 569 835 Bodl.
602 806 636 844 7.
667 793 933 847 compleffitur
956 792 1026 833 IV.
1056 793 1264 849 Evangelia
1284 795 1437 848 Qiarto
1457 794 1592 847 majori
1607 807 1692 834 cum
1708 794 1829 835 Scho-

87 884 113 904 „
142 853 202 893 liis
231 850 508 905 marginalibus.
563 849 711 889 Textus
742 848 819 902 ipse
839 848 1054 888 charactere
1077 848 1163 889 satis
1182 850 1368 904 eleganti,
1400 864 1531 889 verum
1552 863 1630 888 non
1651 850 1702 889 ita
1723 863 1830 890 vetii·-

87 935 113 959 „
144 908 219 952 sto,
251 918 421 946 exaratus
445 905 520 953 est,
549 906 671 957 χόλιοι
694 903 778 943 sunt
800 917 933 943 manus
955 902 1070 956 paulo
1092 906 1322 946 recentioris.
1378 903 1551 945 Notatur
1571 905 1687 944 etiam
1701 935 1712 955 ,
1732 918 1829 959 quot

87 993 114 1018 ,‚
143 961 288 1017 ςῆμοιτα
320 964 358 999 &
388 956 520 1011 ςῖχους
550 959 684 1013 singuli
717 958 980 1012 Evangelistae
1001 959 1236 1000 contineant.

137 1031 205 1068 49.
236 1015 378 1057 Codex
402 1016 482 1054 Roe
509 1028 541 1055 1.
574 1026 738 1068 quatuor
759 1013 1057 1066 Evangeliorum
1078 1015 1386 1055 membranaceus
1406 1013 1529 1054 forma
1554 1014 1705 1055 minori.

143 1086 208 1124 50.
238 1070 378 1112 Codex
403 1069 530 1109 Laud.
565 1082 598 1109 1.
629 1069 803 1109 continet
827 1068 1034 1122 Evangelia
1054 1083 1142 1109 cum
1165 1070 1488 1119 Commentariis,
1517 1070 1571 1110 est
1593 1069 1829 1111 membrana-

84 1141 172 1168 ceus
197 1128 238 1167 in
271 1127 422 1179 Quarto
442 1124 599 1177 majori,
623 1124 828 1177 plurimum
854 1123 1068 1168 mutilatus,
1098 1125 1235 1178 incipit
1254 1125 1397 1165 Matth
1430 1125 1501 1165 IX.
1539 1128 1601 1175 36.
1638 1140 1658 1164 a
1682 1126 1827 1166 Matth.

85 1179 179 1231 XII.
210 1196 244 1235 3.
273 1182 322 1221 ad
344 1193 406 1232 24·
436 1179 539 1219 deest
561 1178 718 1229 folium,
747 1179 838 1218 item
862 1178 963 1217 aliud
985 1193 1006 1218 a
1028 1179 1163 1219 XXV.
1199 1193 1259 1219 20.
1290 1180 1338 1219 ad
1363 1193 1426 1232 32·
1457 1195 1478 1219 a
1501 1179 1602 1232 Cap.
1635 1179 1682 1217 V.
1707 1181 1829 1234 Joan-

85 1239 146 1278 nis
176 1250 269 1277 vers.
306 1237 366 1275 18.
395 1234 530 1275 desunt
561 1235 703 1274 omnia.
759 1231 951 1274 Codicem
994 1248 1183 1274 annorum
1211 1235 1359 1275 circiter
1387 1235 1718 1289 septingentorum
1754 1235 1828 1276 esse

84 1292 322 1345 conjicimus.
587 1297 591 1299 ⁴

98 1344 101 1347 ’
142 1360 204 1398 51.
235 1345 375 1387 Codex
416 1344 545 1385 Laud.
587 1358 621 1385 2.
654 1343 887 1384 Universum
927 1343 984 1383 N.
1012 1343 1061 1385 T.
1093 1344 1360 1398 complectitur
1391 1357 1549 1399 excepta
1582 1346 1828 1400 Apocalypsi.

84 1401 227 1443 Codex
259 1402 565 1441 membranaceus
595 1399 649 1439 est
680 1400 718 1439 in
750 1400 903 1450 Quarto
934 1399 1139 1453 grandiori.
1197 1401 1366 1441 Partium
1388 1401 1567 1441 ordinem
1590 1401 1751 1441 turbavit
1773 1402 1829 1441 bi-

86 1457 306 1512 bliopegus,
336 1456 544 1509 Evangelia
566 1454 702 1495 ultimo
724 1454 812 1495 loco
828 1468 976 1508 ponens
988 1476 1000 1503 3
1031 1454 1144 1496 habet
1160 1456 1344 1510 prologos
1364 1456 1554 1507 Euthalii,
1583 1455 1740 1509 scriptus
1775 1457 1828 1498 vi-

86 1511 196 1554 detur
215 1512 324 1552 annis
343 1511 482 1550 abhinc
502 1522 594 1560 400.

143 1581 205 1618 52.
237 1566 377 1606 Codex
408 1565 536 1605 Laud.
571 1578 603 1614 5.
633 1564 929 1620 Evangeliorum
960 1565 1268 1606 membranaceus
1303 1567 1460 1607 Ostavo
1491 1566 1712 1616 minutiori,
1754 1567 1828 1607 ele-

85 1623 192 1676 ganti
222 1621 429 1676 descriptus
448 1620 673 1661 charaeter'e.
732 1619 797 1660 Ad
820 1620 960 1660 calcem
977 1621 1142 1674 Joannis
1163 1622 1305 1661 indicat
1329 1622 1442 1662 scriba
1466 1635 1608 1661 nomen
1634 1622 1698 1661 sibi
1722 1620 1827 1662 fuiffe

87 1676 283 1726 Nicetae,
314 1680 352 1716 ὃς
373 1691 394 1716 a
416 1676 452 1716 se
473 1676 651 1729 scriptum
673 1673 779 1715 fuisse
801 1675 876 1714 hoc
895 1676 1087 1728 exemplar
1107 1690 1211 1716 anno
1236 1685 1359 1727 6794.
1393 1677 1453 1716 seu
1476 1677 1623 1716 Christi
1651 1691 1665 1716 1
1680 1677 1770 1718 286.

148 1745 209 1785 53.
241 1731 380 1771 Codex
412 1730 566 1770 Seldem·
603 1743 635 1769 1.
665 1730 734 1770 IV.
764 1730 1062 1782 Evangeliorum
1093 1731 1401 1773 membranaceus
1426 1732 1465 1769 in
1485 1731 1666 1776 Ostavo,
1697 1732 1828 1771 chara-

88 1784 190 1827 &ere
223 1785 456 1826 nitidiffimo.
514 1784 627 1825 Liber
659 1782 714 1824 est
745 1783 870 1823 minus
900 1785 1085 1835 vetustus,
1117 1786 1361 1838 nequeenim
1383 1785 1479 1825 ultra
1500 1799 1622 1826 annos
1644 1786 1828 1839 quadrin-

87 1854 226 1896 gentos
246 1840 429 1894 assurgere
448 1838 607 1880 videtur.

147 1908 209 1947 54.
241 1895 381 1936 Codex
409 1894 562 1933 Seldeni
596 1908 632 1936 2.
661 1892 828 1948 Scriptus
858 1905 900 1935 ut
928 1894 1076 1934 constat
1103 1908 1150 1934 ex
1181 1895 1283 1934 calce
1315 1893 1381 1934 ’έτει
1411 1910 1554 1941 ς-ωμᾳ,
1584 1894 1660 1936 five
1681 1894 1828 1937 Christi

92 1952 212 2005 1338.
241 1950 526 2003 Complecstitur
546 1949 617 1990 IV.
648 1949 859 2002 Evangelia
883 1948 970 1988 satis
991 1948 1148 2002 pulchre
1168 1960 1328 2001 exarata.

101 2051 106 2054 ,
146 2018 206 2056 55.
238 2005 379 2045 Codex
410 2004 562 2046 Seldeni
598 2017 631 2055 3.
662 2003 958 2057 Evangeliorum
987 2017 1102 2043 manu
1132 2003 1383 2057 pulcherrima
1403 2003 1583 2058 scriptus,
1612 2003 1677 2046 sed
1700 2019 1827 2048 recen-

89 2060 208 2111 tiore,
239 2060 288 2101 ad
310 2060 426 2101 finem
451 2059 744 2114 Evangeliorum
759 2071 921 2099 notatur
950 2072 1127 2099 numerus
1148 2057 1276 2111 ς-ἷχων.

146 2120 210 2168 56.
240 2115 381 2156 Codex
404 2112 682 2166 Lincolnienfis
707 2113 875 2169 Collegii
895 2113 1063 2154 Oxonii:
1094 2116 1267 2167 continet
1286 2115 1358 2157 IV.
1390 2116 1619 2171 Evangelia:
1649 2131 1737 2158 eum
1756 2117 1827 2158 do-

86 2172 193 2212 navit
222 2169 451 2212 Edmundus
482 2169 634 2224 Audley
667 2168 877 2223 Episcopus
907 2168 1213 2219 Sarisburiensis,
1240 2170 1345 2224 cujus
1382 2182 1556 2225 tempore
1588 2171 1653 2212 sub
1681 2188 1825 2213 annum

90 2238 212 2277 1502.
241 2227 334 2266 &in
353 2226 434 2279 ejus
453 2224 610 2279 quidem
629 2226 789 2278 gratiam
815 2240 837 2265 a
855 2225 1046 2265 Graeculo
1068 2224 1239 2279 quodam
1259 2237 1339 2266 tum
1361 2226 1464 2280 apud
1481 2226 1633 2282 Anglos
1653 2242 1825 2268 commo-

87 2280 194 2323 rante
217 2280 448 2335 descriptum
468 2279 574 2320 fuisse
596 2280 774 2320 credibile
796 2280 861 2320 est.

148 2348 209 2388 57.
239 2335 376 2377 Codex
402 2334 710 2389 Magdalenensts
732 2335 924 2390 Collegii,
954 2336 1126 2377 continet
1144 2336 1309 2378 Novum
1330 2336 1621 2381 Testamentum
1634 2342 1825 2394 integrum

86 2404 245 2445 excepta
280 2390 535 2446 Apocalypsi·‚
563 2390 676 2430 initio
705 2390 831 2430 Marci
864 2390 968 2431 deest
991 2391 1147 2432 solium:
1180 2393 1395 2433 charactere
1410 2394 1622 2437 admodum
1647 2397 1823 2441 minuto,

87 2446 202 2487 manu
233 2458 359 2487 tamen
393 2448 511 2500 perita
529 2445 687 2499 scriptus
704 2446 780 2492 est·,
809 2445 944 2486 alicubi
964 2462 984 2486 a
1005 2447 1156 2500 juniore
1177 2462 1293 2488 manu
1313 2447 1542 2502 adscriptum
1560 2453 1613 2491 est
1633 2446 1824 2494 ὲσκωτῶθην

87 2498 103 2539 ὃ
133 2498 420 2553 πανυψηλῶἹαἺος
450 2497 600 2545 ἇυθένἽης
628 2497 717 2545 ἦμδν
746 2499 903 2542 Hamas
922 2498 990 2541 ἦντὸ
1013 2499 1079 2541 τᾶν
1111 2502 1300 2553 Ἀ’γαρηνᾶν
1321 2502 1425 2553 ἐθνῶν,
1454 2500 1526 2552 μηνὶ
1556 2504 1755 2557 ΟεπἿεμβς.
1784 2522 1823 2549 ιη.

87 2553 194 2608 ἦμέροι
231 2559 269 2601 β.
306 2554 402 2597 ’έτους
438 2555 565 2600 τῖωΕιὸ
600 2555 661 2597 τῖς
699 2553 876 2597 &salimes
907 2556 968 2597 τῖς
997 2575 1015 2597 ι.
1045 2558 1067 2597 i.
1097 2572 1128 2598 e.
1158 2558 1305 2598 Christi
1339 2560 1458 2612 1386.
1490 2560 1760 2600 Hammondus
1783 2561 1824 2600 in

89 2612 416 2652 'Annotationibus
442 2612 481 2651 in
510 2611 565 2652 N.
595 2611 648 2651 T.
679 2610 788 2664 saepe
806 2611 854 2650 ad
880 2612 984 2652 illum
1007 2625 1215 2664 provocat,
1245 2613 1475 2668 testaturque
1502 2615 1542 2655 in
1564 2615 1822 2670 praefatione,

88 2665 126 2706 se
144 2666 250 2707 illum
271 2667 328 2706 bis
349 2680 435 2707 cum
459 2665 572 2706 editis
593 2666 801 2706 contulisse.
856 2667 976 2708 Hunc
997 2667 1189 2708 Codicem
1210 2667 1292 2709 vidi
1315 2671 1378 2709 ΑΟ.
1415 2682 1486 2721 ¹71
1500 2683 1531 2715 ς.

149 2722 211 2771 58.
241 2722 379 2762 Codex
411 2717 528 2761 Novi
557 2721 719 2774 Collegii
748 2722 878 2762 Oxon.
908 2723 1098 2762 Continet
1133 2723 1204 2764 IV.
1234 2724 1465 2778 Evangelia,
1496 2726 1595 2766 Aeta
1614 2725 1823 2780 Apostolo-

90 2789 172 2816 rum
209 2779 249 2816 &
280 2776 467 2830 Epistolas
497 2776 625 2826 Pauli,
654 2775 859 2831 ineleganti
890 2777 1101 2818 admodum
1130 2778 1354 2820 chara&ere.
1411 2779 1612 2827 Convenit
1633 2782 1672 2821 in
1695 2781 1823 2821 multis

89 2844 175 2870 curn
208 2831 360 2872 Codice
389 2830 637 2881 Montfortii,
667 2832 708 2871 in
738 2831 874 2885 quibus
900 2832 1050 2872 seorsim
1079 2833 1218 2873 abeunt
1248 2834 1288 2874 hi
1319 2833 1399 2873 duo
1419 2849 1440 2874 a
1462 2835 1614 2889 reliquis
1635 2836 1824 2890 plerisque

91 2886 285 2927 omnibus:
317 2886 528 2941 Evangelio
552 2886 716 2940 joannis
737 2886 943 2939 praefixum
967 2888 1020 2928 est
1040 2890 1319 2941 Argumentum
1340 2888 1651 2945 Theophylaffi,
1682 2890 1824 2930 Codex

91 2938 159 2979 iste
177 2941 347 2993 geminus
366 2941 477 2994 plane
498 2942 647 2982 videtur
668 2941 818 2982 alterius
837 2942 935 2982 illius
956 2941 1064 2996 supra
1087 2945 1287 2984 memorati
1312 2948 1372 2993 56.
1402 2944 1573 2997 ejusdem
1596 2945 1824 2985 charaeteris

91 2992 336 3049 ejusdemque
373 2995 470 3037 forte
497 2996 644 3037 librarii.
703 2999 737 3037 A
769 2997 908 3037 Latino
927 2996 1103 3051 scriptum
1125 2997 1198 3039 esse
1217 2999 1308 3039 inde
1330 3010 1456 3052 patet,
1486 3002 1575 3054 quia
1600 3000 1713 3040 habet
1734 3013 1823 3041 ean-

93 3047 184 3087 dem
209 3048 432 3091 divisionem
463 3051 648 3105 Capitum
676 3066 720 3091 ac
740 3051 888 3102 Latini,
919 3066 1017 3106 quae
1038 3053 1078 3092 in
1101 3053 1314 3107 Codicibus
1334 3069 1380 3095 ex
1402 3054 1565 3096 Graecia
1586 3055 1705 3097 allatis
1727 3067 1823 3094 nun-

92 3115 210 3156 quam
231 3106 421 3157 reperitur.
479 3105 575 3146 Vidi
597 3110 660 3147 ΛΟ.
695 3119 812 3157 1715.
1085 3131 1088 3135 ²

147 3156 302 3199 Horum
323 3160 435 3202 trium
456 3161 652 3204 Codicum
673 3160 723 3203 V'.
751 3162 795 3203 L.
825 3176 912 3204 cura
938 3161 1083 3258 Ugbrii
1100 3163 1139 3204 in
1161 3163 1389 3219 Polyglottis
1408 3164 1534 3206 editae
1555 3164 1647 3206 sunt.
1741 3216 1780 3258 C

1041 3230 1061 3257 2
1650 3229 1712 3269 59.
1780 3231 1824 3258 ο-
