1976 3519
179 218 257 268 146
573 205 1567 251 PROLEGOME-NA.

176 298 361 352 Stephani
381 297 529 339 tertiam
546 309 567 336 a
588 295 855 349 Complutenli
877 294 977 335 mille
997 295 1174 335 trecentis
1193 292 1287 333 locis
1306 291 1468 332 variare:
1496 290 1583 331 licet
1601 291 1641 331 in
1658 290 1900 346 Apocalypsi,

178 356 322 397 deserta
342 353 561 394 Erasmiana
578 354 616 391 &
636 351 708 391 suis
728 351 913 403 prioribus
925 380 936 399 ,
966 347 1280 403 Complutensem
1301 347 1512 387 editionem
1531 344 1609 386 fere
1627 345 1771 386 secutus
1789 346 1843 386 sit.

236 423 268 461 3.
293 409 385 464 Jure
414 409 528 448 etiam
556 417 838 459 conqueruntur
866 405 936 444 viri
968 404 1074 444 doffl
1092 437 1102 452 ,
1141 402 1249 457 quod
1280 401 1494 455 Stephanus
1523 414 1658 453 vagam
1689 400 1899 441 admodum

179 465 316 514 MSS„
348 463 482 517 quibus
497 460 580 502 usus
602 461 676 510 est,
706 459 901 500 Codicum
924 459 1216 512 descriptionem
1239 456 1407 502 dederit,
1437 455 1529 496 dum
1551 455 1726 496 omnibus
1743 456 1902 509 promis-

177 535 247 561 cue
264 517 570 560 commentitium
588 515 738 556 titulum
759 514 1087 555 vetustissimorum
1106 513 1257 561 tribuit,
1288 515 1327 550 &
1346 511 1414 565 ipsi
1434 509 1608 552 Editioni
1632 509 1900 563 Complutenfi

179 576 308 616 locum
339 574 436 613 inter
467 571 579 612 MSS.
609 568 809 617 concedit,
840 570 1040 623 praecipue
1061 582 1153 608 vero
1173 566 1265 607 dum
1293 580 1373 606 non
1401 566 1602 620 exprimit,
1631 577 1757 606 utrum
1777 565 1902 606 Codi-

180 644 242 671 ces
266 629 320 669 illi
348 629 537 683 integrum
559 625 614 667 N.
633 625 682 666 T.
703 637 751 664 an
773 624 992 678 particulam
1010 623 1091 676 ejus
1109 622 1293 663 duntaxat
1311 621 1409 661 hanc
1429 621 1486 661 vel
1507 620 1608 660 illam
1637 621 1902 670 continerent,

179 684 283 727 unde
299 685 433 739 ingens
452 680 646 730 confusio,
675 693 773 733 quae
793 679 963 732 plurimis
982 678 1170 718 erroribus
1188 675 1333 716 causam
1353 676 1544 730 praebuit,
1564 686 1696 715 exorta
1716 674 1781 715 est.
1823 675 1902 716 Cui

179 739 282 780 malo
304 752 374 779 nos
393 738 432 776 in
452 735 667 777 recensione
692 734 804 774 MSS.
834 733 1022 774 medelam
1043 732 1254 779 attulimus,
1283 731 1592 783 ostendimusque
1623 729 1793 770 Codices
1821 730 1905 770 Ste-

179 795 321 850 phani,
350 803 513 845 excepto
523 788 699 830 Secundo
720 792 758 827 &
779 789 955 838 O&avo‚
987 802 1065 827 non
1087 785 1297 827 admodum
1319 785 1393 825 esse
1411 786 1597 825 vetustos:
1616 797 1763 838 praeter
1783 787 1905 824 Corn-

180 848 389 905 plutensem
411 845 632 887 Editionem
653 843 818 884 habuisse
833 844 1060 896 exemplaria
1081 840 1377 894 Evangeliorum
1395 840 1552 887 decem,
1583 840 1770 881 Αξὶοτυηι
1789 842 1830 879 &
1850 840 1903 880 E-

180 904 399 960 pistolarum
417 902 534 948 οξὶο,
562 897 848 952 Apocalypseos
869 913 958 938 vero
979 911 1058 937 non
1082 896 1150 937 nisi
1170 896 1259 936 duo.

235 972 274 1009 4.
304 959 350 998 In
376 956 423 997 V.
445 956 486 995 L.
510 954 623 1007 signis
643 953 784 993 Textui
806 952 1031 998 inserendis,
1062 955 1102 991 δε
1122 951 1287 991 numeris
1310 948 1504 990 Codicum
1526 949 1688 1003 margini
1706 959 1906 1003 apponen-

178 1015 238 1063 dis
259 1008 552 1066 frequentiffime
572 1022 594 1047 a
614 1007 826 1062 typothetis
852 1008 1062 1048 aberratum
1089 1006 1153 1047 est.
1209 1003 1515 1045 Confunduntur
1536 1004 1706 1044 Codices
1725 1020 1760 1044 οι.
1792 1007 1832 1043 &
1859 1020 1904 1046 ια.

179 1073 219 1109 &
241 1069 279 1108 in
301 1064 515 1118 Evangeliis
531 1076 611 1102 non
635 1077 719 1102 raro
738 1063 872 1103 citatur
893 1061 1033 1102 Codex
1053 1075 1134 1101 non
1158 1061 1225 1101 nisi
1242 1059 1426 1113 Epistolas
1453 1059 1654 1101 continens
1673 1062 1712 1098 &
1732 1059 1906 1108 viciffim;

178 1122 287 1177 quod
306 1122 421 1162 etiam
443 1120 562 1160 Lucas
580 1117 781 1172 Brugenfis
799 1118 839 1158 in
865 1116 966 1171 1.J0.
980 1117 1028 1159 V.
1055 1129 1089 1170 7.
1119 1119 1158 1155 δε
1180 1115 1327 1157 Millius
1345 1114 1518 1169 suspicati
1538 1114 1633 1155 sunt.
1664 1106 1768 1154 Vide
1788 1114 1905 1155 etiam

177 1180 217 1220 su
248 1193 287 1219 ra
340 1208 348 1216 .
383 1187 445 1228 37.

220 1193 270 1284 p5.
301 1191 484 1272 Eevitatis
513 1229 594 1283 ejus
619 1227 694 1268 hoc
714 1227 768 1268 est
790 1226 998 1275 indicium,
1027 1225 1158 1279 quod,
1186 1225 1294 1266 nullo·
1309 1238 1415 1264 novo
1439 1224 1658 1266 testimonio
1677 1223 1907 1271 accedente,

179 1289 278 1329 intra
295 1284 587 1342 quadriennium
607 1295 806 1336 tantopere
825 1296 845 1322 a
863 1281 898 1322 se
918 1281 1000 1335 ipso
1017 1280 1185 1322 dissenfit
1205 1280 1439 1334 Stephanus,
1470 1292 1513 1320 ut
1533 1295 1554 1319 a
1573 1279 1692 1334 priori
1723 1279 1908 1320 Editione

177 1345 218 1385 in
244 1341 406 1383 secunda
432 1339 595 1393 sexagies
624 1337 759 1392 septies
785 1336 978 1377 recederet
995 1367 1008 1388 ‚
1037 1337 1076 1376 in
1108 1336 1218 1376 tertia
1251 1349 1343 1375 vero
1370 1336 1418 1374 ab
1445 1347 1603 1388 utraque
1631 1333 1906 1389 praecedente,

174 1400 282 1453 juxta
311 1395 426 1436 Millii
456 1393 662 1443 calculum,
693 1392 889 1433 ducenties
917 1392 1112 1445 o&uagies
1140 1403 1291 1445 quaten
1320 1402 1438 1443 utque
1466 1390 1506 1429 in
1533 1388 1766 1443 Apocalypsi
1793 1389 1908 1430 semel

178 1465 294 1507 atque
334 1452 468 1492 iterum
500 1449 760 1490 Erasmianam
780 1473 792 1492 ‚
834 1447 947 1487 tertio
975 1446 1143 1500 denique
1171 1447 1286 1486 etiam
1313 1444 1630 1498 Complutensem
1662 1443 1909 1493 Editionem,

179 1521 376 1561 nunquam
405 1519 496 1546 vero
528 1503 639 1545 MSS.
656 1534 668 1554 ‚
699 1515 796 1558 quos
827 1501 1011 1552 habebat,
1040 1505 1078 1542 &
1098 1514 1196 1555 quos
1218 1500 1322 1554 sequi
1355 1500 1466 1541 unice
1498 1498 1682 1546 debebat,
1711 1497 1910 1540 Codicum

178 1564 403 1606 Leaionem
423 1560 647 1614 sequeretur.
1051 1578 1055 1582 ⁴

237 1622 273 1659 6.
303 1616 598 1657 Distinfflonem
619 1613 804 1667 Capitum
824 1611 864 1652 in
883 1611 1108 1653 versusnon
1129 1611 1245 1651 miror
1264 1610 1316 1650 illi
1335 1607 1534 1663 placuisse,
1562 1608 1629 1664 qui
1653 1608 1912 1650 Concordan·

180 1674 252 1715 tias
273 1672 450 1727 parabat,
477 1679 613 1723 utpote
634 1668 722 1709 huic
742 1667 851 1721 operi
870 1665 1110 1707 necessariam
1129 1677 1246 1719 atque
1261 1664 1391 1705 utilem
1413 1686 1425 1713 3
1454 1678 1578 1717 neque
1600 1664 1717 1703 miror
1735 1663 1911 1718 placuisse

179 1725 458 1782 Typographis
479 1754 492 1774 ‚
538 1722 674 1778 quibus
702 1734 748 1762 ex
780 1721 945 1774 majori,
974 1722 1086 1761 αυξὶο
1116 1734 1238 1760 vacuo
1269 1719 1395 1772 spacio
1416 1750 1427 1768 ‚
1456 1719 1540 1758 libri
1569 1719 1763 1760 volumine
1790 1720 1912 1772 majus

180 1782 345 1824 accrevit
367 1780 537 1827 lucrum·,
565 1789 628 1818 aut
645 1777 717 1818 illis
729 1775 983 1824 Do&oribus‚
1013 1776 1100 1829 qui,
1121 1774 1292 1829 neglesta
1315 1775 1555 1814 connexione
1566 1772 1782 1814 Contextus
1805 1774 1909 1824 sacri,

181 1836 344 1892 {iugulas
358 1835 556 1890 pericopas
574 1844 755 1886 tanquam
776 1830 938 1886 singulas
957 1830 1159 1871 sententias
1178 1833 1217 1869 &
1237 1828 1338 1883 quasi
1359 1828 1522 1869 totidem
1544 1828 1802 1881 Aphorismos
1821 1844 1912 1868 con·

183 1892 372 1935 siderant;
402 1901 444 1930 ut
471 1889 524 1930 ita
551 1888 702 1928 liberius
726 1886 811 1927 suae
839 1885 1058 1939 phantasiae
1090 1884 1308 1938 indulgere,
1336 1896 1450 1937 atque
1470 1883 1655 1937 quidlibet
1674 1898 1720 1924 ex
1742 1886 1915 1938 quolibet

182 1946 331 1990 efficere
351 1943 500 2000 possint.
561 1944 616 1983 At
645 1942 782 1990 miror,
803 1940 1049 1981 universalem
1070 1940 1169 1980 adeo
1188 1937 1408 1992 applausum
1431 1937 1632 1978 obtinuisse
1653 1939 1758 1979 istam
1782 1939 1915 1979 distin-

184 2003 374 2051 ctionem,
431 2012 500 2039 uae
519 1995 725 2050 saepissime
756 1996 931 2049 imperite
961 1994 1058 2036 faeta
1085 1995 1162 2044 est,
1193 1997 1232 2033 ὃ(
1250 1993 1395 2046 semper
1415 1992 1560 2033 sensum
1581 1994 1750 2046 implicat
1771 1995 1924 2049 magis-‚-

183 2056 401 2110 conjungen
433 2068 454 2093 a
475 2052 643 2107 separat,
672 2062 735 2090 aut
754 2048 961 2104 separanda
982 2049 1207 2103 conjungit·‚
1224 2052 1262 2088 &
1280 2048 1466 2102 Epistolas
1492 2063 1528 2089 v.
1555 2062 1609 2102 gr.
1638 2050 1824 2089 continuo
1848 2049 1914 2089 filo

183 2111 372 2153 ratiocinii
402 2108 555 2162 scriptas
585 2106 697 2146 instar
727 2105 922 2158 scoparum
955 2103 1213 2145 dissolutarum
1244 2103 1420 2149 exhibet,
1450 2117 1528 2156 quo
1557 2103 1650 2143 nihil
1675 2103 1768 2158 fingi
1802 2103 1916 2158 possit

184 2165 397 2213 absurdius,
426 2176 540 2217 atque
559 2177 579 2202 a
598 2160 702 2201 sensu
720 2160 916 2200 communi
940 2163 979 2199 &
1001 2171 1127 2199 mente
1147 2158 1371 2212 scriptorum
1391 2157 1578 2197 sacrorum
1615 2157 1783 2198 alienius.
1840 2157 1917 2198 Sed

185 2223 329 2262 bonum
360 2218 525 2268 fastum,
553 2215 661 2271 quod
691 2219 728 2255 &
758 2215 851 2255 olim
871 2214 1019 2255 cordati
1041 2215 1112 2254 viri
1140 2217 1179 2253 &
1201 2227 1321 2268 nuper
1342 2213 1567 2257 extiterunt,
1595 2213 1662 2266 qui
1683 2214 1730 2253 ab
1748 2213 1819 2254 hac
1838 2214 1919 2255 Ste-

186 2276 307 2331 phani
327 2273 439 2316 sterili
460 2287 504 2313 ac
523 2272 669 2313 minuta
682 2269 880 2325 diligentia
901 2271 1027 2325 palam
1046 2269 1249 2310 abhorrere
1269 2268 1305 2309 se
1325 2281 1415 2322 prae
1435 2267 1472 2309 se
1492 2267 1668 2309 tulerunt.

617 2382 685 2423 DE
726 2391 937 2431 qumque
976 2380 1278 2420 Eun-Ionums
1319 2378 1486 2419 Bsszmz.

190 2497 271 2577 P
285 2496 406 2537 Rima
435 2492 558 2535 editio
588 2491 642 2532 est
672 2491 736 2532 ΑΟ.
770 2503 785 2529 1
799 2492 890 2541 556.
919 2489 1102 2530 exhibens
1122 2489 1298 2530 Latinam
1317 2500 1465 2530 tantum
1483 2485 1710 2528 Verfionem
1731 2502 1816 2528 cum
1840 2489 1923 2528 An·

298 2549 692 2601 notationibus3quae
714 2546 789 2586 ΑΟ(
811 2558 826 2584 1
840 2557 930 2594 559.
959 2545 1098 2598 Tiguri
1115 2544 1187 2585 fuit
1207 2544 1387 2598 repetita,
1414 2543 1543 2583 Textu
1568 2543 1720 2583 Graeco
1740 2543 1932 2583 editionisv

193 2605 446 2660 Stephanicae
470 2614 625 2657 quartae
652 2600 806 2641 addito:
839 2600 1030 2655 Reliquae
1061 2613 1197 2640 omnes
1225 2598 1388 2640 secunda
1417 2599 1484 2638 ΑΟ.
1516 2601 1636 2645 ιςός.
1666 2628 1677 2648 ,
1717 2598 1826 2638 tertia
1857 2601 1926 2637 ΑΟ.

200 2664 322 2711 1582.
344 2691 356 2710 ,
385 2671 517 2713 quarta
546 2659 611 2698 A⁰.
646 2657 766 2706 1589.
793 2655 927 2709 quinta
958 2654 1126 2708 denique
1155 2656 1219 2695 ΑΟ.
1255 2655 1374 2705 1598.
1402 2653 1583 2693 exhibent
1607 2653 1721 2693 etiam
1753 2654 1923 2694 Textum

198 2719 387 2758 Graecum
400 2745 412 2763 ,
441 2713 489 2753 ab
510 2712 673 2766 ipsomet
690 2711 793 2751 Beza
815 2709 1030 2751 formatum.

250 2773 295 2812 ln
316 2770 438 2824 prima
457 2771 495 2806 &
516 2767 679 2807 secunda
700 2765 883 2806 Editione
901 2764 1074 2818 adjutum
1095 2763 1132 2804 se
1152 2762 1289 2803 fatetur
1312 2761 1471 2812 Vallae,
1499 2760 1734 2814 stapulensis
1756 2792 1767 2812 ,
1799 2765 1839 2802 &
1868 2761 1924 2802 E-

199 2830 319 2869 rasmt'
348 2822 694 2869 Annotationibus‚
725 2821 925 2874 praecipue
944 2834 1036 2860 vero
1058 2818 1107 2859 R.
1129 2817 1318 2871 Stephani
1347 2816 1499 2857 Codice
1521 2818 1584 2856 ΑΟ.
1612 2829 1729 2865 1550.
1760 2832 1845 2858 curn
1873 2816 1926 2858 V.

200 2884 244 2924 L.
273 2881 390 2922 edito.
447 2877 492 2917 In
522 2878 630 2918 tertia
655 2875 866 2916 adhibuisse
891 2875 1005 2915 etiam
1026 2873 1123 2914 duos
1142 2872 1312 2913 Codices
1330 2870 1442 2912 MSS.
1472 2871 1556 2911 suos
1589 2871 1763 2922 testatur,
1793 2873 1928 2911 Claro-

201 2945 423 2978 montanum
445 2947 583 2986 nempe
601 2936 639 2971 &
660 2930 1037 2983 Cantabrigiensbm,
1067 2942 1142 2969 una
1161 2941 1249 2967 cum
1271 2925 1456 2967 Verfione
1475 2925 1572 2978 Syra
1593 2925 1648 2966 N.
1678 2927 1727 2967 T.
1756 2931 1797 2967 &
1821 2928 1928 2967 Ara-

200 2993 289 3032 bica
310 2990 496 3030 Actorum
518 2986 827 3040 Apostolicorum
840 3015 851 3034 ‚
881 2987 919 3022 ὃ(
940 2985 1133 3037 utriusque
1154 2982 1203 3022 ad
1222 2981 1452 3022 Corinthios
1470 2981 1662 3034 Epistolae
1681 3005 1693 3031 3
1722 2983 1762 3022 in
1792 2993 1927 3036 quarta

203 3052 243 3092 &
265 3047 398 3102 quinta
421 3041 602 3083 acceffissb
623 3040 818 3093 praedicat
838 3038 993 3079 consilia
1013 3035 1388 3088 amicorumffirusti
1410 3041 1448 3077 &
1469 3035 1705 3089 Pifiatoris.
1759 3037 1804 3077 In
1836 3036 1928 3076 dua-

203 3103 272 3145 bus
298 3099 434 3142 nsdem
452 3097 650 3153 postremis
673 3093 916 3137 Editionibus
935 3094 1171 3135 mentionem
1192 3088 1308 3133 etiam
1330 3089 1421 3133 facit
1447 3091 1682 3133 vetustissimi
1702 3091 1788 3134 MS.
1817 3090 1929 3131 Codi-

1852 3158 1909 3185 cts
1917 3175 1930 3195 ,
