<?xml version="1.0" encoding="UTF-8"?>
<!DOCTYPE html PUBLIC "-//W3C//DTD XHTML 1.0 Transitional//EN"
    "http://www.w3.org/TR/xhtml1/DTD/xhtml1-transitional.dtd">
<html xmlns="http://www.w3.org/1999/xhtml" xml:lang="en" lang="en">
 <head>
  <title>
</title>
<meta http-equiv="Content-Type" content="text/html;charset=utf-8" />
  <meta name='ocr-system' content='tesseract 3.04.00' />
  <meta name='ocr-capabilities' content='ocr_page ocr_carea ocr_par ocr_line ocrx_word'/>
</head>
<body>
  <div class='ocr_page' id='page_1' title='image "./hekainediatheken00clem_0225.png"; bbox 0 0 1976 3519; ppageno 0'>
   <div class='ocr_carea' id='block_1_1' title="bbox 415 242 1788 300">
    <p class='ocr_par' dir='ltr' id='par_1_1' title="bbox 415 242 1788 300">
     <span class='ocr_line' id='line_1_1' title="bbox 415 242 1788 300; baseline -0.004 -12"><span class='ocrx_word' id='word_1_1' title='bbox 415 242 1411 288; x_wconf 83' lang='lat' dir='ltr'>PROLEGOMENA.</span> <span class='ocrx_word' id='word_1_2' title='bbox 1711 258 1788 300; x_wconf 53' lang='grc' dir='ltr'>υς</span> 
     </span>
    </p>
   </div>
   <div class='ocr_carea' id='block_1_2' title="bbox 44 321 1804 3303">
    <p class='ocr_par' dir='ltr' id='par_1_2' title="bbox 58 321 1796 2588">
     <span class='ocr_line' id='line_1_2' title="bbox 117 321 1787 387; baseline 0.001 -15"><span class='ocrx_word' id='word_1_3' title='bbox 117 330 209 373; x_wconf 90' lang='lat' dir='ltr'>Post</span> <span class='ocrx_word' id='word_1_4' title='bbox 237 321 405 374; x_wconf 85' lang='lat' dir='ltr'>exclusos</span> <span class='ocrx_word' id='word_1_5' title='bbox 431 345 594 387; x_wconf 82' lang='lat' dir='ltr'>quatuor</span> <span class='ocrx_word' id='word_1_6' title='bbox 621 330 817 385; x_wconf 88' lang='lat' dir='ltr'>delegatos</span> <span class='ocrx_word' id='word_1_7' title='bbox 844 327 997 370; x_wconf 85' lang='lat' dir='ltr'>exclusit</span> <span class='ocrx_word' id='word_1_8' title='bbox 1027 329 1143 369; x_wconf 90' lang='lat' dir='ltr'>etiam</span> <span class='ocrx_word' id='word_1_9' title='bbox 1177 329 1382 381; x_wconf 77' lang='lat' dir='ltr'>Pastorem</span> <span class='ocrx_word' id='word_1_10' title='bbox 1410 332 1515 374; x_wconf 90' lang='lat' dir='ltr'>suum</span> <span class='ocrx_word' id='word_1_11' title='bbox 1544 332 1787 387; x_wconf 87' lang='lat' dir='ltr'>eundemque</span> 
     </span>
     <span class='ocr_line' id='line_1_3' title="bbox 66 382 1786 443; baseline 0 -14"><span class='ocrx_word' id='word_1_12' title='bbox 66 392 192 429; x_wconf 85' lang='lat' dir='ltr'>meum</span> <span class='ocrx_word' id='word_1_13' title='bbox 214 414 226 433; x_wconf 88' lang='lat'>‚</span> <span class='ocrx_word' id='word_1_14' title='bbox 265 388 315 428; x_wconf 93' lang='lat' dir='ltr'>ad</span> <span class='ocrx_word' id='word_1_15' title='bbox 343 402 457 442; x_wconf 88' lang='lat' dir='ltr'>quem</span> <span class='ocrx_word' id='word_1_16' title='bbox 476 400 604 429; x_wconf 88' lang='lat' dir='ltr'>tamen</span> <span class='ocrx_word' id='word_1_17' title='bbox 639 384 872 440; x_wconf 61' lang='lat' dir='ltr'>de&#39;negotiis</span> <span class='ocrx_word' id='word_1_18' title='bbox 892 383 1123 425; x_wconf 90' lang='lat' dir='ltr'>Dioeceseos</span> <span class='ocrx_word' id='word_1_19' title='bbox 1147 382 1233 425; x_wconf 86' lang='lat' dir='ltr'>suae</span> <span class='ocrx_word' id='word_1_20' title='bbox 1252 387 1426 440; x_wconf 84' lang='lat' dir='ltr'>cognitio</span> <span class='ocrx_word' id='word_1_21' title='bbox 1455 388 1584 429; x_wconf 89' lang='lat' dir='ltr'>causae</span> <span class='ocrx_word' id='word_1_22' title='bbox 1612 390 1786 443; x_wconf 79' lang='lat' dir='ltr'>proxime</span> 
     </span>
     <span class='ocr_line' id='line_1_4' title="bbox 67 438 1785 497; baseline 0.002 -15"><span class='ocrx_word' id='word_1_23' title='bbox 67 447 106 482; x_wconf 88' lang='lat'>&amp;</span> <span class='ocrx_word' id='word_1_24' title='bbox 125 444 305 496; x_wconf 89' lang='lat' dir='ltr'>primario</span> <span class='ocrx_word' id='word_1_25' title='bbox 326 442 558 497; x_wconf 81' lang='lat' dir='ltr'>pertinebat,</span> <span class='ocrx_word' id='word_1_26' title='bbox 576 440 666 481; x_wconf 88' lang='lat' dir='ltr'>vide</span> <span class='ocrx_word' id='word_1_27' title='bbox 687 440 820 481; x_wconf 82' lang='lat' dir='ltr'>Vitam</span> <span class='ocrx_word' id='word_1_28' title='bbox 843 440 1024 493; x_wconf 85' lang='lat' dir='ltr'>Gregorii</span> <span class='ocrx_word' id='word_1_29' title='bbox 1042 438 1291 480; x_wconf 89' lang='lat' dir='ltr'>Nazianzeni</span> <span class='ocrx_word' id='word_1_30' title='bbox 1313 463 1325 489; x_wconf 75' lang='lat'>3</span> <span class='ocrx_word' id='word_1_31' title='bbox 1355 441 1449 495; x_wconf 92' lang='lat' dir='ltr'>quid</span> <span class='ocrx_word' id='word_1_32' title='bbox 1480 443 1570 484; x_wconf 89' lang='lat' dir='ltr'>dico</span> <span class='ocrx_word' id='word_1_33' title='bbox 1595 443 1749 485; x_wconf 78' lang='lat' dir='ltr'>exclusit</span> <span class='ocrx_word' id='word_1_34' title='bbox 1769 446 1785 484; x_wconf 87' lang='lat'>?</span> 
     </span>
     <span class='ocr_line' id='line_1_5' title="bbox 67 493 1785 552; baseline 0.001 -15"><span class='ocrx_word' id='word_1_35' title='bbox 67 499 147 537; x_wconf 90' lang='lat' dir='ltr'>imo</span> <span class='ocrx_word' id='word_1_36' title='bbox 167 512 234 552; x_wconf 92' lang='lat' dir='ltr'>per</span> <span class='ocrx_word' id='word_1_37' title='bbox 252 512 374 539; x_wconf 89' lang='lat' dir='ltr'>annos</span> <span class='ocrx_word' id='word_1_38' title='bbox 392 497 606 550; x_wconf 87' lang='lat' dir='ltr'>complures</span> <span class='ocrx_word' id='word_1_39' title='bbox 624 494 863 535; x_wconf 87' lang='lat' dir='ltr'>acerbiffimis</span> <span class='ocrx_word' id='word_1_40' title='bbox 893 493 1133 534; x_wconf 88' lang='lat' dir='ltr'>contumeliis</span> <span class='ocrx_word' id='word_1_41' title='bbox 1158 495 1287 537; x_wconf 87' lang='lat' dir='ltr'>affecit</span> <span class='ocrx_word' id='word_1_42' title='bbox 1307 527 1319 544; x_wconf 75' lang='lat'><em>‚</em></span> <span class='ocrx_word' id='word_1_43' title='bbox 1350 498 1389 533; x_wconf 88' lang='lat'>&amp;</span> <span class='ocrx_word' id='word_1_44' title='bbox 1418 499 1602 538; x_wconf 86' lang='lat' dir='ltr'>conviciis</span> <span class='ocrx_word' id='word_1_45' title='bbox 1627 499 1785 540; x_wconf 85' lang='lat' dir='ltr'>scurrili-</span> 
     </span>
     <span class='ocr_line' id='line_1_6' title="bbox 64 548 1784 607; baseline 0.001 -14"><span class='ocrx_word' id='word_1_46' title='bbox 64 553 134 593; x_wconf 90' lang='lat' dir='ltr'>bus</span> <span class='ocrx_word' id='word_1_47' title='bbox 151 553 334 607; x_wconf 82' lang='lat' dir='ltr'>proscidit</span> <span class='ocrx_word' id='word_1_48' title='bbox 352 554 472 592; x_wconf 89' lang='lat' dir='ltr'>homo</span> <span class='ocrx_word' id='word_1_49' title='bbox 490 549 779 605; x_wconf 86' lang='lat' dir='ltr'>ingratiffimus-,</span> <span class='ocrx_word' id='word_1_50' title='bbox 800 563 965 604; x_wconf 90' lang='lat' dir='ltr'>cumque</span> <span class='ocrx_word' id='word_1_51' title='bbox 984 548 1116 588; x_wconf 88' lang='lat' dir='ltr'>Pastor</span> <span class='ocrx_word' id='word_1_52' title='bbox 1135 549 1197 591; x_wconf 91' lang='lat' dir='ltr'>ille</span> <span class='ocrx_word' id='word_1_53' title='bbox 1218 549 1399 604; x_wconf 87' lang='lat' dir='ltr'>idemque</span> <span class='ocrx_word' id='word_1_54' title='bbox 1416 565 1553 605; x_wconf 85' lang='lat' dir='ltr'>parens</span> <span class='ocrx_word' id='word_1_55' title='bbox 1578 567 1683 594; x_wconf 87' lang='lat' dir='ltr'>meus</span> <span class='ocrx_word' id='word_1_56' title='bbox 1702 565 1784 594; x_wconf 84' lang='lat' dir='ltr'>tan·</span> 
     </span>
     <span class='ocr_line' id='line_1_7' title="bbox 65 603 1782 663; baseline 0.001 -16"><span class='ocrx_word' id='word_1_57' title='bbox 65 607 156 647; x_wconf 89' lang='lat' dir='ltr'>dem</span> <span class='ocrx_word' id='word_1_58' title='bbox 187 608 346 663; x_wconf 90' lang='lat' dir='ltr'>epistola</span> <span class='ocrx_word' id='word_1_59' title='bbox 372 606 423 646; x_wconf 89' lang='lat' dir='ltr'>ad</span> <span class='ocrx_word' id='word_1_60' title='bbox 444 605 627 646; x_wconf 86' lang='lat' dir='ltr'>Ecclefias</span> <span class='ocrx_word' id='word_1_61' title='bbox 644 605 847 646; x_wconf 87' lang='lat' dir='ltr'>Helvetiae</span> <span class='ocrx_word' id='word_1_62' title='bbox 866 603 1111 644; x_wconf 85' lang='lat' dir='ltr'>Reformatas</span> <span class='ocrx_word' id='word_1_63' title='bbox 1131 604 1180 645; x_wconf 90' lang='lat' dir='ltr'>de</span> <span class='ocrx_word' id='word_1_64' title='bbox 1200 605 1336 658; x_wconf 89' lang='lat' dir='ltr'>injuria</span> <span class='ocrx_word' id='word_1_65' title='bbox 1356 608 1396 645; x_wconf 89' lang='lat'>&amp;</span> <span class='ocrx_word' id='word_1_66' title='bbox 1416 607 1484 647; x_wconf 87' lang='lat' dir='ltr'>fibi</span> <span class='ocrx_word' id='word_1_67' title='bbox 1510 611 1549 646; x_wconf 90' lang='lat'>&amp;</span> <span class='ocrx_word' id='word_1_68' title='bbox 1569 609 1664 648; x_wconf 89' lang='lat' dir='ltr'>mihi</span> <span class='ocrx_word' id='word_1_69' title='bbox 1681 609 1782 649; x_wconf 87' lang='lat' dir='ltr'>illata</span> 
     </span>
     <span class='ocr_line' id='line_1_8' title="bbox 63 659 1784 718; baseline 0.001 -16"><span class='ocrx_word' id='word_1_70' title='bbox 63 661 188 704; x_wconf 79' lang='lat' dir='ltr'>fuisset</span> <span class='ocrx_word' id='word_1_71' title='bbox 220 661 446 716; x_wconf 87' lang='lat' dir='ltr'>conquestus</span> <span class='ocrx_word' id='word_1_72' title='bbox 469 687 481 706; x_wconf 90' lang='lat'>,</span> <span class='ocrx_word' id='word_1_73' title='bbox 516 661 568 700; x_wconf 91' lang='lat' dir='ltr'>ita</span> <span class='ocrx_word' id='word_1_74' title='bbox 601 659 798 713; x_wconf 88' lang='lat' dir='ltr'>respondit</span> <span class='ocrx_word' id='word_1_75' title='bbox 823 659 860 713; x_wconf 88' lang='lat' dir='ltr'>J.</span> <span class='ocrx_word' id='word_1_76' title='bbox 894 659 938 699; x_wconf 96' lang='lat' dir='ltr'>L.</span> <span class='ocrx_word' id='word_1_77' title='bbox 958 659 1061 713; x_wconf 84' lang='lat' dir='ltr'>Frey</span> <span class='ocrx_word' id='word_1_78' title='bbox 1079 689 1090 709; x_wconf 92' lang='lat'>,</span> <span class='ocrx_word' id='word_1_79' title='bbox 1120 670 1162 700; x_wconf 93' lang='lat' dir='ltr'>ut</span> <span class='ocrx_word' id='word_1_80' title='bbox 1190 661 1304 701; x_wconf 92' lang='lat' dir='ltr'>verba</span> <span class='ocrx_word' id='word_1_81' title='bbox 1330 674 1410 701; x_wconf 91' lang='lat' dir='ltr'>non</span> <span class='ocrx_word' id='word_1_82' title='bbox 1441 662 1634 703; x_wconf 87' lang='lat' dir='ltr'>inveniam</span> <span class='ocrx_word' id='word_1_83' title='bbox 1656 694 1668 714; x_wconf 91' lang='lat'>,</span> <span class='ocrx_word' id='word_1_84' title='bbox 1700 665 1784 718; x_wconf 90' lang='lat' dir='ltr'>qui-</span> 
     </span>
     <span class='ocr_line' id='line_1_9' title="bbox 64 714 1784 772; baseline 0 -14"><span class='ocrx_word' id='word_1_85' title='bbox 64 717 134 758; x_wconf 91' lang='lat' dir='ltr'>bus</span> <span class='ocrx_word' id='word_1_86' title='bbox 150 717 418 772; x_wconf 77' lang='lat' dir='ltr'>indignitatem</span> <span class='ocrx_word' id='word_1_87' title='bbox 447 715 500 756; x_wconf 88' lang='lat' dir='ltr'>rei</span> <span class='ocrx_word' id='word_1_88' title='bbox 519 716 730 769; x_wconf 84' lang='lat' dir='ltr'>exprimere</span> <span class='ocrx_word' id='word_1_89' title='bbox 746 715 895 768; x_wconf 85' lang='lat' dir='ltr'>poffim.</span> <span class='ocrx_word' id='word_1_90' title='bbox 952 714 1177 770; x_wconf 89' lang='lat' dir='ltr'>Adscribam</span> <span class='ocrx_word' id='word_1_91' title='bbox 1202 715 1319 756; x_wconf 88' lang='lat' dir='ltr'>finem</span> <span class='ocrx_word' id='word_1_92' title='bbox 1339 715 1505 769; x_wconf 86' lang='lat' dir='ltr'>responfi</span> <span class='ocrx_word' id='word_1_93' title='bbox 1526 730 1534 757; x_wconf 75' lang='grc' dir='ltr'>ε</span> <span class='ocrx_word' id='word_1_94' title='bbox 1585 745 1611 768; x_wconf 86' lang='grc'>,,</span> <span class='ocrx_word' id='word_1_95' title='bbox 1642 719 1704 768; x_wconf 76' lang='lat' dir='ltr'>Si,</span> <span class='ocrx_word' id='word_1_96' title='bbox 1725 720 1784 758; x_wconf 88' lang='lat' dir='ltr'>in-</span> 
     </span>
     <span class='ocr_line' id='line_1_10' title="bbox 64 769 1784 827; baseline 0.001 -15"><span class='ocrx_word' id='word_1_97' title='bbox 64 803 90 821; x_wconf 90' lang='lat'>„</span> <span class='ocrx_word' id='word_1_98' title='bbox 120 773 221 825; x_wconf 91' lang='lat' dir='ltr'>quit,</span> <span class='ocrx_word' id='word_1_99' title='bbox 233 786 331 826; x_wconf 88' lang='lat' dir='ltr'>quae</span> <span class='ocrx_word' id='word_1_100' title='bbox 347 770 581 825; x_wconf 90' lang='lat' dir='ltr'>propudiose</span> <span class='ocrx_word' id='word_1_101' title='bbox 600 773 640 809; x_wconf 91' lang='lat'>&amp;</span> <span class='ocrx_word' id='word_1_102' title='bbox 659 769 847 823; x_wconf 87' lang='lat' dir='ltr'>flagitiose</span> <span class='ocrx_word' id='word_1_103' title='bbox 867 769 931 810; x_wconf 93' lang='lat' dir='ltr'>hic</span> <span class='ocrx_word' id='word_1_104' title='bbox 949 769 1083 809; x_wconf 87' lang='lat' dir='ltr'>Pastor</span> <span class='ocrx_word' id='word_1_105' title='bbox 1102 779 1341 812; x_wconf 88' lang='lat' dir='ltr'>commentus</span> <span class='ocrx_word' id='word_1_106' title='bbox 1365 771 1442 822; x_wconf 89' lang='lat' dir='ltr'>est,</span> <span class='ocrx_word' id='word_1_107' title='bbox 1472 771 1522 812; x_wconf 92' lang='lat' dir='ltr'>de</span> <span class='ocrx_word' id='word_1_108' title='bbox 1540 774 1688 827; x_wconf 87' lang='lat' dir='ltr'>origine</span> <span class='ocrx_word' id='word_1_109' title='bbox 1714 774 1784 815; x_wconf 92' lang='lat' dir='ltr'>hu-</span> 
     </span>
     <span class='ocr_line' id='line_1_11' title="bbox 64 823 1784 880; baseline 0.002 -14"><span class='ocrx_word' id='word_1_110' title='bbox 64 834 102 876; x_wconf 72' lang='lat'>‚‚&#39;</span> <span class='ocrx_word' id='word_1_111' title='bbox 114 827 176 880; x_wconf 86' lang='lat' dir='ltr'>jus</span> <span class='ocrx_word' id='word_1_112' title='bbox 192 826 406 867; x_wconf 87' lang='lat' dir='ltr'>certaminis</span> <span class='ocrx_word' id='word_1_113' title='bbox 415 849 464 856; x_wconf 87' lang='lat'>·-</span> <span class='ocrx_word' id='word_1_114' title='bbox 490 824 541 866; x_wconf 91' lang='lat' dir='ltr'>de</span> <span class='ocrx_word' id='word_1_115' title='bbox 560 825 741 865; x_wconf 85' lang='lat' dir='ltr'>sexcentis</span> <span class='ocrx_word' id='word_1_116' title='bbox 769 824 943 879; x_wconf 83' lang='lat' dir='ltr'>denique·</span> <span class='ocrx_word' id='word_1_117' title='bbox 963 823 1044 864; x_wconf 88' lang='lat' dir='ltr'>aliis</span> <span class='ocrx_word' id='word_1_118' title='bbox 1057 855 1069 874; x_wconf 90' lang='lat'>,</span> <span class='ocrx_word' id='word_1_119' title='bbox 1100 825 1127 864; x_wconf 84' lang='lat' dir='ltr'>fi</span> <span class='ocrx_word' id='word_1_120' title='bbox 1158 825 1296 879; x_wconf 90' lang='lat' dir='ltr'>probra</span> <span class='ocrx_word' id='word_1_121' title='bbox 1313 858 1326 877; x_wconf 93' lang='lat'>,</span> <span class='ocrx_word' id='word_1_122' title='bbox 1355 828 1608 868; x_wconf 85' lang='lat' dir='ltr'>contumeliae</span> <span class='ocrx_word' id='word_1_123' title='bbox 1627 859 1640 879; x_wconf 91' lang='lat'>,</span> <span class='ocrx_word' id='word_1_124' title='bbox 1670 830 1784 870; x_wconf 90' lang='lat' dir='ltr'>cavil-</span> 
     </span>
     <span class='ocr_line' id='line_1_12' title="bbox 63 878 1784 937; baseline 0.003 -17"><span class='ocrx_word' id='word_1_125' title='bbox 63 908 89 929; x_wconf 85' lang='lat'>,‚</span> <span class='ocrx_word' id='word_1_126' title='bbox 117 882 277 922; x_wconf 86' lang='lat' dir='ltr'>lationes</span> <span class='ocrx_word' id='word_1_127' title='bbox 292 908 304 927; x_wconf 90' lang='lat'>‚</span> <span class='ocrx_word' id='word_1_128' title='bbox 332 880 531 921; x_wconf 88' lang='lat' dir='ltr'>mendacia</span> <span class='ocrx_word' id='word_1_129' title='bbox 549 914 559 930; x_wconf 90' lang='lat'>‚</span> <span class='ocrx_word' id='word_1_130' title='bbox 577 879 748 933; x_wconf 81' lang='lat' dir='ltr'>fraudes</span> <span class='ocrx_word' id='word_1_131' title='bbox 767 895 789 920; x_wconf 89' lang='lat' dir='ltr'>a</span> <span class='ocrx_word' id='word_1_132' title='bbox 814 878 1014 934; x_wconf 89' lang='lat' dir='ltr'>splendida</span> <span class='ocrx_word' id='word_1_133' title='bbox 1032 879 1187 920; x_wconf 56' lang='lat' dir='ltr'>difflata</span> <span class='ocrx_word' id='word_1_134' title='bbox 1207 881 1281 922; x_wconf 92' lang='lat' dir='ltr'>bile</span> <span class='ocrx_word' id='word_1_135' title='bbox 1298 912 1310 933; x_wconf 87' lang='lat'>,</span> <span class='ocrx_word' id='word_1_136' title='bbox 1340 885 1380 922; x_wconf 74' lang='grc' dir='ltr'>δε</span> <span class='ocrx_word' id='word_1_137' title='bbox 1398 882 1452 923; x_wconf 90' lang='lat' dir='ltr'>ita</span> <span class='ocrx_word' id='word_1_138' title='bbox 1478 894 1606 924; x_wconf 87' lang='lat' dir='ltr'>curate</span> <span class='ocrx_word' id='word_1_139' title='bbox 1627 897 1694 937; x_wconf 88' lang='lat' dir='ltr'>per</span> <span class='ocrx_word' id='word_1_140' title='bbox 1724 896 1784 926; x_wconf 92' lang='lat' dir='ltr'>to-</span> 
     </span>
     <span class='ocr_line' id='line_1_13' title="bbox 63 934 1783 994; baseline 0.002 -18"><span class='ocrx_word' id='word_1_141' title='bbox 63 962 90 987; x_wconf 86' lang='lat'>,‚</span> <span class='ocrx_word' id='word_1_142' title='bbox 119 947 200 976; x_wconf 90' lang='lat' dir='ltr'>tum</span> <span class='ocrx_word' id='word_1_143' title='bbox 219 936 296 976; x_wconf 93' lang='lat' dir='ltr'>hoc</span> <span class='ocrx_word' id='word_1_144' title='bbox 315 936 495 990; x_wconf 87' lang='lat' dir='ltr'>scriptum</span> <span class='ocrx_word' id='word_1_145' title='bbox 504 936 648 990; x_wconf 76' lang='lat' dir='ltr'>sparsa</span> <span class='ocrx_word' id='word_1_146' title='bbox 665 965 677 984; x_wconf 98' lang='lat'>,</span> <span class='ocrx_word' id='word_1_147' title='bbox 705 946 750 975; x_wconf 91' lang='lat' dir='ltr'>ut</span> <span class='ocrx_word' id='word_1_148' title='bbox 769 935 865 974; x_wconf 88' lang='lat' dir='ltr'>nihil</span> <span class='ocrx_word' id='word_1_149' title='bbox 886 935 1007 989; x_wconf 88' lang='lat' dir='ltr'>magis</span> <span class='ocrx_word' id='word_1_150' title='bbox 1026 934 1196 976; x_wconf 79' lang='lat' dir='ltr'>metuisse</span> <span class='ocrx_word' id='word_1_151' title='bbox 1224 936 1399 979; x_wconf 88' lang='lat' dir='ltr'>videatur</span> <span class='ocrx_word' id='word_1_152' title='bbox 1418 938 1470 978; x_wconf 93' lang='lat' dir='ltr'>D.</span> <span class='ocrx_word' id='word_1_153' title='bbox 1486 938 1640 990; x_wconf 87' lang='lat' dir='ltr'>Pastor,</span> <span class='ocrx_word' id='word_1_154' title='bbox 1666 954 1783 994; x_wconf 89' lang='lat' dir='ltr'>quam</span> 
     </span>
     <span class='ocr_line' id='line_1_14' title="bbox 61 990 1783 1048; baseline 0.002 -16"><span class='ocrx_word' id='word_1_155' title='bbox 61 1021 90 1041; x_wconf 89' lang='lat'>„</span> <span class='ocrx_word' id='word_1_156' title='bbox 117 1006 167 1032; x_wconf 91' lang='lat' dir='ltr'>ne</span> <span class='ocrx_word' id='word_1_157' title='bbox 186 990 284 1032; x_wconf 81' lang='lat' dir='ltr'>fo&#39;rte</span> <span class='ocrx_word' id='word_1_158' title='bbox 312 992 438 1046; x_wconf 89' lang='lat' dir='ltr'>aliqua</span> <span class='ocrx_word' id='word_1_159' title='bbox 457 991 638 1045; x_wconf 91' lang='lat' dir='ltr'>periodus</span> <span class='ocrx_word' id='word_1_160' title='bbox 658 990 737 1030; x_wconf 84' lang='lat' dir='ltr'>istis</span> <span class='ocrx_word' id='word_1_161' title='bbox 756 990 915 1030; x_wconf 83' lang='lat' dir='ltr'>floribus</span> <span class='ocrx_word' id='word_1_162' title='bbox 936 993 976 1029; x_wconf 90' lang='lat'>&amp;</span> <span class='ocrx_word' id='word_1_163' title='bbox 995 990 1192 1044; x_wconf 85' lang='lat' dir='ltr'>elegantiis</span> <span class='ocrx_word' id='word_1_164' title='bbox 1208 1005 1332 1033; x_wconf 84' lang='lat' dir='ltr'>careat</span> <span class='ocrx_word' id='word_1_165' title='bbox 1354 1012 1364 1039; x_wconf 82' lang='lat'>3</span> <span class='ocrx_word' id='word_1_166' title='bbox 1393 992 1442 1043; x_wconf 90' lang='lat' dir='ltr'>fi,</span> <span class='ocrx_word' id='word_1_167' title='bbox 1471 994 1628 1048; x_wconf 85' lang='lat' dir='ltr'>inquam</span> <span class='ocrx_word' id='word_1_168' title='bbox 1646 1026 1658 1044; x_wconf 93' lang='lat'>,</span> <span class='ocrx_word' id='word_1_169' title='bbox 1688 996 1783 1036; x_wconf 89' lang='lat' dir='ltr'>haec</span> 
     </span>
     <span class='ocr_line' id='line_1_15' title="bbox 60 1045 1783 1102; baseline 0.003 -16"><span class='ocrx_word' id='word_1_170' title='bbox 60 1077 87 1097; x_wconf 89' lang='lat'><strong>„</strong></span> <span class='ocrx_word' id='word_1_171' title='bbox 117 1050 156 1086; x_wconf 71' lang='grc' dir='ltr'>ὃ(</span> <span class='ocrx_word' id='word_1_172' title='bbox 176 1047 281 1101; x_wconf 90' lang='lat' dir='ltr'>plura</span> <span class='ocrx_word' id='word_1_173' title='bbox 298 1047 368 1086; x_wconf 88' lang='lat' dir='ltr'>alia</span> <span class='ocrx_word' id='word_1_174' title='bbox 391 1046 601 1099; x_wconf 76' lang='lat' dir='ltr'>singulatim</span> <span class='ocrx_word' id='word_1_175' title='bbox 620 1045 732 1085; x_wconf 91' lang='lat' dir='ltr'>nobis</span> <span class='ocrx_word' id='word_1_176' title='bbox 749 1045 868 1085; x_wconf 70' lang='lat' dir='ltr'>essent</span> <span class='ocrx_word' id='word_1_177' title='bbox 885 1045 1135 1097; x_wconf 85' lang='lat' dir='ltr'>excutienda,</span> <span class='ocrx_word' id='word_1_178' title='bbox 1165 1047 1312 1100; x_wconf 88' lang='lat' dir='ltr'>&amp;justo</span> <span class='ocrx_word' id='word_1_179' title='bbox 1331 1048 1475 1089; x_wconf 89' lang='lat' dir='ltr'>lumine</span> <span class='ocrx_word' id='word_1_180' title='bbox 1493 1048 1783 1102; x_wconf 86' lang='lat' dir='ltr'>perfundenda,</span> 
     </span>
     <span class='ocr_line' id='line_1_16' title="bbox 60 1099 1784 1155; baseline 0.003 -14"><span class='ocrx_word' id='word_1_181' title='bbox 60 1132 86 1151; x_wconf 87' lang='lat'>„</span> <span class='ocrx_word' id='word_1_182' title='bbox 116 1115 197 1142; x_wconf 91' lang='lat' dir='ltr'>non</span> <span class='ocrx_word' id='word_1_183' title='bbox 216 1102 408 1155; x_wconf 85' lang='lat' dir='ltr'>Epistolae</span> <span class='ocrx_word' id='word_1_184' title='bbox 435 1100 501 1141; x_wconf 93' lang='lat' dir='ltr'>sed</span> <span class='ocrx_word' id='word_1_185' title='bbox 522 1101 727 1142; x_wconf 90' lang='lat' dir='ltr'>voluminis</span> <span class='ocrx_word' id='word_1_186' title='bbox 747 1099 839 1141; x_wconf 77' lang='lat' dir='ltr'>esset</span> <span class='ocrx_word' id='word_1_187' title='bbox 858 1101 921 1141; x_wconf 92' lang='lat' dir='ltr'>hic</span> <span class='ocrx_word' id='word_1_188' title='bbox 941 1114 1075 1154; x_wconf 90' lang='lat' dir='ltr'>parum</span> <span class='ocrx_word' id='word_1_189' title='bbox 1103 1114 1230 1155; x_wconf 87' lang='lat' dir='ltr'>gratus</span> <span class='ocrx_word' id='word_1_190' title='bbox 1251 1103 1366 1143; x_wconf 88' lang='lat' dir='ltr'>labor.</span> <span class='ocrx_word' id='word_1_191' title='bbox 1421 1104 1562 1144; x_wconf 88' lang='lat' dir='ltr'>Denuo</span> <span class='ocrx_word' id='word_1_192' title='bbox 1584 1106 1623 1145; x_wconf 93' lang='lat' dir='ltr'>in</span> <span class='ocrx_word' id='word_1_193' title='bbox 1646 1106 1784 1147; x_wconf 91' lang='lat' dir='ltr'>Domi-</span> 
     </span>
     <span class='ocr_line' id='line_1_17' title="bbox 62 1155 1784 1214; baseline 0.004 -19"><span class='ocrx_word' id='word_1_194' title='bbox 62 1183 88 1207; x_wconf 88' lang='lat'><em>„</em></span> <span class='ocrx_word' id='word_1_195' title='bbox 118 1170 172 1196; x_wconf 94' lang='lat' dir='ltr'>no</span> <span class='ocrx_word' id='word_1_196' title='bbox 200 1158 321 1197; x_wconf 88' lang='lat' dir='ltr'>valete</span> <span class='ocrx_word' id='word_1_197' title='bbox 342 1187 353 1207; x_wconf 92' lang='lat'>,</span> <span class='ocrx_word' id='word_1_198' title='bbox 382 1157 535 1206; x_wconf 88' lang='lat' dir='ltr'>Patres,</span> <span class='ocrx_word' id='word_1_199' title='bbox 565 1155 789 1209; x_wconf 86' lang='lat' dir='ltr'>Fratresque</span> <span class='ocrx_word' id='word_1_200' title='bbox 818 1155 1088 1196; x_wconf 89' lang='lat' dir='ltr'>venerandi&amp;</span> <span class='ocrx_word' id='word_1_201' title='bbox 1117 1157 1413 1211; x_wconf 68' lang='lat' dir='ltr'>conjunffissimi</span> <span class='ocrx_word' id='word_1_202' title='bbox 1433 1192 1445 1208; x_wconf 92' lang='lat'>,</span> <span class='ocrx_word' id='word_1_203' title='bbox 1475 1173 1624 1214; x_wconf 88' lang='lat' dir='ltr'>proque</span> <span class='ocrx_word' id='word_1_204' title='bbox 1649 1160 1784 1202; x_wconf 85' lang='lat' dir='ltr'>fiffuris</span> 
     </span>
     <span class='ocr_line' id='line_1_18' title="bbox 62 1211 1784 1269; baseline 0.002 -18"><span class='ocrx_word' id='word_1_205' title='bbox 62 1243 87 1261; x_wconf 88' lang='lat'>‚,</span> <span class='ocrx_word' id='word_1_206' title='bbox 117 1211 254 1252; x_wconf 90' lang='lat' dir='ltr'>Zionis</span> <span class='ocrx_word' id='word_1_207' title='bbox 273 1211 448 1252; x_wconf 86' lang='lat' dir='ltr'>curandis</span> <span class='ocrx_word' id='word_1_208' title='bbox 468 1212 596 1251; x_wconf 90' lang='lat' dir='ltr'>Deum</span> <span class='ocrx_word' id='word_1_209' title='bbox 623 1211 677 1251; x_wconf 89' lang='lat' dir='ltr'>O.</span> <span class='ocrx_word' id='word_1_210' title='bbox 701 1211 759 1250; x_wconf 88' lang='lat' dir='ltr'>M.</span> <span class='ocrx_word' id='word_1_211' title='bbox 781 1224 855 1251; x_wconf 91' lang='lat' dir='ltr'>una</span> <span class='ocrx_word' id='word_1_212' title='bbox 875 1211 1071 1252; x_wconf 88' lang='lat' dir='ltr'>nobiscum</span> <span class='ocrx_word' id='word_1_213' title='bbox 1099 1224 1227 1261; x_wconf 88' lang='lat' dir='ltr'>orate,</span> <span class='ocrx_word' id='word_1_214' title='bbox 1258 1212 1434 1268; x_wconf 84' lang='lat' dir='ltr'>hancque</span> <span class='ocrx_word' id='word_1_215' title='bbox 1456 1214 1624 1255; x_wconf 88' lang='lat' dir='ltr'>nostram</span> <span class='ocrx_word' id='word_1_216' title='bbox 1651 1232 1784 1269; x_wconf 63' lang='grc' dir='ltr'><em>παρρη-</em></span> 
     </span>
     <span class='ocr_line' id='line_1_19' title="bbox 58 1264 1784 1326; baseline -0.001 -22"><span class='ocrx_word' id='word_1_217' title='bbox 58 1296 88 1317; x_wconf 84' lang='lat'>„</span> <span class='ocrx_word' id='word_1_218' title='bbox 115 1264 190 1306; x_wconf 72' lang='grc' dir='ltr'>σίαν</span> <span class='ocrx_word' id='word_1_219' title='bbox 218 1267 518 1320; x_wconf 87' lang='lat' dir='ltr'>aequibonique</span> <span class='ocrx_word' id='word_1_220' title='bbox 547 1266 740 1307; x_wconf 91' lang='lat' dir='ltr'>consulere</span> <span class='ocrx_word' id='word_1_221' title='bbox 769 1279 818 1306; x_wconf 92' lang='lat' dir='ltr'>ne</span> <span class='ocrx_word' id='word_1_222' title='bbox 839 1267 1092 1321; x_wconf 81' lang='lat' dir='ltr'>gravemini&#39;’.</span> <span class='ocrx_word' id='word_1_223' title='bbox 1146 1267 1257 1307; x_wconf 90' lang='lat' dir='ltr'>Haec</span> <span class='ocrx_word' id='word_1_224' title='bbox 1285 1268 1340 1308; x_wconf 88' lang='lat' dir='ltr'>est</span> <span class='ocrx_word' id='word_1_225' title='bbox 1369 1267 1547 1320; x_wconf 65' lang='grc' dir='ltr'>παρρησία</span> <span class='ocrx_word' id='word_1_226' title='bbox 1567 1271 1784 1326; x_wconf 65' lang='lat' dir='ltr'>Theologi-</span> 
     </span>
     <span class='ocr_line' id='line_1_20' title="bbox 60 1321 1782 1378; baseline 0.003 -16"><span class='ocrx_word' id='word_1_227' title='bbox 60 1336 124 1372; x_wconf 87' lang='lat' dir='ltr'>ca,</span> <span class='ocrx_word' id='word_1_228' title='bbox 138 1325 177 1361; x_wconf 90' lang='lat'>&amp;</span> <span class='ocrx_word' id='word_1_229' title='bbox 198 1323 342 1362; x_wconf 88' lang='lat' dir='ltr'>curatio</span> <span class='ocrx_word' id='word_1_230' title='bbox 364 1321 571 1362; x_wconf 78' lang='lat' dir='ltr'>fiffurarum</span> <span class='ocrx_word' id='word_1_231' title='bbox 590 1322 728 1361; x_wconf 89' lang='lat' dir='ltr'>Zionis</span> <span class='ocrx_word' id='word_1_232' title='bbox 750 1322 758 1361; x_wconf 76' lang='lat'><em>3</em></span> <span class='ocrx_word' id='word_1_233' title='bbox 789 1321 827 1360; x_wconf 88' lang='lat' dir='ltr'>Si</span> <span class='ocrx_word' id='word_1_234' title='bbox 846 1321 949 1362; x_wconf 87' lang='lat' dir='ltr'>nuda</span> <span class='ocrx_word' id='word_1_235' title='bbox 968 1321 1058 1362; x_wconf 72' lang='lat' dir='ltr'>fasti</span> <span class='ocrx_word' id='word_1_236' title='bbox 1076 1321 1260 1362; x_wconf 83' lang='lat' dir='ltr'>inficiatio</span> <span class='ocrx_word' id='word_1_237' title='bbox 1281 1326 1319 1362; x_wconf 89' lang='lat'>&amp;</span> <span class='ocrx_word' id='word_1_238' title='bbox 1342 1325 1495 1378; x_wconf 85' lang='lat' dir='ltr'>negatio</span> <span class='ocrx_word' id='word_1_239' title='bbox 1515 1324 1672 1375; x_wconf 88' lang='lat' dir='ltr'>sufficit,</span> <span class='ocrx_word' id='word_1_240' title='bbox 1701 1341 1782 1367; x_wconf 90' lang='lat' dir='ltr'>om-</span> 
     </span>
     <span class='ocr_line' id='line_1_21' title="bbox 58 1376 1783 1434; baseline 0.003 -17"><span class='ocrx_word' id='word_1_241' title='bbox 58 1391 126 1417; x_wconf 88' lang='lat' dir='ltr'>nes</span> <span class='ocrx_word' id='word_1_242' title='bbox 144 1377 455 1427; x_wconf 87' lang='lat' dir='ltr'>calumniatores,</span> <span class='ocrx_word' id='word_1_243' title='bbox 483 1376 686 1418; x_wconf 87' lang='lat' dir='ltr'>mendacio</span> <span class='ocrx_word' id='word_1_244' title='bbox 706 1380 745 1416; x_wconf 88' lang='lat'>&amp;</span> <span class='ocrx_word' id='word_1_245' title='bbox 766 1377 1004 1430; x_wconf 86' lang='lat' dir='ltr'>impudentia</span> <span class='ocrx_word' id='word_1_246' title='bbox 1034 1377 1202 1418; x_wconf 68' lang='lat' dir='ltr'>instrusti</span> <span class='ocrx_word' id='word_1_247' title='bbox 1213 1409 1226 1428; x_wconf 91' lang='lat'>,</span> <span class='ocrx_word' id='word_1_248' title='bbox 1245 1378 1431 1432; x_wconf 88' lang='lat' dir='ltr'>effugient</span> <span class='ocrx_word' id='word_1_249' title='bbox 1452 1396 1460 1419; x_wconf 74' lang='grc' dir='ltr'>ε</span> <span class='ocrx_word' id='word_1_250' title='bbox 1492 1391 1530 1420; x_wconf 89' lang='lat' dir='ltr'>at</span> <span class='ocrx_word' id='word_1_251' title='bbox 1560 1395 1635 1434; x_wconf 89' lang='lat' dir='ltr'>qua</span> <span class='ocrx_word' id='word_1_252' title='bbox 1655 1380 1783 1423; x_wconf 88' lang='lat' dir='ltr'>fronte</span> 
     </span>
     <span class='ocr_line' id='line_1_22' title="bbox 60 1431 1782 1487; baseline 0.003 -15"><span class='ocrx_word' id='word_1_253' title='bbox 60 1431 165 1472; x_wconf 88' lang='lat' dir='ltr'>ausus</span> <span class='ocrx_word' id='word_1_254' title='bbox 184 1433 236 1472; x_wconf 90' lang='lat' dir='ltr'>est</span> <span class='ocrx_word' id='word_1_255' title='bbox 257 1446 416 1486; x_wconf 89' lang='lat' dir='ltr'>negare,</span> <span class='ocrx_word' id='word_1_256' title='bbox 447 1446 546 1486; x_wconf 92' lang='lat' dir='ltr'>quae</span> <span class='ocrx_word' id='word_1_257' title='bbox 566 1433 637 1478; x_wconf 87' lang='lat' dir='ltr'>toti</span> <span class='ocrx_word' id='word_1_258' title='bbox 662 1432 811 1472; x_wconf 74' lang='lat' dir='ltr'>vcivitati</span> <span class='ocrx_word' id='word_1_259' title='bbox 835 1432 1026 1473; x_wconf 82' lang='lat' dir='ltr'>notissima</span> <span class='ocrx_word' id='word_1_260' title='bbox 1052 1432 1127 1473; x_wconf 78' lang='lat' dir='ltr'>esse</span> <span class='ocrx_word' id='word_1_261' title='bbox 1145 1433 1304 1484; x_wconf 81' lang='lat' dir='ltr'>sciebat,</span> <span class='ocrx_word' id='word_1_262' title='bbox 1325 1438 1365 1475; x_wconf 74' lang='grc' dir='ltr'>ὃ(</span> <span class='ocrx_word' id='word_1_263' title='bbox 1385 1448 1482 1487; x_wconf 88' lang='lat' dir='ltr'>quae</span> <span class='ocrx_word' id='word_1_264' title='bbox 1501 1450 1523 1475; x_wconf 90' lang='lat' dir='ltr'>a</span> <span class='ocrx_word' id='word_1_265' title='bbox 1550 1449 1612 1476; x_wconf 90' lang='lat' dir='ltr'>me</span> <span class='ocrx_word' id='word_1_266' title='bbox 1634 1436 1782 1478; x_wconf 89' lang='lat' dir='ltr'>dudum</span> 
     </span>
     <span class='ocr_line' id='line_1_23' title="bbox 60 1487 1783 1545; baseline 0.003 -18"><span class='ocrx_word' id='word_1_267' title='bbox 60 1501 186 1527; x_wconf 89' lang='lat' dir='ltr'>coram</span> <span class='ocrx_word' id='word_1_268' title='bbox 204 1487 502 1528; x_wconf 90' lang='lat' dir='ltr'>Tredecimviris</span> <span class='ocrx_word' id='word_1_269' title='bbox 522 1490 561 1526; x_wconf 89' lang='lat'>&amp;</span> <span class='ocrx_word' id='word_1_270' title='bbox 582 1500 746 1542; x_wconf 86' lang='lat' dir='ltr'>quatuor</span> <span class='ocrx_word' id='word_1_271' title='bbox 767 1487 962 1543; x_wconf 85' lang='lat' dir='ltr'>Delegatis</span> <span class='ocrx_word' id='word_1_272' title='bbox 983 1487 1021 1528; x_wconf 91' lang='lat' dir='ltr'>d.</span> <span class='ocrx_word' id='word_1_273' title='bbox 1045 1500 1109 1538; x_wconf 87' lang='lat'>24.</span> <span class='ocrx_word' id='word_1_274' title='bbox 1133 1488 1236 1542; x_wconf 86' lang='lat' dir='ltr'>Sept.</span> <span class='ocrx_word' id='word_1_275' title='bbox 1259 1492 1297 1527; x_wconf 88' lang='lat'>&amp;</span> <span class='ocrx_word' id='word_1_276' title='bbox 1327 1503 1365 1539; x_wconf 87' lang='lat'>9.</span> <span class='ocrx_word' id='word_1_277' title='bbox 1386 1490 1531 1530; x_wconf 70' lang='lat' dir='ltr'>Ostob.</span> <span class='ocrx_word' id='word_1_278' title='bbox 1569 1504 1685 1545; x_wconf 84' lang='lat'>1731.</span> <span class='ocrx_word' id='word_1_279' title='bbox 1716 1493 1783 1533; x_wconf 89' lang='lat' dir='ltr'>de-</span> 
     </span>
     <span class='ocr_line' id='line_1_24' title="bbox 60 1542 1786 1599; baseline 0.004 -17"><span class='ocrx_word' id='word_1_280' title='bbox 60 1542 264 1583; x_wconf 89' lang='lat' dir='ltr'>monstrata</span> <span class='ocrx_word' id='word_1_281' title='bbox 298 1542 404 1584; x_wconf 80' lang='lat' dir='ltr'>fuisse</span> <span class='ocrx_word' id='word_1_282' title='bbox 426 1544 602 1598; x_wconf 88' lang='lat' dir='ltr'>ignorare</span> <span class='ocrx_word' id='word_1_283' title='bbox 618 1542 682 1583; x_wconf 82' lang='lat' dir='ltr'>vix</span> <span class='ocrx_word' id='word_1_284' title='bbox 706 1553 857 1596; x_wconf 87' lang='lat' dir='ltr'>poterat</span> <span class='ocrx_word' id='word_1_285' title='bbox 877 1545 892 1582; x_wconf 90' lang='lat'>?</span> <span class='ocrx_word' id='word_1_286' title='bbox 922 1544 1010 1596; x_wconf 88' lang='lat' dir='ltr'>Age</span> <span class='ocrx_word' id='word_1_287' title='bbox 1031 1543 1057 1583; x_wconf 90' lang='lat' dir='ltr'>fi</span> <span class='ocrx_word' id='word_1_288' title='bbox 1079 1543 1208 1584; x_wconf 87' lang='lat' dir='ltr'>causae</span> <span class='ocrx_word' id='word_1_289' title='bbox 1227 1543 1313 1584; x_wconf 87' lang='lat' dir='ltr'>suae</span> <span class='ocrx_word' id='word_1_290' title='bbox 1331 1545 1514 1596; x_wconf 87' lang='lat' dir='ltr'>confidit,</span> <span class='ocrx_word' id='word_1_291' title='bbox 1535 1558 1640 1599; x_wconf 87' lang='lat' dir='ltr'>petat</span> <span class='ocrx_word' id='word_1_292' title='bbox 1658 1562 1681 1588; x_wconf 92' lang='lat' dir='ltr'>e</span> <span class='ocrx_word' id='word_1_293' title='bbox 1703 1548 1786 1589; x_wconf 89' lang='lat' dir='ltr'>Cu-</span> 
     </span>
     <span class='ocr_line' id='line_1_25' title="bbox 60 1597 1785 1654; baseline 0.004 -17"><span class='ocrx_word' id='word_1_294' title='bbox 60 1598 114 1637; x_wconf 91' lang='lat' dir='ltr'>ria</span> <span class='ocrx_word' id='word_1_295' title='bbox 134 1597 383 1638; x_wconf 86' lang='lat' dir='ltr'>Relationem</span> <span class='ocrx_word' id='word_1_296' title='bbox 403 1598 504 1638; x_wconf 84' lang='lat' dir='ltr'>illam</span> <span class='ocrx_word' id='word_1_297' title='bbox 527 1598 573 1637; x_wconf 87' lang='lat' dir='ltr'>ab</span> <span class='ocrx_word' id='word_1_298' title='bbox 593 1598 775 1638; x_wconf 58' lang='lat' dir='ltr'>Aetuario</span> <span class='ocrx_word' id='word_1_299' title='bbox 796 1598 1048 1651; x_wconf 88' lang='lat' dir='ltr'>Reipublicae</span> <span class='ocrx_word' id='word_1_300' title='bbox 1068 1598 1265 1652; x_wconf 89' lang='lat' dir='ltr'>scriptam,</span> <span class='ocrx_word' id='word_1_301' title='bbox 1295 1614 1371 1654; x_wconf 89' lang='lat' dir='ltr'>qua</span> <span class='ocrx_word' id='word_1_302' title='bbox 1394 1615 1473 1640; x_wconf 89' lang='lat' dir='ltr'>non</span> <span class='ocrx_word' id='word_1_303' title='bbox 1496 1602 1620 1643; x_wconf 88' lang='lat' dir='ltr'>minus</span> <span class='ocrx_word' id='word_1_304' title='bbox 1653 1604 1785 1644; x_wconf 86' lang='lat' dir='ltr'>mode-</span> 
     </span>
     <span class='ocr_line' id='line_1_26' title="bbox 60 1653 1787 1710; baseline 0.003 -18"><span class='ocrx_word' id='word_1_305' title='bbox 60 1653 114 1693; x_wconf 86' lang='lat' dir='ltr'>ste</span> <span class='ocrx_word' id='word_1_306' title='bbox 144 1666 258 1705; x_wconf 90' lang='lat' dir='ltr'>quam</span> <span class='ocrx_word' id='word_1_307' title='bbox 286 1653 485 1694; x_wconf 77' lang='lat' dir='ltr'>evidenter</span> <span class='ocrx_word' id='word_1_308' title='bbox 516 1653 625 1706; x_wconf 74' lang='lat' dir='ltr'>(cum</span> <span class='ocrx_word' id='word_1_309' title='bbox 648 1653 883 1693; x_wconf 83' lang='lat' dir='ltr'>accusatOres</span> <span class='ocrx_word' id='word_1_310' title='bbox 912 1654 987 1694; x_wconf 89' lang='lat' dir='ltr'>mei</span> <span class='ocrx_word' id='word_1_311' title='bbox 1016 1667 1152 1694; x_wconf 88' lang='lat' dir='ltr'>omnes</span> <span class='ocrx_word' id='word_1_312' title='bbox 1177 1654 1303 1694; x_wconf 88' lang='lat' dir='ltr'>adhuc</span> <span class='ocrx_word' id='word_1_313' title='bbox 1332 1656 1451 1696; x_wconf 71' lang='lat' dir='ltr'>essent</span> <span class='ocrx_word' id='word_1_314' title='bbox 1477 1656 1712 1710; x_wconf 81' lang='lat' dir='ltr'>superstites)</span> <span class='ocrx_word' id='word_1_315' title='bbox 1743 1675 1787 1698; x_wconf 90' lang='lat' dir='ltr'>o-</span> 
     </span>
     <span class='ocr_line' id='line_1_27' title="bbox 58 1706 1787 1760; baseline 0.003 -13"><span class='ocrx_word' id='word_1_316' title='bbox 58 1708 183 1748; x_wconf 87' lang='lat' dir='ltr'>stendi</span> <span class='ocrx_word' id='word_1_317' title='bbox 204 1722 213 1746; x_wconf 71' lang='grc' dir='ltr'>ε</span> <span class='ocrx_word' id='word_1_318' title='bbox 242 1708 394 1747; x_wconf 89' lang='lat' dir='ltr'>Notata</span> <span class='ocrx_word' id='word_1_319' title='bbox 411 1706 663 1747; x_wconf 89' lang='lat' dir='ltr'>studiosorum</span> <span class='ocrx_word' id='word_1_320' title='bbox 699 1707 838 1747; x_wconf 89' lang='lat' dir='ltr'>nullam</span> <span class='ocrx_word' id='word_1_321' title='bbox 859 1707 938 1746; x_wconf 89' lang='lat' dir='ltr'>vim</span> <span class='ocrx_word' id='word_1_322' title='bbox 958 1709 1149 1760; x_wconf 92' lang='lat' dir='ltr'>probandi</span> <span class='ocrx_word' id='word_1_323' title='bbox 1170 1709 1306 1749; x_wconf 81' lang='lat' dir='ltr'>habere</span> <span class='ocrx_word' id='word_1_324' title='bbox 1318 1732 1326 1756; x_wconf 87' lang='lat'>;</span> <span class='ocrx_word' id='word_1_325' title='bbox 1358 1711 1619 1751; x_wconf 87' lang='lat' dir='ltr'>Protocollum</span> <span class='ocrx_word' id='word_1_326' title='bbox 1641 1728 1661 1752; x_wconf 92' lang='lat' dir='ltr'>a</span> <span class='ocrx_word' id='word_1_327' title='bbox 1683 1713 1787 1753; x_wconf 90' lang='lat' dir='ltr'>falsa-</span> 
     </span>
     <span class='ocr_line' id='line_1_28' title="bbox 60 1761 1785 1820; baseline 0.004 -18"><span class='ocrx_word' id='word_1_328' title='bbox 60 1763 120 1802; x_wconf 90' lang='lat' dir='ltr'>rio</span> <span class='ocrx_word' id='word_1_329' title='bbox 140 1773 264 1802; x_wconf 89' lang='lat' dir='ltr'>totum</span> <span class='ocrx_word' id='word_1_330' title='bbox 284 1762 390 1803; x_wconf 81' lang='lat' dir='ltr'>fuisse</span> <span class='ocrx_word' id='word_1_331' title='bbox 416 1761 813 1815; x_wconf 47' lang='lat' dir='ltr'>postea‘confic‘tumw,</span> <span class='ocrx_word' id='word_1_332' title='bbox 844 1761 954 1801; x_wconf 86' lang='lat' dir='ltr'>testes</span> <span class='ocrx_word' id='word_1_333' title='bbox 980 1761 1192 1814; x_wconf 66' lang='lat' dir='ltr'>produstos</span> <span class='ocrx_word' id='word_1_334' title='bbox 1220 1764 1315 1802; x_wconf 84' lang='lat' dir='ltr'>nihil</span> <span class='ocrx_word' id='word_1_335' title='bbox 1347 1763 1502 1814; x_wconf 76' lang='lat' dir='ltr'>dixisse,</span> <span class='ocrx_word' id='word_1_336' title='bbox 1533 1780 1612 1820; x_wconf 92' lang='lat' dir='ltr'>quo</span> <span class='ocrx_word' id='word_1_337' title='bbox 1641 1769 1785 1809; x_wconf 84' lang='lat' dir='ltr'>accusa-</span> 
     </span>
     <span class='ocr_line' id='line_1_29' title="bbox 59 1816 1787 1872; baseline 0.005 -16"><span class='ocrx_word' id='word_1_338' title='bbox 59 1818 117 1857; x_wconf 90' lang='lat' dir='ltr'>tio</span> <span class='ocrx_word' id='word_1_339' title='bbox 139 1817 290 1870; x_wconf 88' lang='lat' dir='ltr'>probari</span> <span class='ocrx_word' id='word_1_340' title='bbox 316 1816 429 1872; x_wconf 80' lang='lat' dir='ltr'>possit</span> <span class='ocrx_word' id='word_1_341' title='bbox 449 1839 461 1865; x_wconf 87' lang='lat'>;</span> <span class='ocrx_word' id='word_1_342' title='bbox 492 1817 600 1857; x_wconf 67' lang='lat' dir='ltr'>Asta-</span> <span class='ocrx_word' id='word_1_343' title='bbox 619 1816 950 1870; x_wconf 58' lang='lat' dir='ltr'>Theologica‘sibi</span> <span class='ocrx_word' id='word_1_344' title='bbox 970 1816 1059 1870; x_wconf 87' lang='lat' dir='ltr'>ipfis</span> <span class='ocrx_word' id='word_1_345' title='bbox 1087 1818 1347 1859; x_wconf 86' lang='lat' dir='ltr'>contradicere</span> <span class='ocrx_word' id='word_1_346' title='bbox 1365 1849 1375 1868; x_wconf 94' lang='lat'>,</span> <span class='ocrx_word' id='word_1_347' title='bbox 1406 1823 1445 1858; x_wconf 71' lang='grc' dir='ltr'>ὅτ</span> <span class='ocrx_word' id='word_1_348' title='bbox 1475 1834 1555 1860; x_wconf 90' lang='lat' dir='ltr'>non</span> <span class='ocrx_word' id='word_1_349' title='bbox 1577 1823 1678 1862; x_wconf 91' lang='lat' dir='ltr'>bona</span> <span class='ocrx_word' id='word_1_350' title='bbox 1708 1824 1787 1865; x_wconf 83' lang='lat' dir='ltr'>fide</span> 
     </span>
     <span class='ocr_line' id='line_1_30' title="bbox 61 1870 1795 1929; baseline 0.004 -17"><span class='ocrx_word' id='word_1_351' title='bbox 61 1871 164 1913; x_wconf 85' lang='lat' dir='ltr'>edita</span> <span class='ocrx_word' id='word_1_352' title='bbox 175 1903 187 1923; x_wconf 89' lang='lat'>,</span> <span class='ocrx_word' id='word_1_353' title='bbox 200 1871 263 1912; x_wconf 90' lang='lat' dir='ltr'>sed</span> <span class='ocrx_word' id='word_1_354' title='bbox 286 1872 401 1912; x_wconf 89' lang='lat' dir='ltr'>multa</span> <span class='ocrx_word' id='word_1_355' title='bbox 413 1905 423 1921; x_wconf 94' lang='lat'>,</span> <span class='ocrx_word' id='word_1_356' title='bbox 434 1886 532 1926; x_wconf 91' lang='lat' dir='ltr'>quae</span> <span class='ocrx_word' id='word_1_357' title='bbox 545 1876 740 1925; x_wconf 84' lang='lat' dir='ltr'>nunquam</span> <span class='ocrx_word' id='word_1_358' title='bbox 753 1871 939 1925; x_wconf 61' lang='lat' dir='ltr'>producta</span> <span class='ocrx_word' id='word_1_359' title='bbox 958 1870 1108 1913; x_wconf 86' lang='lat' dir='ltr'>fuerant</span> <span class='ocrx_word' id='word_1_360' title='bbox 1119 1906 1128 1921; x_wconf 89' lang='lat'>‚</span> <span class='ocrx_word' id='word_1_361' title='bbox 1142 1872 1278 1912; x_wconf 89' lang='lat' dir='ltr'>inserta</span> <span class='ocrx_word' id='word_1_362' title='bbox 1287 1904 1298 1922; x_wconf 90' lang='lat'>,</span> <span class='ocrx_word' id='word_1_363' title='bbox 1311 1878 1348 1912; x_wconf 75' lang='grc' dir='ltr'>ὃ(</span> <span class='ocrx_word' id='word_1_364' title='bbox 1360 1901 1369 1918; x_wconf 85' lang='grc'><em>,</em></span> <span class='ocrx_word' id='word_1_365' title='bbox 1382 1888 1479 1928; x_wconf 87' lang='lat' dir='ltr'>quae</span> <span class='ocrx_word' id='word_1_366' title='bbox 1500 1876 1688 1929; x_wconf 62' lang='lat' dir='ltr'>produc‘ta</span> <span class='ocrx_word' id='word_1_367' title='bbox 1708 1878 1795 1919; x_wconf 74' lang='lat' dir='ltr'>fue-&#39;</span> 
     </span>
     <span class='ocr_line' id='line_1_31' title="bbox 60 1924 1786 1982; baseline 0.003 -15"><span class='ocrx_word' id='word_1_368' title='bbox 60 1938 145 1967; x_wconf 90' lang='lat' dir='ltr'>rant</span> <span class='ocrx_word' id='word_1_369' title='bbox 157 1927 310 1972; x_wconf 86' lang='lat' dir='ltr'>,omissa</span> <span class='ocrx_word' id='word_1_370' title='bbox 327 1939 391 1968; x_wconf 91' lang='lat' dir='ltr'>aut</span> <span class='ocrx_word' id='word_1_371' title='bbox 410 1928 606 1966; x_wconf 86' lang='lat' dir='ltr'>immutata</span> <span class='ocrx_word' id='word_1_372' title='bbox 627 1924 744 1966; x_wconf 67' lang='lat' dir='ltr'>fuiffiz.</span> <span class='ocrx_word' id='word_1_373' title='bbox 771 1927 882 1966; x_wconf 89' lang='lat' dir='ltr'>Haec</span> <span class='ocrx_word' id='word_1_374' title='bbox 903 1926 1018 1965; x_wconf 88' lang='lat' dir='ltr'>velim</span> <span class='ocrx_word' id='word_1_375' title='bbox 1036 1927 1226 1967; x_wconf 83' lang='lat' dir='ltr'>examinet</span> <span class='ocrx_word' id='word_1_376' title='bbox 1238 1928 1338 1977; x_wconf 67' lang='lat' dir='ltr'>&amp;5s1</span> <span class='ocrx_word' id='word_1_377' title='bbox 1358 1930 1482 1982; x_wconf 89' lang='lat' dir='ltr'>potest</span> <span class='ocrx_word' id='word_1_378' title='bbox 1494 1961 1504 1980; x_wconf 89' lang='lat'>,</span> <span class='ocrx_word' id='word_1_379' title='bbox 1517 1930 1661 1972; x_wconf 87' lang='lat' dir='ltr'>refellat</span> <span class='ocrx_word' id='word_1_380' title='bbox 1679 1932 1786 1973; x_wconf 69' lang='grc' dir='ltr'>κοιτσῖ</span> 
     </span>
     <span class='ocr_line' id='line_1_32' title="bbox 60 1980 1789 2035; baseline 0.005 -15"><span class='ocrx_word' id='word_1_381' title='bbox 60 1981 174 2021; x_wconf 57' lang='grc' dir='ltr'>πέδοι.</span> <span class='ocrx_word' id='word_1_382' title='bbox 232 1983 363 2035; x_wconf 81' lang='lat' dir='ltr'>Quam</span> <span class='ocrx_word' id='word_1_383' title='bbox 397 1982 565 2035; x_wconf 90' lang='lat' dir='ltr'>denique</span> <span class='ocrx_word' id='word_1_384' title='bbox 593 1980 874 2021; x_wconf 82' lang='lat' dir='ltr'>excusationem</span> <span class='ocrx_word' id='word_1_385' title='bbox 893 1981 1027 2021; x_wconf 83' lang='lat' dir='ltr'>afferet</span> <span class='ocrx_word' id='word_1_386' title='bbox 1043 2012 1054 2031; x_wconf 86' lang='lat'>‚</span> <span class='ocrx_word' id='word_1_387' title='bbox 1085 1982 1192 2035; x_wconf 91' lang='lat' dir='ltr'>quod</span> <span class='ocrx_word' id='word_1_388' title='bbox 1213 1983 1252 2022; x_wconf 91' lang='lat' dir='ltr'>in</span> <span class='ocrx_word' id='word_1_389' title='bbox 1275 1997 1362 2022; x_wconf 91' lang='lat' dir='ltr'>eum</span> <span class='ocrx_word' id='word_1_390' title='bbox 1384 1985 1445 2024; x_wconf 91' lang='lat' dir='ltr'>cui</span> <span class='ocrx_word' id='word_1_391' title='bbox 1468 1986 1594 2027; x_wconf 82' lang='lat' dir='ltr'>multis</span> <span class='ocrx_word' id='word_1_392' title='bbox 1622 1990 1789 2028; x_wconf 85' lang='lat' dir='ltr'>nomini-</span> 
     </span>
     <span class='ocr_line' id='line_1_33' title="bbox 60 2035 1788 2091; baseline 0.003 -14"><span class='ocrx_word' id='word_1_393' title='bbox 60 2037 128 2077; x_wconf 93' lang='lat' dir='ltr'>bus</span> <span class='ocrx_word' id='word_1_394' title='bbox 150 2037 337 2077; x_wconf 88' lang='lat' dir='ltr'>honorem</span> <span class='ocrx_word' id='word_1_395' title='bbox 358 2040 398 2076; x_wconf 90' lang='lat'>&amp;</span> <span class='ocrx_word' id='word_1_396' title='bbox 417 2037 666 2077; x_wconf 88' lang='lat' dir='ltr'>reverentiam</span> <span class='ocrx_word' id='word_1_397' title='bbox 686 2035 920 2086; x_wconf 90' lang='lat' dir='ltr'>debebat,in</span> <span class='ocrx_word' id='word_1_398' title='bbox 941 2037 1018 2076; x_wconf 85' lang='lat' dir='ltr'>Avi</span> <span class='ocrx_word' id='word_1_399' title='bbox 1041 2038 1240 2091; x_wconf 82' lang='lat' dir='ltr'>Aviaeque</span> <span class='ocrx_word' id='word_1_400' title='bbox 1258 2037 1343 2078; x_wconf 90' lang='lat' dir='ltr'>suae</span> <span class='ocrx_word' id='word_1_401' title='bbox 1364 2039 1653 2086; x_wconf 81' lang='lat' dir='ltr'>consobrinum,</span> <span class='ocrx_word' id='word_1_402' title='bbox 1677 2044 1715 2083; x_wconf 91' lang='lat' dir='ltr'>in</span> <span class='ocrx_word' id='word_1_403' title='bbox 1733 2046 1788 2083; x_wconf 90' lang='lat' dir='ltr'>A·</span> 
     </span>
     <span class='ocr_line' id='line_1_34' title="bbox 62 2090 1790 2146; baseline 0.005 -15"><span class='ocrx_word' id='word_1_404' title='bbox 62 2092 102 2132; x_wconf 90' lang='lat' dir='ltr'>vi</span> <span class='ocrx_word' id='word_1_405' title='bbox 122 2092 173 2132; x_wconf 91' lang='lat' dir='ltr'>sui</span> <span class='ocrx_word' id='word_1_406' title='bbox 196 2106 262 2146; x_wconf 89' lang='lat' dir='ltr'>per</span> <span class='ocrx_word' id='word_1_407' title='bbox 279 2106 400 2133; x_wconf 86' lang='lat' dir='ltr'>annos</span> <span class='ocrx_word' id='word_1_408' title='bbox 418 2093 572 2146; x_wconf 88' lang='lat' dir='ltr'>triginta</span> <span class='ocrx_word' id='word_1_409' title='bbox 595 2090 797 2146; x_wconf 89' lang='lat' dir='ltr'>Collegam</span> <span class='ocrx_word' id='word_1_410' title='bbox 818 2091 961 2140; x_wconf 88' lang='lat' dir='ltr'>fidum,</span> <span class='ocrx_word' id='word_1_411' title='bbox 981 2091 1215 2145; x_wconf 84' lang='lat' dir='ltr'>tandemque</span> <span class='ocrx_word' id='word_1_412' title='bbox 1235 2093 1274 2132; x_wconf 90' lang='lat' dir='ltr'>in</span> <span class='ocrx_word' id='word_1_413' title='bbox 1294 2107 1449 2135; x_wconf 91' lang='lat' dir='ltr'>munere</span> <span class='ocrx_word' id='word_1_414' title='bbox 1467 2096 1631 2138; x_wconf 87' lang='lat' dir='ltr'>Pastoris</span> <span class='ocrx_word' id='word_1_415' title='bbox 1650 2098 1790 2139; x_wconf 88' lang='lat' dir='ltr'>succes-</span> 
     </span>
     <span class='ocr_line' id='line_1_35' title="bbox 62 2146 1796 2207; baseline 0.004 -20"><span class='ocrx_word' id='word_1_416' title='bbox 62 2146 204 2197; x_wconf 85' lang='lat' dir='ltr'>sorem,</span> <span class='ocrx_word' id='word_1_417' title='bbox 234 2149 273 2186; x_wconf 95' lang='lat' dir='ltr'>in</span> <span class='ocrx_word' id='word_1_418' title='bbox 288 2148 411 2188; x_wconf 89' lang='lat' dir='ltr'>senem</span> <span class='ocrx_word' id='word_1_419' title='bbox 434 2148 623 2197; x_wconf 89' lang='lat' dir='ltr'>vicinum,</span> <span class='ocrx_word' id='word_1_420' title='bbox 645 2147 751 2200; x_wconf 86' lang='lat' dir='ltr'>cujus</span> <span class='ocrx_word' id='word_1_421' title='bbox 771 2147 1064 2190; x_wconf 83' lang='lat' dir='ltr'>catechumenus</span> <span class='ocrx_word' id='word_1_422' title='bbox 1085 2146 1228 2197; x_wconf 87' lang='lat' dir='ltr'>fuerat,</span> <span class='ocrx_word' id='word_1_423' title='bbox 1241 2163 1261 2187; x_wconf 93' lang='lat' dir='ltr'>a</span> <span class='ocrx_word' id='word_1_424' title='bbox 1277 2163 1355 2202; x_wconf 89' lang='lat' dir='ltr'>quo</span> <span class='ocrx_word' id='word_1_425' title='bbox 1378 2150 1479 2190; x_wconf 90' lang='lat' dir='ltr'>nulla</span> <span class='ocrx_word' id='word_1_426' title='bbox 1500 2166 1668 2206; x_wconf 91' lang='lat' dir='ltr'>unquam</span> <span class='ocrx_word' id='word_1_427' title='bbox 1689 2154 1796 2207; x_wconf 69' lang='lat' dir='ltr'>inju-</span> 
     </span>
     <span class='ocr_line' id='line_1_36' title="bbox 63 2202 1786 2256; baseline 0.005 -14"><span class='ocrx_word' id='word_1_428' title='bbox 63 2203 116 2242; x_wconf 89' lang='lat' dir='ltr'>ria</span> <span class='ocrx_word' id='word_1_429' title='bbox 136 2203 251 2242; x_wconf 88' lang='lat' dir='ltr'>laesus</span> <span class='ocrx_word' id='word_1_430' title='bbox 270 2215 348 2243; x_wconf 88' lang='lat' dir='ltr'>erat</span> <span class='ocrx_word' id='word_1_431' title='bbox 365 2234 377 2252; x_wconf 92' lang='lat'>,</span> <span class='ocrx_word' id='word_1_432' title='bbox 405 2215 484 2243; x_wconf 90' lang='lat' dir='ltr'>tam</span> <span class='ocrx_word' id='word_1_433' title='bbox 506 2203 739 2256; x_wconf 89' lang='lat' dir='ltr'>impotenter</span> <span class='ocrx_word' id='word_1_434' title='bbox 761 2215 875 2256; x_wconf 90' lang='lat' dir='ltr'>atque</span> <span class='ocrx_word' id='word_1_435' title='bbox 907 2202 1119 2255; x_wconf 90' lang='lat' dir='ltr'>petulanter</span> <span class='ocrx_word' id='word_1_436' title='bbox 1143 2204 1274 2243; x_wconf 91' lang='lat' dir='ltr'>invehi</span> <span class='ocrx_word' id='word_1_437' title='bbox 1306 2218 1385 2244; x_wconf 90' lang='lat' dir='ltr'>non</span> <span class='ocrx_word' id='word_1_438' title='bbox 1410 2206 1464 2246; x_wconf 88' lang='lat' dir='ltr'>est</span> <span class='ocrx_word' id='word_1_439' title='bbox 1493 2209 1632 2249; x_wconf 87' lang='lat' dir='ltr'>veritus</span> <span class='ocrx_word' id='word_1_440' title='bbox 1655 2211 1669 2248; x_wconf 87' lang='lat'>?</span> <span class='ocrx_word' id='word_1_441' title='bbox 1700 2224 1786 2250; x_wconf 91' lang='lat' dir='ltr'>cum</span> 
     </span>
     <span class='ocr_line' id='line_1_37' title="bbox 63 2257 1789 2310; baseline 0.004 -13"><span class='ocrx_word' id='word_1_442' title='bbox 63 2257 276 2310; x_wconf 88' lang='lat' dir='ltr'>praesertim</span> <span class='ocrx_word' id='word_1_443' title='bbox 298 2259 482 2299; x_wconf 89' lang='lat' dir='ltr'>Canones</span> <span class='ocrx_word' id='word_1_444' title='bbox 511 2260 651 2299; x_wconf 87' lang='lat' dir='ltr'>veteris</span> <span class='ocrx_word' id='word_1_445' title='bbox 668 2257 856 2298; x_wconf 76' lang='lat' dir='ltr'>Ecclesiae</span> <span class='ocrx_word' id='word_1_446' title='bbox 883 2258 929 2297; x_wconf 83' lang='lat' dir='ltr'>de</span> <span class='ocrx_word' id='word_1_447' title='bbox 949 2257 1116 2297; x_wconf 70' lang='lat' dir='ltr'>Clericis</span> <span class='ocrx_word' id='word_1_448' title='bbox 1136 2259 1340 2299; x_wconf 62' lang='lat' dir='ltr'>maledicis</span> <span class='ocrx_word' id='word_1_449' title='bbox 1363 2263 1534 2301; x_wconf 76' lang='lat' dir='ltr'>maxime</span> <span class='ocrx_word' id='word_1_450' title='bbox 1548 2265 1588 2302; x_wconf 84' lang='lat' dir='ltr'>in</span> <span class='ocrx_word' id='word_1_451' title='bbox 1613 2263 1789 2304; x_wconf 78' lang='lat' dir='ltr'>Sacerdo-</span> 
     </span>
     <span class='ocr_line' id='line_1_38' title="bbox 63 2312 1791 2371; baseline 0.005 -20"><span class='ocrx_word' id='word_1_452' title='bbox 63 2318 146 2363; x_wconf 75' lang='lat' dir='ltr'>tes,</span> <span class='ocrx_word' id='word_1_453' title='bbox 160 2317 199 2352; x_wconf 91' lang='lat'>&amp;</span> <span class='ocrx_word' id='word_1_454' title='bbox 219 2314 265 2352; x_wconf 79' lang='lat' dir='ltr'>de</span> <span class='ocrx_word' id='word_1_455' title='bbox 287 2312 350 2353; x_wconf 83' lang='lat' dir='ltr'>his</span> <span class='ocrx_word' id='word_1_456' title='bbox 372 2313 550 2367; x_wconf 72' lang='lat' dir='ltr'>qztz‘fallo</span> <span class='ocrx_word' id='word_1_457' title='bbox 572 2312 920 2366; x_wconf 70' lang='lat' dir='ltr'>accusantfratres</span> <span class='ocrx_word' id='word_1_458' title='bbox 932 2313 1028 2365; x_wconf 76' lang='lat' dir='ltr'>sitos</span> <span class='ocrx_word' id='word_1_459' title='bbox 1050 2316 1089 2352; x_wconf 65' lang='grc' dir='ltr'>ὃς</span> <span class='ocrx_word' id='word_1_460' title='bbox 1110 2313 1159 2354; x_wconf 89' lang='lat' dir='ltr'>de</span> <span class='ocrx_word' id='word_1_461' title='bbox 1182 2313 1331 2354; x_wconf 86' lang='lat' dir='ltr'>honore</span> <span class='ocrx_word' id='word_1_462' title='bbox 1352 2316 1551 2371; x_wconf 88' lang='lat' dir='ltr'>Episcopis</span> <span class='ocrx_word' id='word_1_463' title='bbox 1571 2319 1791 2361; x_wconf 86' lang='lat' dir='ltr'>exhibendo</span> 
     </span>
     <span class='ocr_line' id='line_1_39' title="bbox 62 2367 1791 2422; baseline 0.005 -15"><span class='ocrx_word' id='word_1_464' title='bbox 62 2367 206 2421; x_wconf 88' lang='lat' dir='ltr'>semper</span> <span class='ocrx_word' id='word_1_465' title='bbox 224 2369 262 2407; x_wconf 91' lang='lat' dir='ltr'>in</span> <span class='ocrx_word' id='word_1_466' title='bbox 284 2383 351 2408; x_wconf 88' lang='lat' dir='ltr'>ore</span> <span class='ocrx_word' id='word_1_467' title='bbox 371 2369 546 2419; x_wconf 88' lang='lat' dir='ltr'>haberet,</span> <span class='ocrx_word' id='word_1_468' title='bbox 575 2382 673 2422; x_wconf 90' lang='lat' dir='ltr'>quos</span> <span class='ocrx_word' id='word_1_469' title='bbox 701 2381 828 2409; x_wconf 84' lang='lat' dir='ltr'>tamen</span> <span class='ocrx_word' id='word_1_470' title='bbox 851 2374 929 2408; x_wconf 86' lang='lat' dir='ltr'>non</span> <span class='ocrx_word' id='word_1_471' title='bbox 952 2368 1030 2421; x_wconf 85' lang='lat' dir='ltr'>ipse</span> <span class='ocrx_word' id='word_1_472' title='bbox 1057 2368 1178 2408; x_wconf 90' lang='lat' dir='ltr'>solum</span> <span class='ocrx_word' id='word_1_473' title='bbox 1200 2384 1280 2411; x_wconf 90' lang='lat' dir='ltr'>non</span> <span class='ocrx_word' id='word_1_474' title='bbox 1303 2370 1490 2421; x_wconf 80' lang='lat' dir='ltr'>servavit,</span> <span class='ocrx_word' id='word_1_475' title='bbox 1529 2373 1592 2412; x_wconf 86' lang='lat' dir='ltr'>sed</span> <span class='ocrx_word' id='word_1_476' title='bbox 1621 2374 1670 2414; x_wconf 89' lang='lat' dir='ltr'>de</span> <span class='ocrx_word' id='word_1_477' title='bbox 1700 2376 1791 2415; x_wconf 91' lang='lat' dir='ltr'>obe-</span> 
     </span>
     <span class='ocr_line' id='line_1_40' title="bbox 61 2422 1787 2483; baseline 0.004 -21"><span class='ocrx_word' id='word_1_478' title='bbox 61 2422 203 2463; x_wconf 88' lang='lat' dir='ltr'>dientia</span> <span class='ocrx_word' id='word_1_479' title='bbox 231 2423 502 2465; x_wconf 80' lang='lat' dir='ltr'>Profefforibus</span> <span class='ocrx_word' id='word_1_480' title='bbox 529 2424 773 2478; x_wconf 88' lang='lat' dir='ltr'>Theologiae</span> <span class='ocrx_word' id='word_1_481' title='bbox 803 2424 876 2476; x_wconf 79' lang='lat' dir='ltr'>(de</span> <span class='ocrx_word' id='word_1_482' title='bbox 905 2424 1040 2477; x_wconf 86' lang='lat' dir='ltr'>quibus</span> <span class='ocrx_word' id='word_1_483' title='bbox 1062 2425 1199 2464; x_wconf 85' lang='lat' dir='ltr'>veteris</span> <span class='ocrx_word' id='word_1_484' title='bbox 1227 2424 1414 2466; x_wconf 82' lang='lat' dir='ltr'>Ecclesiae</span> <span class='ocrx_word' id='word_1_485' title='bbox 1437 2427 1617 2482; x_wconf 88' lang='lat' dir='ltr'>Episcopi</span> <span class='ocrx_word' id='word_1_486' title='bbox 1640 2443 1687 2468; x_wconf 90' lang='lat' dir='ltr'>ne</span> <span class='ocrx_word' id='word_1_487' title='bbox 1720 2443 1787 2483; x_wconf 84' lang='lat' dir='ltr'>per</span> 
     </span>
     <span class='ocr_line' id='line_1_41' title="bbox 64 2478 1791 2537; baseline 0.006 -20"><span class='ocrx_word' id='word_1_488' title='bbox 64 2479 251 2519; x_wconf 90' lang='lat' dir='ltr'>somnium</span> <span class='ocrx_word' id='word_1_489' title='bbox 289 2479 444 2532; x_wconf 86' lang='lat' dir='ltr'>quidem</span> <span class='ocrx_word' id='word_1_490' title='bbox 480 2479 766 2534; x_wconf 76' lang='lat' dir='ltr'>cogitaverunt)</span> <span class='ocrx_word' id='word_1_491' title='bbox 794 2493 817 2518; x_wconf 89' lang='lat' dir='ltr'>a</span> <span class='ocrx_word' id='word_1_492' title='bbox 848 2478 1022 2522; x_wconf 76' lang='lat' dir='ltr'>studiosis</span> <span class='ocrx_word' id='word_1_493' title='bbox 1048 2478 1198 2530; x_wconf 87' lang='lat' dir='ltr'>debita,</span> <span class='ocrx_word' id='word_1_494' title='bbox 1227 2481 1364 2534; x_wconf 77' lang='lat' dir='ltr'>insigni</span> <span class='ocrx_word' id='word_1_495' title='bbox 1393 2482 1453 2522; x_wconf 88' lang='lat' dir='ltr'>vel</span> <span class='ocrx_word' id='word_1_496' title='bbox 1483 2484 1697 2537; x_wconf 86' lang='lat' dir='ltr'>ignorantia</span> <span class='ocrx_word' id='word_1_497' title='bbox 1730 2485 1791 2526; x_wconf 87' lang='lat' dir='ltr'>vel</span> 
     </span>
     <span class='ocr_line' id='line_1_42' title="bbox 65 2532 597 2588; baseline 0.006 -16"><span class='ocrx_word' id='word_1_498' title='bbox 65 2532 216 2584; x_wconf 89' lang='lat' dir='ltr'>fraude,</span> <span class='ocrx_word' id='word_1_499' title='bbox 247 2534 301 2574; x_wconf 90' lang='lat' dir='ltr'>est</span> <span class='ocrx_word' id='word_1_500' title='bbox 321 2535 597 2588; x_wconf 86' lang='lat' dir='ltr'>interpretatus.</span> 
     </span>
    </p>

    <p class='ocr_par' dir='ltr' id='par_1_3' title="bbox 44 2588 1802 3251">
     <span class='ocr_line' id='line_1_43' title="bbox 44 2588 1793 2650; baseline 0.004 -22"><span class='ocrx_word' id='word_1_501' title='bbox 44 2630 46 2634; x_wconf 69' lang='lat'>,</span> <span class='ocrx_word' id='word_1_502' title='bbox 121 2589 275 2630; x_wconf 85' lang='lat' dir='ltr'>Exclusa</span> <span class='ocrx_word' id='word_1_503' title='bbox 294 2604 387 2644; x_wconf 87' lang='lat' dir='ltr'>ergo</span> <span class='ocrx_word' id='word_1_504' title='bbox 406 2591 541 2643; x_wconf 88' lang='lat' dir='ltr'>majori</span> <span class='ocrx_word' id='word_1_505' title='bbox 557 2590 783 2630; x_wconf 88' lang='lat' dir='ltr'>Senatorum</span> <span class='ocrx_word' id='word_1_506' title='bbox 804 2588 1150 2630; x_wconf 84' lang='lat' dir='ltr'>Ecclefiasticorum</span> <span class='ocrx_word' id='word_1_507' title='bbox 1173 2602 1298 2644; x_wconf 80' lang='lat' dir='ltr'>parte,</span> <span class='ocrx_word' id='word_1_508' title='bbox 1333 2592 1518 2646; x_wconf 88' lang='lat' dir='ltr'>reliquum</span> <span class='ocrx_word' id='word_1_509' title='bbox 1540 2605 1639 2644; x_wconf 86' lang='lat' dir='ltr'>erat,</span> <span class='ocrx_word' id='word_1_510' title='bbox 1654 2606 1694 2635; x_wconf 91' lang='lat' dir='ltr'>ut</span> <span class='ocrx_word' id='word_1_511' title='bbox 1714 2595 1793 2650; x_wconf 89' lang='lat' dir='ltr'>ipse</span> 
     </span>
     <span class='ocr_line' id='line_1_44' title="bbox 67 2642 1792 2698; baseline 0.004 -15"><span class='ocrx_word' id='word_1_512' title='bbox 67 2642 277 2698; x_wconf 82' lang='lat' dir='ltr'>Theologus</span> <span class='ocrx_word' id='word_1_513' title='bbox 309 2645 647 2685; x_wconf 76' lang='lat' dir='ltr'>extraordinarius</span> <span class='ocrx_word' id='word_1_514' title='bbox 671 2676 681 2694; x_wconf 91' lang='lat'>,</span> <span class='ocrx_word' id='word_1_515' title='bbox 711 2645 778 2698; x_wconf 89' lang='lat' dir='ltr'>qui</span> <span class='ocrx_word' id='word_1_516' title='bbox 809 2657 936 2684; x_wconf 90' lang='lat' dir='ltr'>tamen</span> <span class='ocrx_word' id='word_1_517' title='bbox 966 2645 1126 2685; x_wconf 90' lang='lat' dir='ltr'>Senator</span> <span class='ocrx_word' id='word_1_518' title='bbox 1149 2646 1426 2688; x_wconf 80' lang='lat' dir='ltr'>Ecclesiasticus</span> <span class='ocrx_word' id='word_1_519' title='bbox 1463 2661 1553 2688; x_wconf 91' lang='lat' dir='ltr'>tunc</span> <span class='ocrx_word' id='word_1_520' title='bbox 1583 2664 1664 2689; x_wconf 89' lang='lat' dir='ltr'>non</span> <span class='ocrx_word' id='word_1_521' title='bbox 1691 2663 1792 2697; x_wconf 80' lang='lat' dir='ltr'>erat,</span> 
     </span>
     <span class='ocr_line' id='line_1_45' title="bbox 66 2699 1793 2755; baseline 0.004 -16"><span class='ocrx_word' id='word_1_522' title='bbox 66 2699 209 2752; x_wconf 88' lang='lat' dir='ltr'>quippe</span> <span class='ocrx_word' id='word_1_523' title='bbox 229 2714 310 2739; x_wconf 91' lang='lat' dir='ltr'>non</span> <span class='ocrx_word' id='word_1_524' title='bbox 321 2700 369 2739; x_wconf 81' lang='lat' dir='ltr'>ad</span> <span class='ocrx_word' id='word_1_525' title='bbox 383 2699 590 2754; x_wconf 90' lang='lat' dir='ltr'>regendum</span> <span class='ocrx_word' id='word_1_526' title='bbox 605 2700 670 2740; x_wconf 90' lang='lat' dir='ltr'>sed</span> <span class='ocrx_word' id='word_1_527' title='bbox 691 2700 740 2740; x_wconf 89' lang='lat' dir='ltr'>ad</span> <span class='ocrx_word' id='word_1_528' title='bbox 759 2700 978 2740; x_wconf 88' lang='lat' dir='ltr'>docendum</span> <span class='ocrx_word' id='word_1_529' title='bbox 993 2713 1149 2741; x_wconf 87' lang='lat' dir='ltr'>vocatus</span> <span class='ocrx_word' id='word_1_530' title='bbox 1168 2701 1190 2754; x_wconf 68' lang='grc' dir='ltr'>ζ</span> <span class='ocrx_word' id='word_1_531' title='bbox 1194 2715 1228 2755; x_wconf 91' lang='lat' dir='ltr'>p.</span> <span class='ocrx_word' id='word_1_532' title='bbox 1248 2715 1261 2741; x_wconf 83' lang='lat'>1</span> <span class='ocrx_word' id='word_1_533' title='bbox 1275 2701 1362 2754; x_wconf 83' lang='lat'>87.)</span> <span class='ocrx_word' id='word_1_534' title='bbox 1374 2733 1385 2752; x_wconf 93' lang='lat'>,</span> <span class='ocrx_word' id='word_1_535' title='bbox 1397 2702 1472 2743; x_wconf 87' lang='lat' dir='ltr'>sese</span> <span class='ocrx_word' id='word_1_536' title='bbox 1492 2704 1530 2743; x_wconf 91' lang='lat' dir='ltr'>in</span> <span class='ocrx_word' id='word_1_537' title='bbox 1542 2705 1793 2746; x_wconf 83' lang='lat' dir='ltr'>Conventum</span> 
     </span>
     <span class='ocr_line' id='line_1_46' title="bbox 69 2752 1797 2809; baseline 0.006 -18"><span class='ocrx_word' id='word_1_538' title='bbox 69 2752 297 2804; x_wconf 87' lang='lat' dir='ltr'>intruderet,</span> <span class='ocrx_word' id='word_1_539' title='bbox 328 2758 368 2794; x_wconf 72' lang='grc' dir='ltr'>δε</span> <span class='ocrx_word' id='word_1_540' title='bbox 384 2769 464 2794; x_wconf 92' lang='lat' dir='ltr'>non</span> <span class='ocrx_word' id='word_1_541' title='bbox 485 2754 605 2795; x_wconf 90' lang='lat' dir='ltr'>solum</span> <span class='ocrx_word' id='word_1_542' title='bbox 626 2756 752 2809; x_wconf 87' lang='lat' dir='ltr'>primo</span> <span class='ocrx_word' id='word_1_543' title='bbox 771 2757 904 2796; x_wconf 89' lang='lat' dir='ltr'>unicus</span> <span class='ocrx_word' id='word_1_544' title='bbox 934 2755 1082 2796; x_wconf 89' lang='lat' dir='ltr'>delator</span> <span class='ocrx_word' id='word_1_545' title='bbox 1103 2783 1114 2801; x_wconf 90' lang='lat'>,</span> <span class='ocrx_word' id='word_1_546' title='bbox 1145 2757 1336 2797; x_wconf 87' lang='lat' dir='ltr'>accusator</span> <span class='ocrx_word' id='word_1_547' title='bbox 1372 2762 1409 2796; x_wconf 62' lang='grc' dir='ltr'>ἃ</span> <span class='ocrx_word' id='word_1_548' title='bbox 1439 2759 1562 2809; x_wconf 86' lang='lat' dir='ltr'>testis,</span> <span class='ocrx_word' id='word_1_549' title='bbox 1601 2775 1732 2801; x_wconf 84' lang='lat' dir='ltr'>verum</span> <span class='ocrx_word' id='word_1_550' title='bbox 1756 2775 1797 2801; x_wconf 90' lang='lat' dir='ltr'>e-</span> 
     </span>
     <span class='ocr_line' id='line_1_47' title="bbox 71 2807 1796 2868; baseline 0.005 -22"><span class='ocrx_word' id='word_1_551' title='bbox 71 2807 162 2846; x_wconf 88' lang='lat' dir='ltr'>tiam</span> <span class='ocrx_word' id='word_1_552' title='bbox 181 2809 320 2862; x_wconf 83' lang='lat' dir='ltr'>judex,</span> <span class='ocrx_word' id='word_1_553' title='bbox 341 2822 502 2863; x_wconf 85' lang='lat' dir='ltr'>praeco,</span> <span class='ocrx_word' id='word_1_554' title='bbox 521 2811 687 2851; x_wconf 56' lang='lat' dir='ltr'>difi&#39;tator</span> <span class='ocrx_word' id='word_1_555' title='bbox 709 2814 748 2850; x_wconf 76' lang='grc' dir='ltr'>δε</span> <span class='ocrx_word' id='word_1_556' title='bbox 771 2810 941 2852; x_wconf 71' lang='lat' dir='ltr'>carnifex</span> <span class='ocrx_word' id='word_1_557' title='bbox 959 2814 997 2850; x_wconf 89' lang='lat'>&amp;</span> <span class='ocrx_word' id='word_1_558' title='bbox 1017 2812 1148 2850; x_wconf 88' lang='lat' dir='ltr'>omnia</span> <span class='ocrx_word' id='word_1_559' title='bbox 1165 2811 1256 2852; x_wconf 77' lang='lat' dir='ltr'>esset</span> <span class='ocrx_word' id='word_1_560' title='bbox 1269 2843 1279 2862; x_wconf 87' lang='lat'>‚</span> <span class='ocrx_word' id='word_1_561' title='bbox 1300 2816 1339 2851; x_wconf 71' lang='grc' dir='ltr'>ὃ(</span> <span class='ocrx_word' id='word_1_562' title='bbox 1355 2826 1421 2865; x_wconf 89' lang='lat' dir='ltr'>per</span> <span class='ocrx_word' id='word_1_563' title='bbox 1441 2812 1528 2853; x_wconf 90' lang='lat' dir='ltr'>falsa</span> <span class='ocrx_word' id='word_1_564' title='bbox 1549 2814 1739 2868; x_wconf 80' lang='lat' dir='ltr'>supposita</span> <span class='ocrx_word' id='word_1_565' title='bbox 1756 2819 1796 2855; x_wconf 91' lang='lat'>&amp;</span> 
     </span>
     <span class='ocr_line' id='line_1_48' title="bbox 71 2865 1799 2916; baseline 0.006 -17"><span class='ocrx_word' id='word_1_566' title='bbox 71 2874 236 2913; x_wconf 89' lang='lat' dir='ltr'>narrata,</span> <span class='ocrx_word' id='word_1_567' title='bbox 263 2874 346 2904; x_wconf 88' lang='lat' dir='ltr'>tum</span> <span class='ocrx_word' id='word_1_568' title='bbox 374 2866 601 2906; x_wconf 85' lang='lat' dir='ltr'>avunculum</span> <span class='ocrx_word' id='word_1_569' title='bbox 630 2866 735 2907; x_wconf 89' lang='lat' dir='ltr'>suum</span> <span class='ocrx_word' id='word_1_570' title='bbox 749 2897 760 2916; x_wconf 88' lang='lat'>,</span> <span class='ocrx_word' id='word_1_571' title='bbox 781 2877 862 2907; x_wconf 91' lang='lat' dir='ltr'>tum</span> <span class='ocrx_word' id='word_1_572' title='bbox 884 2865 946 2905; x_wconf 90' lang='lat' dir='ltr'>Cl.</span> <span class='ocrx_word' id='word_1_573' title='bbox 968 2866 1116 2906; x_wconf 91' lang='lat' dir='ltr'>Iselium</span> <span class='ocrx_word' id='word_1_574' title='bbox 1130 2894 1139 2912; x_wconf 88' lang='lat'>,</span> <span class='ocrx_word' id='word_1_575' title='bbox 1160 2878 1202 2906; x_wconf 91' lang='lat' dir='ltr'>ut</span> <span class='ocrx_word' id='word_1_576' title='bbox 1220 2867 1402 2915; x_wconf 87' lang='lat' dir='ltr'>diximus,</span> <span class='ocrx_word' id='word_1_577' title='bbox 1424 2880 1503 2909; x_wconf 88' lang='lat' dir='ltr'>tum</span> <span class='ocrx_word' id='word_1_578' title='bbox 1516 2869 1609 2909; x_wconf 90' lang='lat' dir='ltr'>alius</span> <span class='ocrx_word' id='word_1_579' title='bbox 1620 2870 1716 2910; x_wconf 88' lang='lat' dir='ltr'>duos</span> <span class='ocrx_word' id='word_1_580' title='bbox 1728 2869 1799 2910; x_wconf 91' lang='lat' dir='ltr'>Vi-</span> 
     </span>
     <span class='ocr_line' id='line_1_49' title="bbox 72 2920 1799 2978; baseline 0.006 -24"><span class='ocrx_word' id='word_1_581' title='bbox 72 2928 134 2954; x_wconf 92' lang='lat' dir='ltr'>ros</span> <span class='ocrx_word' id='word_1_582' title='bbox 152 2930 271 2971; x_wconf 91' lang='lat' dir='ltr'>prope</span> <span class='ocrx_word' id='word_1_583' title='bbox 289 2920 576 2973; x_wconf 61' lang='lat' dir='ltr'>octogenarios,</span> <span class='ocrx_word' id='word_1_584' title='bbox 590 2932 671 2962; x_wconf 88' lang='lat' dir='ltr'>tum</span> <span class='ocrx_word' id='word_1_585' title='bbox 692 2921 859 2975; x_wconf 90' lang='lat' dir='ltr'>denique</span> <span class='ocrx_word' id='word_1_586' title='bbox 882 2920 1002 2974; x_wconf 89' lang='lat' dir='ltr'>ipsum</span> <span class='ocrx_word' id='word_1_587' title='bbox 1014 2934 1225 2963; x_wconf 87' lang='lat' dir='ltr'>conventus</span> <span class='ocrx_word' id='word_1_588' title='bbox 1252 2923 1467 2963; x_wconf 81' lang='lat' dir='ltr'>Praesidem</span> <span class='ocrx_word' id='word_1_589' title='bbox 1479 2951 1489 2967; x_wconf 85' lang='lat'>,</span> <span class='ocrx_word' id='word_1_590' title='bbox 1502 2926 1568 2978; x_wconf 89' lang='lat' dir='ltr'>qui</span> <span class='ocrx_word' id='word_1_591' title='bbox 1580 2937 1707 2965; x_wconf 82' lang='lat' dir='ltr'>tamen</span> <span class='ocrx_word' id='word_1_592' title='bbox 1728 2925 1799 2966; x_wconf 84' lang='lat' dir='ltr'>suf-</span> 
     </span>
     <span class='ocr_line' id='line_1_50' title="bbox 73 2969 1799 3033; baseline 0.006 -24"><span class='ocrx_word' id='word_1_593' title='bbox 73 2969 233 3024; x_wconf 83' lang='lat' dir='ltr'>fragium</span> <span class='ocrx_word' id='word_1_594' title='bbox 253 2987 331 3012; x_wconf 90' lang='lat' dir='ltr'>non</span> <span class='ocrx_word' id='word_1_595' title='bbox 350 2975 530 3021; x_wconf 87' lang='lat' dir='ltr'>habebat,</span> <span class='ocrx_word' id='word_1_596' title='bbox 543 2978 685 3031; x_wconf 88' lang='lat' dir='ltr'>quique</span> <span class='ocrx_word' id='word_1_597' title='bbox 706 2976 860 3032; x_wconf 87' lang='lat' dir='ltr'>deJure</span> <span class='ocrx_word' id='word_1_598' title='bbox 880 2988 1043 3031; x_wconf 88' lang='lat' dir='ltr'>quatuor</span> <span class='ocrx_word' id='word_1_599' title='bbox 1055 2978 1328 3030; x_wconf 87' lang='lat' dir='ltr'>Delegatorum</span> <span class='ocrx_word' id='word_1_600' title='bbox 1344 2978 1392 3017; x_wconf 88' lang='lat' dir='ltr'>ad</span> <span class='ocrx_word' id='word_1_601' title='bbox 1407 2993 1493 3018; x_wconf 91' lang='lat' dir='ltr'>eum</span> <span class='ocrx_word' id='word_1_602' title='bbox 1504 2979 1620 3033; x_wconf 89' lang='lat' dir='ltr'>usque</span> <span class='ocrx_word' id='word_1_603' title='bbox 1639 2979 1741 3020; x_wconf 89' lang='lat' dir='ltr'>diem</span> <span class='ocrx_word' id='word_1_604' title='bbox 1762 2995 1799 3019; x_wconf 86' lang='lat' dir='ltr'>a·</span> 
     </span>
     <span class='ocr_line' id='line_1_51' title="bbox 74 3026 1801 3087; baseline 0.006 -23"><span class='ocrx_word' id='word_1_605' title='bbox 74 3037 180 3078; x_wconf 89' lang='lat' dir='ltr'>perte</span> <span class='ocrx_word' id='word_1_606' title='bbox 199 3026 438 3083; x_wconf 85' lang='lat' dir='ltr'>aTheologo</span> <span class='ocrx_word' id='word_1_607' title='bbox 450 3032 749 3071; x_wconf 73' lang='lat' dir='ltr'>eXtraordinario</span> <span class='ocrx_word' id='word_1_608' title='bbox 778 3030 1016 3081; x_wconf 75' lang='lat' dir='ltr'>dissenserat,</span> <span class='ocrx_word' id='word_1_609' title='bbox 1038 3032 1104 3072; x_wconf 87' lang='lat' dir='ltr'>fibi</span> <span class='ocrx_word' id='word_1_610' title='bbox 1126 3031 1248 3073; x_wconf 83' lang='lat' dir='ltr'>socios</span> <span class='ocrx_word' id='word_1_611' title='bbox 1269 3032 1515 3087; x_wconf 77' lang='lat' dir='ltr'>adiungeret,</span> <span class='ocrx_word' id='word_1_612' title='bbox 1532 3034 1610 3087; x_wconf 89' lang='lat' dir='ltr'>ipse</span> <span class='ocrx_word' id='word_1_613' title='bbox 1632 3049 1724 3075; x_wconf 88' lang='lat' dir='ltr'>vero</span> <span class='ocrx_word' id='word_1_614' title='bbox 1744 3049 1801 3074; x_wconf 82' lang='lat' dir='ltr'>re-</span> 
     </span>
     <span class='ocr_line' id='line_1_52' title="bbox 74 3080 1802 3139; baseline 0.005 -21"><span class='ocrx_word' id='word_1_615' title='bbox 74 3093 191 3133; x_wconf 85' lang='lat' dir='ltr'>gnum</span> <span class='ocrx_word' id='word_1_616' title='bbox 203 3080 388 3123; x_wconf 87' lang='lat' dir='ltr'>obtineret</span> <span class='ocrx_word' id='word_1_617' title='bbox 410 3082 424 3128; x_wconf 70' lang='grc' dir='ltr'><strong>ὃ</strong></span> <span class='ocrx_word' id='word_1_618' title='bbox 445 3085 807 3135; x_wconf 72' lang='grc' dir='ltr'>ἀλλοτριοεπῖσκοπος</span> <span class='ocrx_word' id='word_1_619' title='bbox 820 3114 829 3132; x_wconf 69' lang='lat' dir='ltr'>a</span> <span class='ocrx_word' id='word_1_620' title='bbox 842 3088 867 3138; x_wconf 53' lang='grc' dir='ltr'><em>ὲ</em></span> <span class='ocrx_word' id='word_1_621' title='bbox 889 3085 1150 3137; x_wconf 71' lang='grc' dir='ltr'>Φιλοπρωτεῦων</span> <span class='ocrx_word' id='word_1_622' title='bbox 1162 3086 1347 3139; x_wconf 48' lang='lat' dir='ltr'>Acer-pavis</span> <span class='ocrx_word' id='word_1_623' title='bbox 1359 3116 1369 3134; x_wconf 83' lang='grc'>,</span> <span class='ocrx_word' id='word_1_624' title='bbox 1382 3090 1497 3137; x_wconf 69' lang='grc' dir='ltr'>λέγοις</span> <span class='ocrx_word' id='word_1_625' title='bbox 1517 3089 1662 3139; x_wconf 65' lang='grc' dir='ltr'><em>πονηροῖς</em></span> <span class='ocrx_word' id='word_1_626' title='bbox 1681 3096 1802 3132; x_wconf 61' lang='lat' dir='ltr'>&lt;vmac-</span> 
     </span>
     <span class='ocr_line' id='line_1_53' title="bbox 74 3133 1802 3196; baseline 0.006 -24"><span class='ocrx_word' id='word_1_627' title='bbox 74 3133 131 3185; x_wconf 72' lang='grc' dir='ltr'>ρῶν</span> <span class='ocrx_word' id='word_1_628' title='bbox 150 3133 240 3182; x_wconf 38' lang='lat' dir='ltr'>{ruff-3</span> <span class='ocrx_word' id='word_1_629' title='bbox 253 3162 263 3180; x_wconf 86' lang='lat'>‚</span> <span class='ocrx_word' id='word_1_630' title='bbox 292 3140 317 3187; x_wconf 51' lang='lat'>&gt;43</span> <span class='ocrx_word' id='word_1_631' title='bbox 331 3135 368 3174; x_wconf 72' lang='grc' dir='ltr'>ἐκ</span> <span class='ocrx_word' id='word_1_632' title='bbox 389 3137 449 3179; x_wconf 53' lang='grc' dir='ltr'>τῖς</span> <span class='ocrx_word' id='word_1_633' title='bbox 469 3139 657 3185; x_wconf 66' lang='grc' dir='ltr'>ἐκκλησίας</span> <span class='ocrx_word' id='word_1_634' title='bbox 678 3139 878 3185; x_wconf 67' lang='grc' dir='ltr'>ἐκβάλλων.</span> <span class='ocrx_word' id='word_1_635' title='bbox 908 3143 1014 3182; x_wconf 90' lang='lat' dir='ltr'>Huic</span> <span class='ocrx_word' id='word_1_636' title='bbox 1041 3142 1198 3183; x_wconf 71' lang='lat' dir='ltr'>faffioni</span> <span class='ocrx_word' id='word_1_637' title='bbox 1215 3157 1275 3183; x_wconf 91' lang='lat' dir='ltr'>me</span> <span class='ocrx_word' id='word_1_638' title='bbox 1292 3145 1533 3196; x_wconf 88' lang='lat' dir='ltr'>oppugnanti</span> <span class='ocrx_word' id='word_1_639' title='bbox 1555 3158 1641 3183; x_wconf 90' lang='lat' dir='ltr'>cum</span> <span class='ocrx_word' id='word_1_640' title='bbox 1663 3143 1802 3182; x_wconf 84' lang='lat' dir='ltr'>resiste-</span> 
     </span>
     <span class='ocr_line' id='line_1_54' title="bbox 74 3190 1801 3251; baseline 0.002 -21"><span class='ocrx_word' id='word_1_641' title='bbox 74 3203 152 3230; x_wconf 82' lang='lat' dir='ltr'>rem</span> <span class='ocrx_word' id='word_1_642' title='bbox 165 3190 295 3241; x_wconf 86' lang='lat' dir='ltr'>,causa</span> <span class='ocrx_word' id='word_1_643' title='bbox 312 3205 393 3231; x_wconf 90' lang='lat' dir='ltr'>non</span> <span class='ocrx_word' id='word_1_644' title='bbox 413 3205 512 3244; x_wconf 86' lang='lat' dir='ltr'>erat,</span> <span class='ocrx_word' id='word_1_645' title='bbox 527 3209 593 3236; x_wconf 90' lang='lat' dir='ltr'>cur</span> <span class='ocrx_word' id='word_1_646' title='bbox 613 3194 828 3250; x_wconf 82' lang='lat' dir='ltr'>nuperrime</span> <span class='ocrx_word' id='word_1_647' title='bbox 849 3197 1019 3250; x_wconf 48' lang='lat' dir='ltr'>quidam*</span> <span class='ocrx_word' id='word_1_648' title='bbox 1029 3212 1090 3238; x_wconf 92' lang='lat' dir='ltr'>me</span> <span class='ocrx_word' id='word_1_649' title='bbox 1109 3197 1212 3251; x_wconf 89' lang='lat' dir='ltr'>apud</span> <span class='ocrx_word' id='word_1_650' title='bbox 1223 3198 1314 3237; x_wconf 90' lang='lat' dir='ltr'>Em.</span> <span class='ocrx_word' id='word_1_651' title='bbox 1328 3197 1575 3237; x_wconf 73' lang='lat' dir='ltr'>Cardinalem</span> <span class='ocrx_word' id='word_1_652' title='bbox 1585 3197 1801 3250; x_wconf 51' lang='lat' dir='ltr'>‘Quirinum</span> 
     </span>
    </p>

    <p class='ocr_par' dir='ltr' id='par_1_4' title="bbox 900 3251 1804 3303">
     <span class='ocr_line' id='line_1_55' title="bbox 900 3251 1804 3303; baseline 0.002 -13"><span class='ocrx_word' id='word_1_653' title='bbox 900 3251 977 3291; x_wconf 94' lang='lat' dir='ltr'>Dd</span> <span class='ocrx_word' id='word_1_654' title='bbox 1009 3264 1029 3303; x_wconf 86' lang='lat'><em>3</em></span> <span class='ocrx_word' id='word_1_655' title='bbox 1696 3265 1804 3292; x_wconf 89' lang='lat' dir='ltr'>accu-</span> 
     </span>
    </p>
   </div>
  </div>
 </body>
</html>
