1976 3519
484 178 1478 222 PROLEGOMENA.
1795 195 1845 233 19

153 268 265 322 Qud
294 269 433 323 igitur?
463 281 692 323 quemquam
721 268 1015 307 Acoemz'tarum
1039 265 1404 317 Constantinopoli,
1438 266 1496 307 vel
1526 265 1763 307 librariorum
1790 270 1843 308 A·

99 323 313 365 lex-„tndnae
333 337 408 364 tam
429 323 536 364 fuisse
556 324 727 376 Linguae
748 323 905 361 Latinae
927 322 1089 373 peritum
1111 351 1123 369 ,
1146 333 1197 372 ·ut
1215 321 1329 360 libros
1349 320 1469 361 sacros
1488 336 1533 362 ex
1562 322 1632 362 hac
1654 322 1781 376 lingua
1804 325 1841 363 in

100 378 288 418 Gmeram
312 392 533 419 convertere
554 378 739 426 potuerit,
771 380 811 415 &
832 389 910 416 tam
931 377 1103 429 ineptum
1132 388 1246 428 atque
1277 376 1562 427 impudentem,
1594 391 1635 418 ut
1656 378 1697 417 id
1721 377 1843 418 facere

97 433 284 474 voluerit?
305 429 392 472 '‘Avm
418 431 572 480 mimi„
595 430 676 482 ἱερῶν
694 433 823 483 χωρέσι
846 428 995 479 ways&
1014 430 1164 470 Etiamsi
1179 444 1257 470 non
1277 429 1367 471 estet
1381 462 1390 478 ,
1410 431 1518 484 quod
1541 432 1590 472 ad
1613 433 1711 472 hanc
1728 447 1842 486 quae-

99 489 259 529 stionem
289 488 600 541 responderemus
621 515 631 532 ,
663 488 752 527 inde
784 499 912 525 tamen
945 486 1102 526 minime
1130 485 1446 538 consequeretur,
1477 500 1557 525 non
1590 487 1841 529 demonstrari

99 543 227 596 posse,
257 547 361 596 quoi
384 546 423 581 &
438 544 541 596 jam,
570 543 609 581 ni
633 541 765 585 fallor,
796 540 1097 581 demonstratum
1127 540 1181 580 est
1205 571 1216 589 ,
1248 543 1287 579 ὃ(
1308 540 1437 594 postea
1458 554 1503 581 ex
1526 540 1607 581 aliis
1626 543 1841 585 Codicibus

99 598 416 638 demonstrabitur
483 598 521 638 Si
544 609 671 637 tamen
695 596 903 636 Historiam
928 595 1220 635 Ecclesiasticam
1241 595 1400 635 velimus
1429 596 1643 644 consulere,
1673 599 1840 649 patebit,-

96 653 176 706 jam
197 652 286 692 inde
305 667 325 691 a
343 652 467 692 seculo
489 664 647 706 quarto,
679 665 765 692 cum
786 652 881 691 ortis
902 649 1169 691 controversiis
1192 649 1378 690 Ecclesiae
1402 652 1571 691 Graecae
1591 652 1780 693 Dostores
1798 655 1840 694 in

100 708 193 747 duas
217 721 340 761 partes
361 706 644 756 scinderentur,
675 707 853 761 ingenio,
881 706 1101 760 eloquentia
1123 708 1162 744 &
1191 719 1351 745 numero
1372 719 1519 746 tantum
1543 721 1622 746 non
1643 708 1839 762 aequales,

99 776 181 802 eam
202 775 344 815 partem
357 793 368 812 ,
399 776 496 816 quae
517 764 666 802 vincere
687 762 862 815 cupiebat
875 789 883 804 ,
917 761 1088 801 Romam
1107 759 1334 814 confugisse,
1366 760 1675 816 majestatemque
1706 763 1840 805 Ponti.

100 816 181 856 ficis
200 830 361 857 comiter
381 816 552 861 coluisse.
574 831 698 871 eoque
716 817 831 870 pafto
853 815 1037 869 oppressis
1059 829 1125 868 per
1143 815 1371 855 Pontificem
1392 819 1430 854 ὃ(
1455 816 1664 870 Episcopos
1681 818 1840 860 Latinos

98 871 318 912 adversariis
338 872 601 925 praevaluisse‚
631 884 745 925 atque
765 871 1039 911 orthodoxiam
1061 872 1099 910 in
1113 870 1302 910 Conciliis
1323 870 1544 911 stabilivisse.
1560 875 1661 912 leam
1683 874 1734 913 ob
1752 890 1839 915 cau-

98 926 175 966 sam
201 926 444 975 Athanaffus
471 941 551 967 non
582 926 660 968 sine
690 927 873 966 comitatu
900 927 1069 966 Romam
1100 926 1229 978 petiit,
1261 925 1462 980 pluresque
1481 941 1604 967 annos
1624 928 1674 968 ibi
1697 929 1837 979 haesit;

98 982 269 1025 Romam
291 981 385 1021 adiit
406 982 521 1022 etiam
552 982 706 1022 <Petrus
727 981 809 1035 ejus
831 980 1032 1030 successor,
1066 983 1104 1019 &
1124 979 1248 1020 seculo
1269 982 1407 1034 quinto
1427 981 1608 1034 Joannes
1631 983 1764 1024 itidem
1791 986 1839 1024 E-

98 1036 275 1090 piscopus
306 1036 605 1084 Alexandrinus,
637 1050 716 1090 quo
746 1048 920 1089 tempore
948 1037 1064 1076 etiam
1095 1036 1295 1075 Simeones
1324 1036 1536 1077 monachus
1565 1038 1837 1093 Acoemiterfis

99 1091 441 1146 Constantinopoli
461 1093 632 1133 Romam
654 1090 781 1131 missus
798 1091 875 1140 est,
905 1091 997 1131 teste
1018 1092 1202 1144 Evagrio
1223 1090 1275 1130 H.
1301 1091 1341 1130 E.
1368 1090 1432 1130 111.
1462 1104 1522 1138 19.
1553 1106 1614 1133 21.
1654 1094 1758 1135 Cum
1779 1111 1837 1137 er-

99 1161 151 1201 go
172 1150 210 1186 &
237 1146 482 1187 Alexandrini
504 1151 542 1187 &
564 1145 987 1200 Constantinopolitani
1009 1157 1099 1185 tunc
1120 1146 1304 1198 temporis
1327 1145 1543 1199 frequenter
1567 1148 1737 1190 Romam
1757 1152 1838 1192 adi-

99 1213 206 1251 rent,
237 1202 364 1255 ibique
384 1201 524 1247 diutius
543 1214 893 1249 commorarentur,
923 1200 1031 1241 facile
1052 1200 1319 1254 intelligimus,
1349 1201 1433 1240 illos
1454 1205 1491 1240 &
1511 1202 1674 1256 aliquam
1698 1205 1838 1247 sermo-

99 1257 158 1296 nis
181 1257 305 1297 Latini
331 1258 508 1298 notitiam
529 1260 566 1296 &
585 1271 702 1298 unum
724 1256 930 1296 alterumve
948 1256 1141 1309 exemplar
1160 1256 1354 1295 Versionis
1373 1256 1523 1297 Italicae
1553 1257 1619 1298 fibi
1640 1274 1838 1315 compara-

99 1326 138 1351 re
161 1312 343 1364 pomiffe,
374 1315 412 1351 &
430 1312 590 1352 domum
612 1312 789 1361 reduces,
813 1312 871 1351 vel
893 1324 932 1351 ut
954 1312 1119 1360 Latinis,
1141 1325 1304 1364 quorum
1327 1312 1466 1351 auxilio
1486 1313 1732 1369 indigebant,
1755 1332 1838 1372 gra-

99 1379 178 1407 tum
203 1366 386 1411 facerent,
418 1367 475 1407 vel
498 1380 538 1408 ut
561 1380 710 1421 tempus
731 1365 923 1411 fallerent,
954 1366 1071 1420 (quid
1093 1367 1198 1406 enim
1220 1379 1298 1405 tam
1320 1367 1491 1420 ineptum
1512 1368 1587 1417 est,
1618 1371 1725 1423 quod
1748 1374 1839 1414 Mo-

101 1421 226 1461 nacho
246 1422 372 1462 otioso
396 1423 433 1461 in
456 1434 622 1462 mentem
645 1423 774 1462 venire
798 1436 876 1461 non
898 1420 1104 1475 potuerit&
1117 1420 1288 1461 Codices
1299 1422 1470 1462 Graecos
1488 1437 1533 1462 ex
1546 1423 1691 1465 Latinis
1709 1441 1839 1469 emen-

100 1476 191 1517 dare
222 1478 279 1518 vel
309 1491 550 1532 corrumpere
570 1478 697 1530 potius
718 1476 824 1516 fuisse
854 1476 1053 1531 aggreffos.
1112 1476 1362 1516 Athanasium
1381 1489 1482 1516 certe
1501 1478 1653 1532 linguae
1680 1482 1839 1525 Latinae

101 1546 181 1572 non
200 1531 305 1572 fuisse
324 1533 541 1585 imperitum
562 1532 678 1572 docet
696 1532 868 1572 Historia
891 1531 992 1584 apud
1005 1531 1259 1576 sozomenum
1284 1532 1337 1571 H.
1361 1532 1413 1576 E,
1431 1545 1490 1570 iv.
1517 1546 1577 1573 10.
1599 1534 1666 1575 Ne
1680 1536 1760 1589 jam
1781 1539 1841 1580 di-

100 1602 182 1627 cam
201 1602 246 1628 ex
267 1585 451 1628 Versione
474 1587 566 1628 Itala
586 1591 625 1626 ὃ(
648 1586 897 1627 Athanasium
918 1587 1046 1626 locum
1070 1586 1203 1625 Lucae
1223 1585 1381 1628 XXIV.
1403 1599 1470 1638 42.
1499 1589 1683 1641 attulisse,
1707 1595 1745 1631 &
1768 1595 1841 1639 Cy-

102 1642 234 1682 rillum
255 1642 368 1684 allato
389 1642 477 1683 loco
502 1656 532 1681 1.
547 1642 608 1696 Jo.
630 1640 702 1684 IV.
727 1655 760 1694 3.
791 1654 925 1681 contra
948 1641 1173 1682 Nestorium
1195 1641 1377 1695 pugnasse
1394 1673 1406 1691 ,
1438 1642 1634 1684 Socratem
1667 1662 1758 1687 vero
1785 1643 1838 1690 H.

102 1697 147 1738 E.
171 1697 256 1736 Vll.
290 1711 353 1747 32.
382 1697 551 1738 Codices
572 1697 743 1738 Graecos
763 1697 839 1737 hoc
858 1697 947 1737 loco
965 1708 1167 1750 corruptos
1189 1699 1227 1734 ὃ(
1250 1710 1296 1736 ex
1315 1696 1462 1737 Latinis
1481 1699 1747 1743 emendandos
1766 1704 1840 1745 esse

104 1751 350 1792 contendisse.

164 1806 315 1846 Addam
346 1806 395 1848 de
424 1806 500 1847 hoc
530 1806 683 1849 Codice
708 1805 853 1862 judicia
886 1804 1050 1848 duorum
1072 1806 1312 1862 Anglorum,
1343 1806 1499 1848 alterum
1524 1807 1693 1851 Thomae
1714 1813 1840 1854 Gata-

106 1859 205 1904 ken,
228 1861 293 1914 qui
320 1862 530 1914 Adversas.
561 1877 597 1915 p.
632 1876 694 1913 25.
724 1894 748 1913 ‚‚
769 1862 909 1902 Codex
932 1862 1015 1911 ille,
1046 1863 1188 1915 inquit,
1228 1875 1287 1902 tot
1309 1866 1347 1902 in
1372 1863 1484 1903 Novi
1512 1864 1755 1909 Instrumenti
1785 1870 1841 1911 lo-

105 1947 132 1967 ,‚
159 1917 212 1956 cis
229 1916 454 1966 mendosus,
485 1918 699 1959 mutilatus,
729 1917 966 1970 implicatus,
994 1917 1245 1969 interpolatus
1265 1915 1587 1971 deprehenditur,
1608 1933 1649 1961 ut
1664 1923 1841 1966 adversus

106 1998 132 2022 „
161 1984 349 2024 receptam
363 1972 421 2012 vel
433 1972 513 2012 istic
525 1973 582 2012 vel
597 1973 684 2012 alibi
695 1971 918 2012 Lefflonem
931 1971 1037 2012 exilis
1047 1971 1258 2012 admodum
1281 1984 1344 2012 aut
1357 1972 1493 2013 nullius
1504 1977 1667 2015 omnino
1691 1980 1842 2031 ponde-

106 2057 132 2077 „
163 2027 212 2066 ris
239 2026 312 2066 esse
339 2027 520 2067 videatur.
552 2031 590 2066 δε
619 2042 656 2081 p.
694 2028 756 2075 58.
797 2026 1051 2078 Manuscripti
1081 2027 1178 2066 illius
1208 2041 1287 2067 non
1307 2027 1362 2068 est
1382 2040 1487 2068 tanta
1520 2029 1712 2082 αὐθεντία,
1743 2048 1841 2088 quae

107 2112 133 2132 „
162 2093 219 2122 tot
242 2083 477 2122 Graecorum
510 2080 576 2121 τῶν
608 2080 705 2123 πάνυ
724 2078 784 2121 καὶ
802 2080 1035 2135 παναςχαίων
1064 2083 1179 2122 etiam
1201 2084 1493 2136 repugnantium
1514 2085 1762 2129 Testimoniis
1783 2091 1841 2131 di-

109 2167 136 2187 „
163 2135 362 2176 sertislimis
392 2138 599 2190 objiciatur.
659 2138 777 2178 Certe
807 2138 911 2178 enim
943 2138 1056 2177 habet
1081 2138 1274 2191 exemplar
1301 2137 1394 2178 illud
1419 2140 1550 2180 vitiosa
1573 2141 1675 2182 haud
1699 2158 1839 2197 pauca,

109 2220 136 2241 „
165 2191 383 2245 glossemata
407 2207 499 2233 vero
519 2193 715 2245 interjeRa
736 2192 867 2246 passim
891 2207 1005 2246 quam
1027 2193 1186 2246 plurima
1206 2195 1239 2233 ’'.
1300 2193 1474 2234 Alterum
1495 2194 1662 2235 Thomae
1692 2199 1842 2240 Bruno-

109 2247 376 2297 nis,Mariae,
391 2248 588 2289 Guilielmi
608 2248 677 2289 111.
708 2249 764 2288 M.
778 2249 996 2289 Britanniae
1017 2249 1115 2303 regis
1136 2248 1269 2297 matri,
1293 2263 1314 2288 a
1336 2248 1465 2299 sacris,
1496 2249 1689 2292 Canonici
1710 2256 1841 2307 postea

109 2301 433 2343 windesoriensis
458 2303 624 2355 Epistola
645 2303 694 2343 ad
715 2302 860 2344 Isaeum
881 2303 1057 2344 Voffium
1083 2317 1100 2355 3
1120 2303 1300 2343 Decemb.
1327 2307 1444 2342 1660.
1468 2304 1622 2360 scripta,
1637 2322 1734 2362 quae
1754 2326 1841 2353 cum

111 2357 238 2397 multis
254 2359 334 2398 aliis
355 2358 630 2399 Amstelodami
652 2359 688 2398 in
717 2357 957 2398 Bibliotheca
980 2357 1334 2399 Rcmonstrantium
1357 2358 1580 2401 asservatur:
1607 2393 1633 2412 ,‚
1648 2364 1842 2406 Codicem

111 2443 136 2463 ‚,
168 2413 271 2452 illum
290 2412 629 2463 Alexandrinum,
659 2413 709 2454 de
731 2428 811 2467 quo
834 2427 904 2453 nos
925 2413 1067 2467 saepius
1089 2414 1186 2453 inter
1204 2427 1291 2462 nos,
1330 2417 1367 2453 &
1390 2414 1513 2455 habeo
1534 2417 1613 2470 jam
1638 2419 1740 2472 apud
1760 2435 1841 2473 me,

112 2498 136 2517 ‚‚
166 2467 392 2508 Serenislimi
422 2469 498 2508 mei
519 2469 641 2522 Regis
668 2469 840 2518 indultu,
870 2471 907 2507 &
921 2483 988 2522 per
1010 2468 1108 2509 duos
1131 2482 1229 2522 pene
1251 2468 1396 2509 menses
1418 2469 1542 2510 habui.
1571 2473 1647 2513 Sed
1667 2474 1842 2529 Frequen-

112 2543 137 2573 ,;
168 2523 266 2562 tibus
294 2536 501 2576 occupatus
533 2524 697 2578 negotiis
718 2523 784 2563 illo
804 2524 858 2564 uti
878 2538 958 2564 non
985 2525 1104 2577 potui.
1163 2524 1257 2564 Hoc
1278 2536 1426 2564 tantum
1448 2526 1486 2564 in
1507 2541 1633 2568 aurem
1659 2530 1749 2580 tibi,
1780 2546 1842 2573 me

112 2604 138 2628 „
167 2592 245 2617 non
270 2578 407 2618 habere
429 2578 531 2619 illum
556 2579 654 2620 adeo
676 2579 883 2628 vetustum,
913 2592 1028 2632 prout
1046 2579 1163 2633 vulgo
1186 2578 1310 2619 fertur.
1368 2580 1512 2621 Verum
1534 2583 1610 2633 est,
1638 2599 1773 2626 omnes
1795 2588 1841 2627 li-

112 2663 138 2682 „
169 2645 266 2673 teras
294 2633 368 2673 esse
399 2634 563 2674 unciales
584 2638 622 2674 &
645 2635 868 2683 continuas,
897 2633 995 2673 adeo
1015 2646 1056 2674 ut
1077 2634 1290 2673 molestiam
1310 2634 1443 2675 lestori
1464 2651 1543 2676 non
1564 2641 1770 2682 exercitato
1789 2643 1842 2682 sa-

112 2717 138 2737 „
167 2689 214 2728 tis
236 2687 386 2728 abunde
408 2689 606 2742 praestent.
660 2689 734 2729 Sed
755 2703 834 2729 uno
855 2689 910 2728 vel
935 2689 1052 2729 altero
1072 2689 1196 2729 seculo
1218 2690 1303 2741 post
1332 2690 1579 2733 Athanasium
1602 2694 1734 2735 librum
1751 2696 1839 2737 suis-

112 2773 138 2792 „
167 2742 203 2782 se
220 2756 410 2782 exaratum
433 2743 656 2794 amplissime
674 2744 831 2784 constat.
853 2746 988 2784 Tomo
1010 2745 1153 2798 quippe
1172 2743 1404 2785 Psalmorum
1427 2747 1647 2802 praefigitur
1670 2751 1841 2804 Epistola

112 2828 138 2850 „
175 2798 368 2837 Athanasii
389 2799 436 2837 ad
460 2799 745 2849 Marcellinum,
777 2798 956 2852 ipsissimo
977 2800 1235 2838 charastere'’.
1658 2820 1660 2823 ·

171 2866 203 2901 5.
235 2854 329 2892 Non
360 2853 508 2906 possum
538 2866 664 2894 tamen
696 2855 889 2894 Codicem
921 2853 1237 2893 Alexandrmum
1267 2869 1288 2894 e
1309 2856 1481 2898 manibus
1504 2857 1717 2911 dimittere,
1747 2863 1841 2916 quin

116 2907 216 2959 prius
247 2908 296 2947 de
326 2909 510 2948 Lenione
541 2909 614 2950 loci
637 2910 791 2950 celebris
825 2909 970 2949 1.Tim.
1002 2909 1069 2948 ΙΙΙ.
1105 2913 1165 2947 16.
1195 2909 1339 2962 aliquid
1362 2925 1550 2953 moneam.
1587 2916 1842 2957 Occasionem

116 2962 321 3014 quaestioni
346 2964 514 3015 praebuit
536 2964 582 3015 J.
608 2964 790 3013 Millius,
820 2964 887 3017 qui
907 2963 956 3003 ad
980 2965 1091 3004 verba
1110 2961 1187 3005 θεὸς
1211 2962 1387 3016 ἐφανερώθη
1412 2967 1504 3007 haec
1524 2968 1658 3009 habet:
1690 2972 1842 3021 ‚‚111ve-

116 3046 142 3070 ‚,
171 3016 230 3054 &a
250 3019 362 3069 igitur
379 3020 417 3058 in
439 3019 565 3058 locum
585 3033 694 3059 verae
709 3019 926 3068 Lectionis,
960 3019 1027 3059 ista
1038 3014 1070 3060 ὃς
1083 3019 1141 3059 vel
1153 3014 1267 3059 &ln-ab
1287 3020 1482 3063 incuriosis
1495 3024 1661 3065 librariis.
1683 3027 1841 3079 Nempe

115 3108 141 3128 „
169 3092 255 3117 cum
284 3074 366 3119 Θεὲς
391 3081 469 3133 jam
499 3082 592 3121 olim
622 3082 699 3122 fere
727 3083 955 3124 contra5fim
978 3082 1190 3136 scripserint
1211 3077 1308 3134 Θ-Σ,
1329 3089 1378 3125 -&
1397 3101 1489 3126 vero
1511 3088 1653 3141 virgula
1675 3103 1740 3142 per
1759 3090 1842 3129 lite-

115 3162 141 3183 „
173 3147 250 3173 ram
269 3132 320 3174 ‚T
314 3133 405 3173 heta
435 3135 549 3177 duaa
577 3137 790 3179 tenuissima
810 3138 1033 3232 pleigmque
1052 3138 1187 3190 fuerit,
1217 3139 1393 3193 adeoque
1418 3145 1457 3181 ὃς
1478 3143 1599 3182 aciem
1621 3142 1720 3183 forte
1736 3142 1843 3198 fuge-

953 3205 974 3233 2
1739 3226 1765 3248 »
1793 3211 1844 3244 l'lt
