1976 3519
137 224 216 264 208
515 218 1518 263 PROLEGOMENA.

139 311 258 351 laetus
284 309 413 362 accepi
434 340 443 356 ,
473 319 587 362 atque
616 308 816 350 confestim
851 322 938 349 cum
965 308 1189 363 Symmystis
1225 307 1318 346 meis
1348 305 1587 359 conjunffiss',
1612 308 1870 348 communica·⁷

140 367 190 407 vi.
241 366 451 418 Exponunt
480 363 636 404 eaedem
656 395 667 414 ,
696 365 812 419 longa
840 377 953 418 atque
981 364 1171 403 concinna
1198 360 1288 402 serie
1306 392 1318 411 ,
1347 373 1429 401 tum
1456 375 1553 415 quae
1578 373 1641 412 tu,
1674 362 1771 403 Ven.
1802 363 1866 403 Fr.

140 434 227 460 cum
257 420 397 459 familia
425 418 686 472 speetatiffima
715 434 736 458 a
767 419 888 459 multo
915 419 995 472 jam
1023 431 1197 471 tempore
1218 446 1230 466 ,
1269 415 1462 470 perpessus
1488 429 1529 456 es
1549 443 1560 461 ‚
1598 417 1867 468 incommoda,

142 486 224 516 tum
246 474 407 525 famam,
438 488 534 527 quac
557 488 624 528 per
645 474 817 523 Urbem,
846 473 896 514 de
918 473 1160 528 Mylhusinae
1192 471 1378 512 Ecclesiae
1409 471 1597 511 Ministris
1614 502 1626 520 ,
1663 472 1865 526 spargitur,

141 528 250 570 fuiffe
269 544 408 583 nempe
425 530 509 569 illos
528 560 538 579 ,
571 528 670 569 Veri.
700 529 749 569 D.
781 529 830 569 D.
858 528 999 569 Theol:
1031 541 1111 567 non
1143 538 1290 568 tantum
1320 525 1495 567 Suasores
1515 530 1553 565 &
1573 525 1867 580 adprobatores,

143 585 208 626 sed
241 586 356 626 etiam
389 585 602 634 Λιιὲὶοῑεε,
633 585 808 623 omnium
833 583 985 624 illorum
1015 583 1185 622 astorum
1207 613 1218 631 ‚
1250 596 1347 635 quae
1376 582 1474 622 inter
1495 581 1580 622 illos
1608 585 1646 621 ὅ(
1686 582 1787 623 Rev.
1816 583 1869 622 D.

143 641 305 681 Wettst.
330 640 448 680 filium
467 639 816 679 desideratissimum
834 669 846 688 ,
876 638 1122 680 intercessere.
1180 638 1312 690 Qiam
1339 637 1455 686 mira,
1486 635 1576 676 falsa
1597 664 1608 683 ,
1639 637 1792 690 hocque
1810 637 1868 690 ip·

146 696 188 736 so
209 727 219 746 ,
249 695 382 735 insulsa
403 726 414 746 ,
445 694 543 734 fama
565 695 573 734 Ξ
605 694 766 747 Ecquis,
795 694 856 733 cui
876 707 956 733 non
977 694 1082 733 laeva
1107 705 1216 732 mens
1242 692 1296 732 est
1314 718 1326 738 ‚
1357 691 1474 732 fidem
1504 691 1699 732 adhibebit
1720 695 1735 731 ?
1765 692 1869 732 Mul-

144 764 183 792 ta
203 750 359 805 quidem
380 748 430 790 de
455 750 554 790 bello
580 749 654 788 hoc
685 748 866 788 intestino
887 748 1027 798 Sacro,
1055 747 1268 787 audivimus
1287 777 1299 797 ,
1329 748 1460 787 merita
1488 761 1580 787 vero
1610 746 1739 787 causae
1758 777 1769 796 ,
1799 761 1870 787 nec

145 806 393 860 dignovimus
412 818 579 858 unquam
599 835 609 851 ‚
640 817 710 843 nec
732 802 1047 856 dijudicavimus,
1074 803 1265 856 integrum
1285 803 1481 856 negotium
1494 832 1506 852 ‚
1526 802 1597 842 suis
1618 802 1870 852 Austoribus,

145 862 295 915 suisque
318 860 508 901 astoribus
534 859 765 911 relinquere,
797 858 909 899 satius
935 859 1117 898 ducentes
1139 876 1148 903 3
1177 871 1265 896 cum
1284 859 1386 897 enim
1405 856 1483 910 ipsa
1514 857 1567 897 rei
1589 857 1794 911 penetralia
1814 857 1870 896 in-

145 916 349 970 trospicere
368 947 379 966 ,
411 915 522 954 nobis
541 927 620 952 non
650 914 855 966 contigerit
872 944 883 963 ‚
913 928 935 953 a
965 913 1071 953 nullo
1093 912 1293 952 hominum
1311 943 1324 962 ‚
1351 925 1520 965 unquam
1548 926 1592 952 ea
1620 912 1750 952 edosti
1766 943 1778 962 ,
1809 911 1871 951 vel

144 987 193 1013 eo
213 971 370 1010 adducti
390 1001 401 1019 ,
431 970 497 1022 qui
532 968 793 1008 sustineremus
812 999 824 1019 ,
849 968 1056 1021 judicium,
1087 967 1325 1016 Consilium,
1355 966 1416 1007 vel
1434 966 1660 1020 praesidium
1689 966 1871 1020 aliquod,

145 1025 295 1067 adferre
316 1028 330 1065 ?
361 1024 503 1064 Nullus
522 1024 693 1063 nostrum
721 1037 888 1076 unquam
908 1054 920 1073 ,
950 1023 999 1063 ad
1020 1023 1136 1064 ullum
1160 1022 1260 1065 Ven.
1291 1022 1342 1063 D.
1362 1022 1413 1062 D.
1442 1021 1586 1062 Theol:
1615 1021 1675 1063 vel
1696 1022 1870 1072 unicam,

145 1082 220 1122 hac
260 1080 309 1120 de
341 1094 408 1130 re,
448 1078 632 1120 literulam
665 1078 838 1132 scripsit,
882 1077 1023 1118 Nullus
1053 1078 1191 1119 horum
1220 1077 1404 1119 Virorum
1435 1075 1536 1118 Veri.
1563 1088 1765 1131 propterea
1799 1090 1871 1117 nos

145 1135 390 1189 compellavit
411 1148 600 1189 unquam,
626 1134 870 1188 nostramque
892 1133 952 1174 vel
970 1132 1216 1183 sententiam,
1237 1132 1297 1173 vel
1316 1131 1554 1182 Consilium,
1571 1131 1631 1174 vel
1655 1132 1871 1182 Auxilium,

146 1191 208 1232 vel
228 1189 545 1245 approbationem
559 1220 569 1238 ‚
599 1188 813 1242 postulavit.
870 1188 997 1242 Ecqui
1018 1187 1206 1242 ejusmodi
1226 1187 1342 1242 quid,
1360 1187 1420 1229 vel
1437 1187 1656 1241 expectare,
1687 1187 1745 1228 vel
1767 1201 1874 1242 prac-

147 1247 293 1288 sumere
315 1247 363 1286 de
384 1245 516 1294 nobis,
547 1244 769 1284 auderemus
790 1246 805 1283 ?
836 1244 900 1284 An
923 1243 1041 1284 sidera
1075 1258 1191 1298 parva
1221 1243 1371 1283 Lumen
1402 1241 1652 1284 foenerabunt
1670 1242 1750 1282 Soli
1771 1273 1782 1293 ,
1813 1241 1873 1282 vel

148 1303 261 1343 rivuli
283 1315 421 1354 aquarn
442 1300 739 1354 suppeditabunt
769 1299 897 1339 mari?
926 1299 1137 1339 Noluimus
1164 1299 1360 1346 εμβοιτευειν
1390 1314 1416 1336 α,
1435 1314 1482 1346 μη
1509 1313 1700 1350 εωςοικοιμεν
1718 1328 1730 1348 ,
1759 1310 1874 1352 atque

148 1358 226 1398 hoc
248 1356 369 1410 ipsum
388 1387 400 1406 ,
430 1357 559 1396 animo
583 1354 687 1395 sedet
712 1354 921 1395 etiamnum
941 1353 1183 1408 ,sedebitque
1209 1353 1259 1394 ad
1277 1353 1423 1407 semper
1442 1354 1658 1399 ,imitaturo
1677 1352 1750 1393 hac
1773 1353 1813 1392 in
1834 1366 1874 1392 re

148 1411 504 1454 Schunnamitidem
523 1437 533 1456 ‚
563 1424 660 1463 quae
691 1409 890 1459 Gechazi,
921 1423 1040 1463 puero
1062 1409 1256 1459 Elischae,
1283 1409 1414 1450 omnia
1441 1408 1589 1459 officia,
1619 1409 1777 1449 nomine
1796 1408 1876 1448 Do-

148 1469 243 1508 mini
264 1467 340 1516 sui,
368 1466 495 1506 eidem
518 1465 718 1514 offerenti,
744 1464 909 1518 reposuit
932 1479 940 1503 :
971 1465 1018 1504 In
1040 1464 1171 1504 medio
1189 1463 1323 1517 populi
1344 1464 1420 1504 mei
1438 1497 1450 1515 ‚
1478 1478 1554 1518 ego
1573 1464 1716 1504 habito.
1766 1463 1878 1503 Con-

148 1523 278 1564 fidam
298 1536 394 1577 ergo
415 1522 514 1562 hanc
535 1520 698 1568 famam,
727 1519 901 1560 divinare
921 1530 1035 1573 atque
1053 1519 1224 1573 judicare
1245 1549 1256 1568 ,
1286 1517 1396 1559 facile
1414 1518 1469 1559 est
1483 1549 1496 1569 ,
1524 1521 1565 1558 &
1584 1518 1742 1573 quidem
1772 1518 1818 1558 ab
1839 1532 1878 1557 a·

148 1579 257 1632 liquo
280 1609 291 1628 ,
320 1577 387 1631 qui
407 1578 518 1617 nobis
540 1589 621 1615 non
645 1574 761 1628 usque
782 1589 935 1628 quaque
953 1574 1049 1615 bene
1073 1571 1201 1628 cupit,
1230 1573 1294 1614 sed
1314 1587 1382 1628 per
1401 1573 1619 1624 cuniculos,
1645 1587 1719 1614 nos
1736 1574 1880 1613 nostra-

150 1648 226 1687 que
247 1633 354 1687 petit.
408 1634 540 1685 Atque
560 1631 636 1670 hoc
654 1630 736 1681 est,
761 1629 869 1683 quod
897 1629 1057 1670 mascule
1077 1633 1116 1668 &
1137 1639 1265 1682 aperte
1282 1659 1293 1679 ,
1322 1642 1451 1669 coram
1480 1629 1570 1669 Deo
1588 1662 1599 1679 ,
1629 1629 1695 1682 qui
1713 1629 1767 1668 est
1787 1634 1879 1681 Kag-

147 1689 330 1737 Sioyvcoq-n5
362 1690 401 1726 &
422 1691 521 1732 ΠΨἺ
547 1675 600 1724 ²28
629 1698 699 1724 ceu
727 1699 995 1729 παντεποπτης
1013 1700 1072 1723 και
1093 1698 1400 1734 wari-mmmmm,
1430 1682 1606 1730 asserere,
1625 1687 1665 1723 &
1683 1683 1878 1733 audemus,

152 1747 192 1783 ὃς
213 1743 405 1783 debemus.
453 1739 612 1780 Interim
631 1738 786 1779 credere
814 1738 990 1779 volumus
1011 1752 1203 1793 quemque
1221 1738 1421 1778 cordatum
1442 1741 1481 1778 ὃ(
1501 1752 1590 1779 vere
1609 1739 1735 1793 pium,
1765 1738 1879 1788 Nos,

150 1813 222 1839 nec
243 1796 410 1838 curiosos
430 1794 661 1840 Auditores,
690 1808 761 1834 nec
782 1793 927 1834 otiosos
940 1794 1201 1847 Speffittores,
1230 1792 1474 1848 Tragoediae
1496 1793 1609 1847 hujus
1627 1793 1773 1844 feralis,
1793 1793 1881 1834 fuis-

153 1855 190 1895 se
210 1869 217 1893 :
249 1853 426 1901 fecimus,
456 1849 563 1904 quod
585 1849 827 1890 Christianos
846 1876 858 1895 2
888 1848 997 1903 quod
1017 1848 1149 1891 fratres
1167 1880 1179 1899 ,
1207 1848 1328 1890 decet.
1378 1848 1882 1904 Doluimus,ingemuimus,

152 1921 268 1963 atque
285 1908 495 1948 etiamnum
515 1904 565 1944 ad
593 1918 838 1945 communem
861 1905 1076 1944 Dominum
1096 1904 1266 1945 nostrum
1280 1903 1411 1958 Jesum
1424 1903 1642 1950 Christum,
1673 1919 1719 1945 ex
1738 1905 1882 1945 intimis

153 1964 281 2005 cordis
312 1960 506 2002 recessibus
527 1991 538 2010 ‚
568 1959 815 2014 suspiramus,
846 1971 887 1999 ut
905 1959 1080 1999 omnium
1110 1958 1227 1999 corda
1247 1959 1296 1998 ad
1327 1958 1414 1999 talia
1442 1958 1573 1999 flestat
1603 1960 1786 2009 consilia,
1813 1973 1881 2013 per

153 2033 251 2074 quae
272 2018 364 2071 Ejus
384 2016 505 2070 gloria
522 2014 743 2068 promoveri
764 2041 774 2060 ‚
806 2013 971 2054 Ecclefia
996 2013 1208 2064 aedificari,
1238 2013 1368 2055 fideles
1388 2013 1427 2053 in
1447 2013 1524 2054 fide
1543 2017 1581 2053 &
1602 2015 1742 2068 pietate
1772 2015 1883 2067 stabif

153 2075 212 2115 liri
232 2105 242 2124 ‚
272 2087 454 2125 αςηςικτοι
481 2087 540 2109 και
570 2068 726 2111 απειθεις
747 2069 909 2119 restitui,
940 2069 1149 2123 singulique
1168 2068 1217 2109 ad
1242 2068 1396 2110 salutem
1420 2068 1577 2123 perduci
1596 2082 1738 2123 queant
1765 2083 1884 2111 aeter-

154 2144 244 2170 nam
268 2130 275 2168 !
307 2128 416 2168 Idem
437 2127 542 2167 Deus
572 2125 741 2165 Salutum
758 2155 770 2175 ,
814 2124 1020 2165 Ecclesiam
1051 2123 1308 2178 Scholamque
1329 2124 1491 2164 vestram
1519 2128 1703 2178 patriam,
1731 2125 1883 2165 univer-

154 2186 312 2238 sumque
334 2196 472 2236 corpus
492 2180 764 2233 Evangelicum
787 2211 799 2229 ,
828 2193 896 2220 ceu
915 2179 1126 2234 peculium,
1159 2179 1419 2234 pupillamque
1440 2179 1541 2220 oculi
1568 2178 1641 2230 sui,
1672 2180 1882 2231 custodire,

155 2241 338 2293 simulque
360 2251 496 2277 omnes
516 2236 597 2289 ejus
617 2235 818 2276 Ministros
835 2266 846 2285 ,
876 2249 944 2276 ceu
976 2234 1095 2275 stellas
1122 2234 1318 2285 luciferas,
1347 2235 1388 2274 in
1416 2233 1548 2275 dextra
1577 2234 1639 2275 sua
1668 2246 1796 2276 tenere
1824 2235 1884 2275 di·

157 2308 294 2351 gnetur
319 2295 326 2334 Ξ
357 2292 451 2333 Tibi
472 2305 562 2331 vero
576 2290 671 2341 ,Vir
692 2288 793 2331 Ven.
815 2301 930 2344 atque
950 2288 1062 2331 frater
1083 2289 1390 2340 honoratissime,
1418 2289 1589 2343 spiritum
1609 2291 1750 2345 gratiae
1770 2302 1884 2344 atque

154 2351 303 2391 roboris
323 2380 333 2397 ,
357 2346 569 2388 concedere
590 2356 745 2400 pergat,
775 2346 968 2400 optimum
988 2343 1312 2399 firmiffimumque
1331 2345 1542 2386 Senefmtis
1568 2345 1777 2400 scipionem
1798 2360 1806 2385 :
1826 2345 1883 2398 fa<

153 2407 279 2447 miliae
300 2401 603 2456 spectatiss‘imae,
634 2414 714 2454 quo
735 2401 774 2440 in
797 2401 992 2441 nestoreos
1015 2400 1131 2454 usque
1153 2414 1299 2451 annos,
1329 2400 1490 2451 floreat,
1517 2402 1742 2455 vigeatque,
1773 2401 1883 2442 bene-

154 2462 257 2502 dicat
281 2461 289 2500 !
319 2459 378 2500 Ita
398 2471 434 2499 te
454 2489 466 2508 ,
495 2455 596 2496 Ven.
631 2455 674 2495 fr.
703 2455 971 2496 officiofiffime
1000 2455 1223 2506 salutatum,
1252 2455 1376 2496 valere
1397 2455 1555 2507 volunt,
1584 2466 1743 2510 optant,
1772 2468 1885 2510 quot-

155 2528 254 2570 quot
282 2514 367 2554 sunt
398 2512 583 2553 Ecclesiae
604 2510 847 2565 Mylhufinae
859 2505 1038 2551 Ministri
1057 2542 1069 2562 ‚
1099 2510 1230 2552 fratres
1257 2511 1365 2561 mei,
1395 2509 1563 2551 Συνδυλοι
1593 2523 1707 2565 atque
1724 2511 1887 2566 symmy-

154 2572 231 2612 stae
260 2569 458 2610 reverendi
484 2565 779 2620 conjunffiffimi
800 2597 811 2616 ,
842 2565 1057 2620 horumque
1085 2567 1243 2607 nomine
1264 2597 1276 2616 ,
1307 2577 1412 2614 tuus,
1442 2566 1492 2606 ad
1523 2567 1654 2607 omnia
1684 2566 1824 2607 amoris
1845 2569 1885 2606 &

155 2625 316 2667 honoris
340 2623 467 2664 officia
490 2621 761 2677 paratissimuS,
790 2620 1052 2675 Nominisque
1071 2622 1127 2663 tui
1146 2621 1378 2662 celeberrimi
1397 2622 1520 2663 cultor
1540 2620 1714 2663 devotiss'i

195 2710 289 2741 Mulh.
312 2711 338 2740 d.
360 2719 411 2740 21.
435 2709 529 2750 April.
554 2717 644 2749 1733·
1182 2708 1285 2763 Joti:
1314 2705 1464 2748 CoNiz:
1494 2708 1775 2748 GRYNAEUS.

210 2796 304 2837 Viro
330 2792 554 2832 Venerando
571 2820 581 2838 ‚
612 2802 728 2848 atque
744 2792 1000 2844 Dob‘t'tffimo,
1029 2793 1208 2834 ‘Domino
1235 2792 1419 2846 Johanni
1445 2791 1643 2847 Rodolpho
1665 2792 1885 2847 Wetstenio,

291 2846 451 2900 ‘Pastori
469 2847 785 2902 vigilantffmo‚
817 2848 957 2889 Fratri
988 2851 1031 2889 in
1052 2848 1206 2902 Christo
1229 2847 1487 2902 observando,

180 2938 359 2979 Decanus
382 2939 421 2974 ὃς
443 2933 615 2974 Pastores
628 2933 878 2974 Ecclefiarum
897 2934 1227 2976 Neocomenfium
1251 2933 1643 2977 &Valendinenfium
1664 2936 1699 2976 S.
1718 2935 1760 2975 P.
1781 2935 1832 2976 D.

220 3006 329 3046 Erius
354 3003 514 3058 quidem
533 3034 544 3053 ‚
574 3017 710 3065 quam,
741 3002 805 3044 aut
824 3003 915 3054 Tu,
950 3003 1021 3065 Vir
1051 3002 1282 3064 Venerande
1305 3038 1315 3053 ,
1343 3004 1591 3057 expestabas,
1625 3017 1689 3045 aut
1717 3019 1788 3046 nos
1817 3004 1885 3059 ipli

245 3060 474 3122 optassemus
495 3089 507 3110 ‚
537 3058 586 3097 ad
607 3058 818 3119 Epistolam
838 3072 952 3112 quam
974 3059 1039 3099 die
1072 3069 1121 3111 7³.
1151 3058 1294 3119 Aprilis
1313 3059 1361 3098 ad
1383 3073 1454 3099 nos
1472 3059 1611 3099 dedisti
1633 3060 1885 3101 rescribimus:

151 3120 207 3159 At
235 3115 327 3155 nulli
358 3115 602 3163 dubitamus,
633 3127 726 3174 quin
746 3144 757 3163 ‚
788 3127 885 3166 quae
908 3126 971 3153 tua
996 3114 1050 3154 est
1081 3125 1249 3166 aequitas
1270 3140 1281 3159 ‚
1314 3128 1385 3155 nos
1412 3115 1606 3157 excusatos
1636 3115 1794 3160 habeas,
1824 3117 1887 3157 ubi

150 3169 450 3223 intellexeris,id
470 3170 574 3224 prius
593 3167 676 3210 fieri
697 3182 780 3212 non
793 3167 975 3223 potuisse,
988 3169 1106 3225 quam
1125 3168 1256 3212 literae
1275 3169 1359 3212 illae
1380 3180 1465 3212 tuae
1485 3170 1527 3214 in
1548 3169 1740 3213 hodierno
1757 3171 1889 3211 nostro
1948 3186 1953 3194 ·

1778 3226 1889 3268 Con-
