1976 3519
109 236 190 274 190
491 198 1476 259 PRoLE'GoMENA:

159 341 185 361 ‚,
216 304 448 350 MILTON
479 301 734 358 (Johannes)
768 302 806 341 in
834 301 1033 355 juventute
1061 298 1233 339 addistus
1250 310 1329 339 erat
1348 296 1557 347 Puritanis,
1587 298 1714 351 postea
1734 315 1826 343 vero

108 396 134 417 ,‚
164 365 283 417 magis
315 361 463 402 favebat
498 357 848 412 Independentibus
876 360 915 395 &
951 354 1227 407 Anabaptistis,
1258 352 1383 392 donec
1404 352 1559 392 tandem
1580 354 1618 392 in
1638 354 1827 397 senedlute

109 447 136 467 „
165 430 299 459 omnes
320 416 624 456 Christianorum
655 423 785 452 coetus
805 411 1009 459 desereret,
1040 411 1268 448 Conventus
1289 408 1460 461 publicos
1481 407 1635 457 vitaret,
1663 424 1734 449 nec
1757 412 1827 451 do-

108 506 134 525 „
163 475 215 513 mi
238 473 322 513 suae
341 471 448 512 ullius
466 470 584 510 festae
605 465 860 508 caeremonias
878 465 1113 513 observaret,
1143 475 1330 503 caeterum
1352 474 1478 502 tamen
1497 463 1674 503 omnibus
1685 464 1755 505 suis
1774 466 1829 506 sa-

107 557 134 576 „
162 529 232 569 &is
256 529 436 580 pietatem
459 524 609 565 coleret.

159 610 187 630 ‚‚
217 579 565 623 SANDERSON
595 574 835 630 <R0bertus)
855 576 904 615 ‘in
932 576 1130 628 juventute
1151 572 1370 626 sequebatur
1389 571 1612 612 sententiam
1639 584 1828 626 receptam

110 670 135 690 „
167 638 216 678 de
241 637 407 677 absoluta
432 632 773 688 praedestinatione
795 634 833 669 ὃς
854 631 1008 673 annexis
1028 628 1252 681 Capitibus,
1282 627 1388 680 quod
1410 628 1531 680 prima
1552 627 1764 668 sermonum
1787 644 1830 668 e-

103 725 132 744 „
158 694 218 748 jus
246 692 367 733 editio
396 691 547 731 testatur
570 703 578 727 :
618 687 747 741 postea
777 699 868 724 vero
887 685 1023 738 partim
1046 683 1198 736 propria
1221 682 1468 722 meditatione
1488 683 1624 735 partim
1635 683 1831 737 colloquio

108 780 134 801 „
161 762 247 789 curn
268 748 392 787 amico
422 745 488 785 suo
508 740 764 784 Hammondo
776 751 968 792 permotus
990 739 1149 777 mutavit
1171 736 1392 777 sententiam
1405 766 1416 786 ,
1431 736 1638 777 &deflexit
1651 738 1830 791 aliquate-

108 835 135 855 ‚,
166 816 236 843 nus
256 802 304 842 ad
326 799 541 854 oppositam
555 829 565 847 ,
594 795 702 850 quod
723 794 849 834 multis
868 794 948 834 aliis
966 792 1181 845 Theologis
1200 790 1401 844 Anglis‚J.
1414 790 1577 844 Hale‚J.
1594 792 1768 843 Usscrio,
1783 794 1832 836 D.

108 887 134 911 „
163 858 332 912 Whitby
353 861 422 895 διε.
434 854 596 906 contigit
609 871 621 896 ς
652 849 754 890 unde
785 850 822 888 in
846 848 1085 902 sequentibus
1107 846 1347 886 Editionibus
1368 845 1582 886 sermonum
1593 847 1694 899 ejus,
1723 849 1832 901 quic-

110 945 136 966 „
165 913 259 968 quid
281 912 408 951 durius
428 910 469 948 in
494 907 738 948 Arminianos
760 903 904 944 dictum
923 914 1025 949 erat,
1055 900 1300 941 emendatum
1320 901 1512 953 reperitur.
1551 901 1656 941 Tota
1677 903 1833 944 historia

110 996 137 1020 2,
166 978 331 1009 mutatae
362 980 382 1004 a
411 961 652 1003 Sandersono
681 959 885 1000 sententiae
916 969 1084 997 narratur
1114 957 1153 996 in
1181 956 1278 995 libro
1310 954 1552 995 Hammondi
1570 982 1582 1000 ‚
1621 958 1680 997 cui
1703 959 1832 999 titulus

111 1052 137 1074 „
167 1023 251 1063 est:
292 1018 512 1061 Dissertatio
545 1014 701 1070 pacifica
729 1013 778 1053 de
810 1013 928 1067 gratia
959 1012 1045 1052 Dei.
1099 1013 1158 1051 Ex
1187 1025 1261 1064 qua
1290 1021 1413 1064 patet,
1443 1009 1721 1052 Sandersonum
1751 1027 1834 1053 non

58 1115 61 1119 .
110 1110 135 1130 „
165 1075 300 1118 Twiffi
334 1074 452 1114 solum
472 1073 695 1126 opinionem
719 1068 934 1121 {impliciter
962 1066 1150 1120 rejecisse,
1178 1065 1242 1105 sed
1274 1066 1388 1105 etiam
1417 1064 1464 1104 ab
1494 1066 1678 1117 opinione
1708 1081 1833 1121 recep-

111 1161 138 1184 ,,
167 1134 262 1175 tiore
293 1127 613 1181 Sublapsariorum
645 1122 863 1172 discessisse,
902 1120 1005 1163 unde
1034 1120 1173 1161 solebat
1204 1119 1348 1160 dicere:
1380 1119 1476 1159 Aeta
1508 1119 1712 1172 Synodalia
1734 1122 1835 1162 Dor-

110 1220 136 1240 „
166 1189 328 1229 dracena
349 1184 484 1225 nullius
505 1182 544 1222 in
569 1179 761 1236 posterum
781 1176 864 1221 usus
883 1177 954 1232 ipsi
971 1176 1046 1217 esse
1065 1176 1105 1216 in
1127 1175 1365 1218 Bibliotheca
1375 1173 1468 1226 ,nisi
1480 1187 1519 1215 ut
1532 1175 1660 1216 locum
1672 1191 1833 1218 vacuum

108 1276 133 1296 ,‚
162 1243 356 1298 oppleant.

167 1331 193 1349 „
221 1294 550 1338 TILLOTSON
583 1289 841 1348 (Johannes)
868 1289 915 1330 ab
943 1288 1120 1329 omnibus
1139 1287 1269 1342 magni
1291 1286 1423 1336 fiebat,
1455 1286 1833 1341 exceptisJacobitis‚

111 1386 137 1406 ‚‚
168 1369 238 1394 nec
257 1366 337 1392 non
364 1350 457 1396 illis,
488 1350 553 1403 qui
581 1361 660 1389 turn
689 1346 994 1386 moderationem
1023 1343 1103 1397 ejus
1133 1357 1222 1396 erga
1242 1341 1500 1383 dissentientes
1520 1356 1630 1396 aegre
1649 1341 1831 1392 ferebant,

113 1438 139 1461 „
169 1423 249 1451 tum
273 1405 605 1448 Arminianismum
626 1403 706 1456 ejus
725 1401 938 1454 culpabant.

165 1491 191 1511 ,‚
224 1459 568 1503 WHICHCOT-
589 1456 838 1511 (Benjarnin)
868 1468 1026 1508 magnus
1053 1451 1282 1506 Theologus
1297 1452 1448 1506 Anglus
1465 1474 1528 1483 ·--·
1544 1462 1624 1493 erat
1645 1452 1719 1492 acri
1735 1452 1838 1506 judi-

112 1551 138 1571 „
168 1520 230 1559 cio
249 1549 260 1568 ,
300 1520 338 1556 &
370 1513 561 1570 profunda
591 1511 841 1552 meditatione
862 1540 872 1559 ‚
912 1508 1018 1548 fimul
1046 1509 1161 1548 etiam
1191 1505 1402 1548 admodum
1432 1507 1540 1556 miti,
1569 1508 1779 1547 amabili&
1797 1523 1833 1548 a·

112 1606 137 1626 „
167 1587 308 1613 moeno
337 1570 504 1625 ingenio.
561 1566 758 1621 Pugnabat
788 1579 859 1618 pro
891 1563 1060 1604 libertate
1089 1562 1339 1602 conscientiae
1357 1591 1369 1610 ,
1406 1561 1510 1602 unde
1541 1575 1562 1601 a
1592 1562 1763 1602 Burneto
1794 1563 1836 1603 in

110 1657 139 1679 2,
168 1626 452 1669 Latitudinariis
481 1634 696 1664 numeratur
718 1642 727 1666 3
767 1633 854 1660 cum
881 1618 950 1672 ipfi
982 1616 1149 1657 sorderet
1179 1616 1421 1671 Systematica
1449 1616 1600 1656 illorum
1620 1628 1836 1670 temporum

111 1715 138 1735 ‚‚
167 1681 424 1734 Theologiarn
455 1676 621 1718 docendi
650 1673 856 1715 methodus
874 1699 886 1717 ,
927 1672 1147 1712 hortabatur
1176 1670 1261 1711 suos
1279 1703 1289 1720 ,
1331 1682 1372 1710 ut
1399 1669 1508 1710 altius
1540 1673 1579 1710 ὃ(
1602 1671 1765 1712 nobilius
1783 1671 1840 1712 sa-

110 1766 139 1790 „
168 1746 324 1792 pererit,
355 1738 394 1773 ὃ(
417 1733 639 1786 religionem
661 1733 702 1770 ut
721 1728 849 1768 semen
869 1726 1069 1767 divinioris
1090 1736 1243 1765 naturae
1262 1724 1552 1765 confiderarent.

166 1825 192 1844 ‚,
220 1788 471 1833 WILKINS
491 1781 751 1841 (Johannes)
773 1782 902 1836 magni
924 1781 1090 1822 nominis
1118 1779 1398 1833 Philosophus,
1431 1780 1841 1823 Mathematicus&E·

114 1880 141 1901 ,‚
170 1849 346 1902 piscopus
366 1843 514 1899 Anglus
533 1864 599 1872 ----
623 1850 703 1881 erat
723 1838 844 1887 mitis,
875 1835 1004 1887 fortis,
1035 1835 1214 1888 pacificus
1236 1836 1275 1874 ὅ(
1296 1834 1503 1883 candidus3
1533 1835 1561 1876 si
1583 1849 1640 1876 res
1660 1836 1773 1890 ipfius
1783 1852 1841 1878 ar·

113 1935 140 1956 ‚‚
167 1902 268 1943 bitrii
309 1898 455 1947 fumet,
486 1895 651 1937 Ecclesia
680 1892 821 1947 Episco
851 1891 917 1931 alis
952 1895 990 1931 &
1019 1891 1289 1931 Puritanorum
1317 1888 1464 1929 dudum
1501 1890 1731 1932 coaluissent.
1794 1892 1842 1933 In

117 1990 143 2010 ,‚
176 1954 394 2010 Religionis
421 1951 586 2006 negocio
613 1949 684 1990 illis
712 1960 798 1988 acce
829 1958 879 1994 it,
909 1946 975 2000 qui
1003 1944 1274 1998 Cantabrigiae
1291 1944 1572 1985 conveniebant
1595 1948 1633 1984 ἃ·
1654 1947 1841 1988 Latitudi-

117 2040 143 2065 ‚,
173 2011 268 2053 narii
300 2007 552 2056 vocabantur,
590 2005 613 2044 i.
643 2017 675 2044 e.
714 2002 780 2056 qui
818 2001 953 2041 restius
982 1999 1211 2042 sentiebant,
1242 2012 1357 2052 quam
1377 1998 1493 2053 vulgo
1509 1997 1572 2049 fit,
1603 2003 1642 2039 &
1667 2002 1842 2044 homines

118 2096 145 2121 ‚,
173 2083 195 2108 a
217 2064 342 2106 studio
362 2063 526 2116 partium
539 2095 549 2112 ,
580 2059 627 2100 ab
647 2056 893 2112 opinionibus
914 2055 1094 2095 sedarum
1115 2054 1225 2094 arffis
1242 2053 1423 2093 limitibus
1454 2054 1814 2108 circumscriptarum
1828 2089 1840 2107 ‚

117 2154 144 2175 „
173 2138 195 2163 a
224 2116 545 2175 superstitionibus
578 2118 615 2154 &
637 2111 843 2167 pertinacia
872 2109 1100 2150 revocabant
1112 2110 1147 2150 ’'.
1176 2109 1289 2162 Qiae
1318 2109 1472 2158 omnia,
1490 2109 1559 2148 nisi
1580 2108 1706 2159 fallor,
1738 2111 1843 2152 haud

118 2178 274 2220 obscure
305 2173 448 2214 docent
470 2202 483 2223 ,
520 2169 757 2212 Historicum
789 2165 956 2205 nostrum
991 2163 1220 2217 Theologos
1239 2164 1364 2203 minus
1383 2163 1646 2214 orthodoxos,
1678 2165 1741 2206 sed
1760 2181 1844 2207 mo-

120 2233 294 2281 deratos,
323 2229 443 2282 magis
478 2223 708 2278 orthodoxis
739 2219 804 2262 sed
824 2219 994 2276 litigiosis
1014 2219 1174 2262 multum
1194 2218 1427 2273 praetulisse,
1458 2222 1497 2258 δε
1516 2219 1557 2260 in
1577 2219 1650 2261 illis
1668 2234 1784 2275 quam
1800 2223 1842 2262 in

119 2289 181 2330 his
200 2285 388 2327 numerari
408 2281 583 2323 maluiffe.

174 2343 269 2384 Hoc
296 2340 396 2382 Viro
417 2347 664 2393 praeceptore
684 2345 798 2388 atque
816 2332 940 2373 amico
961 2331 1045 2372 usus
1064 2330 1143 2371 sum
1163 2343 1230 2383 per
1251 2343 1372 2369 annos
1392 2329 1649 2383 septendecim
1661 2330 1747 2379 3sub
1765 2332 1846 2384 ejus

122 2395 311 2454 praesidio
330 2396 393 2434 ΑΟ.
429 2405 548 2446 1713.
579 2390 617 2431 d.
651 2402 713 2441 17.
744 2388 878 2430 Martii
901 2386 1049 2440 publice
1068 2384 1223 2425 defendi
1238 2384 1549 2425 Dissertationem
1559 2384 1843 2441 Theologicam

123 2469 146 2494 a
171 2466 232 2493 me
264 2449 516 2502 conscriptam
546 2446 591 2486 de
614 2446 747 2486 Variis
771 2441 1022 2484 Lemonibus
1044 2439 1162 2480 Novi
1182 2438 1441 2491 Testamenti,
1470 2453 1544 2493 qua
1566 2440 1692 2481 multis
1711 2442 1847 2494 proba-

123 2509 186 2558 vi,
217 2519 373 2547 omnem
403 2504 511 2544 istam
542 2500 716 2542 leffionis
747 2498 967 2539 varietatem
996 2509 1076 2536 non
1107 2494 1276 2544 obstare,
1304 2509 1383 2548 quo
1416 2495 1540 2535 minus
1559 2495 1728 2536 Textum
1749 2497 1847 2537 inte-

124 2575 256 2618 grum,
286 2572 427 2600 certum
441 2589 452 2608 ,
482 2569 595 2611 atque
614 2554 873 2595 authenticum
893 2552 1105 2591 habeamus.
1161 2549 1268 2590 Tum
1287 2549 1437 2590 Praeses
1457 2550 1655 2590 conatibus
1676 2551 1768 2591 meis
1781 2565 1847 2604 pa-

125 2620 201 2658 lam
223 2614 450 2669 applaudere
464 2640 474 2659 ,
503 2611 666 2652 currenti
687 2609 806 2649 calcar
824 2607 1002 2661 privatim
1021 2605 1182 2653 addere,
1211 2603 1380 2657 denique
1400 2616 1440 2644 ut
1461 2605 1500 2644 in
1521 2605 1844 2657 itinereliterario,

126 2670 235 2726 quod
264 2684 367 2709 anno
399 2668 567 2721 sequenti
595 2665 716 2705 facere
736 2663 871 2716 coepi,
904 2672 999 2713 quot
1019 2660 1165 2713 possem
1186 2658 1356 2699 Codices
1378 2659 1487 2698 MSS.
1516 2659 1571 2698 N.
1600 2659 1649 2698 T.
1681 2661 1843 2709 Graeci,

127 2727 216 2781 qui,
246 2736 288 2764 ut
317 2724 461 2776 ajebat,
492 2720 667 2761 nondum
696 2719 781 2758 satis
810 2716 946 2757 excuffi
968 2715 1109 2764 essent,
1137 2725 1307 2755 accurate
1326 2711 1547 2766 inspicerem
1571 2717 1608 2752 &
1633 2728 1717 2754 cum
1736 2714 1850 2755 editis

128 2780 364 2828 conferrem,
396 2777 580 2816 inculcare
614 2789 694 2814 non
725 2773 880 2814 destitit.
934 2769 1045 2821 Qid
1076 2769 1125 2810 de
1157 2782 1219 2808 me
1235 2769 1404 2822 meisque
1424 2767 1554 2808 studiis
1573 2779 1653 2808 turn
1675 2768 1848 2821 senserit,

128 2851 175 2877 ex
194 2835 372 2889 sequente
392 2831 560 2885 Epistola
580 2842 703 2882 patet:

383 2885 607 2925 Reverende
632 2881 912 2931 Literatifflme
933 2889 1051 2935 atque
1072 2877 1309 2929 Amiciffime
1325 2877 1388 2918 D.
1418 2877 1602 2930 Cognate.

187 2942 284 2982 Αἴθη
302 2942 385 2992 fine
416 2954 555 2993 magna
576 2940 696 2977 animi
716 2940 788 2975 mei
810 2936 967 2975 laetitia
976 2936 1151 2988 percepi,
1182 2946 1298 2986 quam
1312 2931 1508 2985 praeclare
1529 2935 1614 2974 Iter
1633 2941 1742 2973 tuum
1761 2933 1850 2973 lite-

129 3001 275 3040 rarium
309 2996 510 3049 conficias,
542 2992 795 3047 quomodoque
815 3001 884 3043 per
898 2989 1131 3043 fingularem
1154 2987 1429 3028 Eruditionem
1451 2996 1558 3026 tuam
1581 2986 1628 3032 ὠ
1648 2988 1851 3029 literarum

129 3054 406 3107 elegantiorum
418 3049 589 3101 studium
613 3050 654 3087 in
673 3048 858 3085 notitiam
878 3058 1116 3097 amoremque
1135 3045 1310 3082 virorum
1332 3041 1541 3092 clarorum,
1573 3045 1753 3095 inprimis
1769 3043 1847 3084 Cel.

130 3107 314 3158 Bentley,
344 3106 453 3154 cujus
475 3102 661 3159 exquiffta
683 3099 870 3141 Eruditt'o
886 3099 971 3151 jam
992 3098 1133 3138 dudum
1153 3096 1251 3136 mihi
1271 3109 1318 3135 ex
1328 3097 1497 3151 firiptis
1512 3101 1661 3151 partim
1686 3098 1851 3145 Latinis

123 3174 274 3219 partlm
295 3161 481 3216 Anglicis
493 3156 690 3215 perspefi‘a
721 3154 796 3208 est,
816 3156 1058 3209 perveneris.
1114 3151 1251 3193 Mao‘e
1279 3151 1350 3191 hoc
1371 3154 1520 3200 animo,
1544 3151 1695 3205 Praqst.
1754 3153 1850 3202 Vir,

900 3231 904 3238 ·
1761 3217 1854 3260 per-
