1976 3519
180 195 259 235 218
555 187 1548 233 PROLEGOMENA.

178 283 275 322 verit
298 309 309 328 ,
337 293 403 321 cur
424 293 505 320 non
524 279 640 320 etiam
661 278 754 319 alios
773 289 938 318 errantes
957 308 968 327 ,
1000 279 1040 316 &
1061 277 1101 315 in
1121 288 1288 315 errorem
1310 288 1331 313 a
1354 284 1393 315 te
1414 272 1614 322 mustos,
1637 276 1797 320 tolerare
1816 310 1828 330 ,
1859 279 1908 320 le-

178 338 276 377 niter
294 351 379 376 cum
403 336 475 376 illis
493 349 603 389 agere
623 365 635 385 ,
663 337 704 373 &
724 333 885 387 spatium
907 332 956 372 ad
978 331 1255 385 poenitentiam
1274 328 1485 370 concedere
1503 356 1515 375 ,
1546 331 1673 384 potius
1702 347 1815 387 quam
1838 350 1908 375 nec

175 393 345 431 monitos
366 405 437 432 nec
459 391 610 431 auditos
630 389 801 429 accusare
823 419 835 438 ‚
863 387 1060 427 horridam
1084 386 1247 426 excitare
1280 384 1543 438 tempestatem
1563 415 1575 434 ,
1602 400 1649 426 ex
1676 389 1836 429 obscuro
1855 391 1910 430 sa·

172 446 287 499 gittas
317 457 522 487 venenatas
542 447 582 486 in
603 446 764 485 inermes
784 447 824 482 &
846 443 1018 483 incautos
1036 442 1230 491 emittere,
1263 440 1461 480 mendacia
1479 439 1688 482 mendaciis
1706 454 1854 498 tegere,
1867 449 1905 486 &

174 501 270 541 bella
289 516 336 542 ex
355 502 461 542 bellis
481 501 598 542 serere
619 498 807 548 maluisti?

228 557 382 607 Habes,
413 557 575 606 Lector,
605 556 761 595 brevem
782 553 995 593 Historiam
1013 551 1152 606 longae
1172 550 1268 595 litis,
1297 564 1395 605 quae
1424 549 1638 591 editionem
1669 550 1769 593 hanc
1793 554 1906 596 Novi

171 610 409 653 Testamenti
431 626 498 666 per
517 623 621 651 totos
642 609 780 664 viginti
804 622 926 649 annos
949 608 1004 648 est
1033 618 1191 647 morata.
1246 605 1486 660 Nunquam,
1517 605 1662 656 fateor,
1683 608 1764 648 illas
1784 609 1821 648 in
1844 625 1906 652 me

170 665 326 720 scriptas
349 668 533 708 Actiones
551 677 614 707 aut
635 664 781 705 illarum
803 674 951 717 partem
978 663 1102 717 legere
1124 662 1254 716 potui,
1285 662 1378 716 quin
1399 675 1460 701 me
1480 664 1519 701 δε
1541 662 1730 704 misorum
1751 666 1790 704 &
1812 664 1903 719 Spe-

171 721 359 764 &atorum
379 722 559 777 puderet,
591 725 629 759 &
651 721 793 759 Poetae
815 718 962 759 dissum
983 718 1130 758 veniret
1151 717 1189 756 in
1211 728 1398 759 mentem:

338 777 501 818 Excidat
517 777 579 817 illa
601 775 682 815 dies
703 788 799 814 aevo
823 800 835 820 ,
866 788 938 814 nec
959 772 1109 827 postera
1131 771 1289 813 credant

337 833 487 873 Secula:
518 845 589 871 nos
607 840 708 869 certe
723 839 934 874 taceamus,
965 831 1003 867 δε
1025 828 1161 867 obruta
1182 827 1301 867 multa

336 887 470 928 Nosse
491 886 568 940 tegi
590 884 767 939 propriae
790 884 978 938 patiamur
996 882 1155 922 crimina
1176 882 1313 936 gentiS.

168 943 240 983 Me
259 943 410 983 interim
423 942 560 982 mentis
580 941 705 980 bonae
723 938 956 989 conscientia
974 937 1110 978 tacitus
1130 936 1374 982 consolabar,
1386 935 1538 991 sperans
1550 937 1645 988 fore,
1656 948 1718 988 ut,
1730 937 1900 981 deferve-

167 997 294 1037 scente
314 997 515 1038 adversarii
540 996 592 1035 ira
606 1026 617 1045 ,
631 1008 705 1047 pax
727 993 936 1048 aliquando
956 1004 1402 1046 componeretur,quam
1414 1006 1495 1032 non
1513 992 1634 1034 solum
1655 993 1824 1046 silentio,
1837 995 1903 1036 sed

168 1053 281 1092 etiam
305 1053 478 1106 precibus
497 1049 790 1091 submissioribus
809 1052 848 1088 &
871 1047 1156 1094 humilioribus,
1185 1061 1301 1102 quam
1322 1058 1364 1087 ut
1391 1048 1518 1089 multis
1537 1047 1659 1094 forte,
1691 1050 1757 1102 qui
1776 1049 1904 1092 litibus

165 1121 361 1161 nunquam
380 1106 555 1160 impliciti
574 1105 659 1145 sunt
675 1135 686 1154 ,
717 1103 946 1158 probentur,
977 1116 1080 1143 eram
1101 1102 1350 1143 redemturus.
1394 1103 1499 1143 Cum
1521 1117 1613 1144 vero
1635 1102 1827 1156 viderem,
1855 1120 1900 1145 o-

165 1162 272 1202 dium
301 1162 499 1217 Theologi
526 1159 818 1202 extraordinarii
839 1158 964 1199 indies
988 1157 1163 1208 intendi,
1197 1162 1236 1198 &
1257 1157 1439 1211 scriptum
1466 1157 1546 1210 ejus
1569 1158 1753 1212 posterius
1783 1161 1901 1213 priori

163 1217 311 1271 semper
327 1217 402 1258 esse
423 1216 586 1258 ferocius
605 1227 720 1269 atque
737 1213 1029 1262 amarulentius;
1060 1227 1178 1267 porro
1200 1226 1325 1254 novos
1355 1212 1513 1253 subinde
1542 1212 1691 1264 hostes,
1720 1215 1838 1269 inque
1854 1216 1901 1257 iis

163 1271 228 1311 SD.
256 1272 477 1324 Gerdefium
498 1275 537 1311 ὃς
560 1271 778 1324 nuperrime
797 1268 846 1322 J.
870 1268 917 1322 J.
939 1267 1254 1321 Breitmgerum,
1283 1267 1349 1322 qui
1370 1268 1547 1309 cramben
1568 1280 1803 1322 repeterent,
1831 1272 1901 1310 mi-

162 1327 205 1366 hi
227 1327 420 1378 suscitari,
451 1327 546 1367 alios
568 1340 661 1367 vero
682 1325 905 1365 diuturnum
925 1337 1054 1364 meum
1086 1322 1275 1364 silentium
1302 1323 1401 1364 male
1427 1324 1691 1377 interpretari,
1720 1338 1800 1364 non
1830 1340 1915 1380 po·v

160 1383 217 1423 tui
237 1397 299 1423 me
319 1385 517 1424 continere
541 1412 553 1432 ,
585 1381 679 1435 quin
703 1380 775 1420 hac
798 1379 999 1419 occasione
1020 1392 1100 1418 rem
1120 1390 1244 1418 totam
1267 1389 1332 1419 aut
1360 1378 1543 1418 summam
1575 1379 1628 1419 rei
1646 1381 1841 1433 aperirem.

215 1438 353 1479 Debeo
383 1439 459 1478 hoc
480 1437 647 1492 primum
675 1435 856 1483 veritati;
884 1447 1020 1488 quam,
1049 1447 1111 1473 me
1129 1444 1303 1482 tacente,
1332 1433 1426 1473 alios
1453 1434 1494 1473 in
1520 1434 1643 1474 lucem
1675 1435 1899 1488 protrahere

158 1504 224 1534 aut
245 1493 341 1534 velle
365 1505 429 1534 aut
448 1492 576 1547 posse,
607 1491 673 1532 vix
699 1490 775 1530 ulla
803 1489 886 1543 spes
909 1499 999 1529 erat.
1036 1488 1173 1528 Debeo
1203 1487 1395 1541 discipulis
1414 1490 1454 1528 &
1474 1487 1709 1529 auditoribus
1728 1504 1775 1530 ex
1794 1490 1900 1531 Coe-

159 1559 201 1589 tu
221 1562 310 1589 meo
325 1576 337 1595 ,
368 1549 436 1603 qui
457 1546 669 1589 contemtui
691 1549 729 1585 ὅ(
750 1543 846 1585 odio
869 1542 1073 1584 adversarii
1100 1542 1186 1583 sunt
1207 1542 1397 1596 expositi,
1427 1543 1535 1597 quod
1564 1557 1632 1597 per
1661 1558 1784 1585 annos
1803 1545 1900 1587 duo-

157 1603 284 1644 decim
305 1604 448 1645 nullam
469 1616 595 1643 meam
614 1600 799 1641 haeresim
819 1597 1032 1640 olfecissent
1044 1608 1132 1647 ,aut
1150 1609 1286 1638 contra
1306 1611 1367 1638 me
1388 1601 1427 1637 &
1446 1608 1580 1639 contra
1600 1598 1818 1654 semetipsos
1830 1600 1897 1641 fal-

156 1659 238 1700 sum
273 1658 531 1700 testimonium
562 1657 690 1696 dicere
720 1654 898 1708 religioni
928 1653 1130 1693 duxissent.
1185 1653 1324 1694 Debeo
1345 1652 1441 1692 mihi
1469 1653 1540 1706 ipsi
1561 1656 1601 1692 ὃς
1618 1655 1749 1695 amicis
1778 1657 1896 1703 meis,

155 1725 198 1754 ut
216 1728 349 1754 eorum
380 1713 430 1754 de
457 1727 518 1753 me
545 1711 733 1764 judicium
761 1712 803 1748 &
828 1707 1149 1750 existimationem
1170 1720 1296 1747 meam
1317 1718 1431 1747 tuear.
1455 1707 1592 1748 Debeo
1613 1707 1716 1749 Patri
1743 1711 1896 1764 optimo

149 1769 218 1823 J0.
249 1770 500 1810 RoooLPHo
531 1767 823 1808 WETsTENro
853 1777 890 1817 p.
908 1776 958 1804 m.
980 1765 1020 1802 &
1039 1761 1145 1803 fratri
1164 1762 1350 1803 carissimo
1379 1763 1539 1803 Parim
1571 1763 1894 1818 winsi-nmo,

155 1825 254 1865 mala
283 1825 445 1878 plurima
475 1821 609 1877 passis,
639 1818 749 1876 quod
769 1818 918 1861 causam
952 1831 1078 1860 meam
1101 1818 1299 1859 meliorem
1322 1817 1467 1872 semper
1481 1817 1760 1871 judicaviffent.
1815 1822 1896 1863 De-

155 1879 230 1920 beo
255 1879 423 1934 denique
443 1878 610 1918 familiae
628 1890 736 1917 meae
755 1905 768 1926 ,
799 1888 849 1915 ne
870 1889 891 1915 a
916 1874 1057 1915 virtute
1075 1873 1264 1927 majorum
1284 1872 1587 1928 degeneravisse,
1615 1886 1679 1915 aut
1708 1877 1895 1919 maculam

156 1936 211 1975 illi
231 1934 415 1984 inussisse,
446 1944 511 1974 aut
530 1943 734 1987 praecepta
753 1943 887 1970 eorum
908 1932 949 1968 &
967 1928 1142 1981 exempla
1161 1942 1244 1968 non
1266 1927 1412 1969 secutus
1434 1927 1563 1976 fuisse,
1593 1929 1715 1971 videri
1734 1932 1895 1985 poffim5

147 1990 335 2045 JOANNI
366 1990 665 2031 WErsTENlo
690 1985 727 2040 J.
758 1987 811 2026 U.
841 1985 891 2026 D.
922 1987 962 2024 ὃ(
986 1982 1214 2033 Profeffmi,
1233 1983 1285 2023 *in
1304 1983 1442 2024 Literis
1458 1986 1496 2023 ὃ(
1514 1983 1764 2039 Philosophia
1782 1987 1895 2029 Prae-

154 2046 303 2099 ceptori
320 2076 332 2096 ,
363 2060 384 2085 a
405 2058 484 2099 quo
505 2074 518 2094 ,
547 2057 635 2084 cum
664 2039 984 2082 Bibliothecarius
1004 2038 1095 2080 esset
1118 2069 1130 2088 ,
1156 2038 1236 2092 jam
1265 2049 1354 2078 ante
1379 2039 1451 2078 hos
1487 2037 1739 2094 quadraginta
1768 2056 1893 2084 annos

153 2100 306 2141 codices
331 2101 502 2140 Graecos
531 2097 645 2139 MSS.
674 2095 820 2138 versare
839 2094 981 2140 didici;
1004 2094 1074 2149 JO·
1094 2093 1346 2135 RoDoLPrio
1367 2094 1662 2135 WETsTENio
1685 2096 1721 2137 S.
1740 2096 1818 2137 Th.
1839 2099 1892 2139 D,

155 2170 244 2197 meo
271 2157 312 2196 in
339 2155 562 2209 Theologia
591 2150 836 2206 Praeceptori
855 2180 867 2200 ,
896 2150 1071 2205 quicum
1099 2162 1161 2191 me
1181 2163 1226 2190 ex
1253 2148 1359 2190 sacro
1389 2148 1489 2190 forte
1517 2148 1750 2204 susciperet,
1779 2153 1892 2194 titulo

154 2211 316 2252 natalitii
344 2211 419 2251 mei
441 2210 518 2250 hoc
538 2207 732 2249 distichon
752 2205 946 2260 scripserat
966 2219 975 2244 :

395 2267 549 2320 Augeat
568 2264 632 2304 hic
653 2273 763 2303 natus
785 2260 885 2301 felici
903 2259 1047 2316 gaudia
1064 2259 1191 2300 nostra

488 2319 636 2361 Omine
654 2348 666 2368 ,
690 2316 741 2359 >sit
760 2316 907 2358 Patriae
929 2315 1049 2371 gloria
1070 2328 1209 2368 magna
1227 2313 1312 2355 suae
1324 2335 1337 2360 3

154 2376 322 2432 Ejusque
341 2377 446 2417 Patri
466 2374 601 2416 itidem
622 2373 687 2429 J0.
706 2373 956 2414 Ronomo
991 2369 1280 2410 wnrsrnmo
1303 2371 1339 2413 S.
1359 2366 1438 2412 Th.
1449 2369 1556 2412 Prof.
1569 2385 1636 2421 ,ex
1657 2375 1763 2426 cujus
1783 2387 1889 2427 prae-

154 2434 266 2486 cipue
287 2432 432 2486 scriptis
454 2434 493 2470 &
513 2429 682 2484 epistolis
700 2426 860 2468 ineditis
875 2425 995 2466 didici
1017 2456 1028 2475 ‚
1056 2436 1138 2465 tum
1161 2426 1297 2479 quibus
1317 2426 1456 2466 artibus
1476 2424 1659 2466 Formula
1679 2428 1889 2479 Consenfits

155 2489 194 2528 in
217 2487 401 2528 Ecclesias
421 2485 646 2527 Helveticas
667 2480 887 2537 irrepsisset,
918 2492 998 2521 tum
1020 2491 1206 2534 quantum
1226 2479 1425 2536 Theologi
1445 2482 1539 2522 novi
1558 2485 1598 2521 &
1621 2478 1844 2537 syllematici
1865 2499 1888 2524 a

154 2543 332 2583 doarina
359 2556 439 2582 non
460 2540 616 2581 Patrum
635 2539 757 2579 solum
774 2537 913 2578 veteris
939 2535 1126 2576 Ecclesiae
1140 2550 1295 2582 ‚verum
1323 2537 1439 2576 etiam
1474 2550 1608 2577 eorum
1626 2568 1637 2588 ,
1665 2539 1735 2592 'qui
1763 2538 1887 2580 seculo

154 2598 308 2638 decimo
328 2597 434 2638 sexto
454 2594 660 2636 Ecclesiam
680 2592 886 2634 reformare
906 2592 1053 2632 suerant
1072 2589 1228 2645 aggressi
1243 2621 1254 2640 ‚
1284 2590 1508 2632 recessissent
1521 2614 1532 2640 ·‚
1545 2606 1694 2646 proavo
1717 2608 1805 2634 mco
1817 2595 1889 2634 SE-

157 2665 394 2692 BASTIANO
414 2652 704 2698 GUNTZERo,
734 2648 801 2702 qui
822 2647 928 2702 plura
950 2660 1195 2687 nummorum
1227 2646 1344 2686 millia
1361 2646 1614 2688 Testamento
1640 2648 1780 2702 legavit
1801 2680 1812 2698 ,
1841 2664 1888 2690 ex

155 2708 294 2762 quibus
315 2721 421 2747 novo
439 2703 899 2757 ProfessoriTheologiae
917 2701 1149 2755 stipendium
1161 2700 1456 2755 persolveretur,
1478 2715 1560 2741 non
1580 2714 1681 2743 certe
1701 2717 1749 2743 eo
1766 2705 1890 2744 consi·

154 2765 210 2804 lio
229 2794 242 2813 ‚
270 2774 312 2803 ut
331 2763 371 2802 in
394 2762 602 2816 perniciem
623 2759 764 2800 civium
786 2757 914 2798 honor
931 2756 998 2797 iste
1018 2767 1247 2801 verteretur,
1274 2755 1417 2795 nedum
1448 2767 1489 2795 ut
1509 2756 1570 2796 sua
1591 2759 1751 2809 pecunia
1773 2760 1888 2800 aleret
1909 2776 1913 2781 ’

154 2818 398 2873 hypocritam
411 2847 421 2864 ,
449 2817 515 2870 qui
534 2817 617 2856 otio
638 2814 706 2855 suo
725 2812 857 2854 abusus
874 2812 1076 2853 liberorum
1096 2809 1298 2851 hominum
1319 2810 1506 2864 capitibus
1527 2810 1739 2863 insultaret,
1771 2817 1811 2853 ὃς
1831 2816 1886 2868 ip·

156 2873 229 2914 fius
247 2872 433 2913 testatoris
455 2871 628 2924 posteros
650 2883 718 2923 per
744 2868 971 2908 calumniam
996 2865 1206 2914 accusaret,
1237 2876 1351 2919 atque
1375 2865 1543 2920 indignis
1567 2867 1694 2907 modis
1714 2882 1887 2918 vexaret,

156 2931 198 2968 &
229 2928 337 2968 alteri
364 2940 512 2981 proavo
537 2926 601 2979 J0.
641 2925 885 2965 Rononpno
927 2923 1222 2962 Wnrsmmo
1251 2921 1504 2974 Reipublicae
1537 2921 1748 2964 Basiliensis
1778 2925 1888 2965 Con-

156 2983 248 3033 suli,
277 2983 344 3036 qui
364 2995 446 3022 non
466 2980 586 3021 solum
606 2979 714 3019 domi
735 2978 881 3019 furores
898 2977 1197 3031 Theologorum
1214 2975 1267 3016 ita
1286 2975 1540 3029 compescuit,
1554 2988 1594 3017 ut
1606 3008 1617 3028 ‚
1633 2978 1762 3032 quoad
1780 2980 1888 3025 vixit,

157 3052 240 3079 nori
261 3047 503 3090 erumperent
523 3067 535 3087 ,
565 3038 605 3074 &
627 3035 723 3074 bella
751 3033 877 3073 civilia
897 3033 995 3072 inter
1018 3046 1141 3086 pagos
1161 3042 1244 3071 orta
1269 3031 1485 3085 composuit
1499 3062 1510 3081 ,
1541 3031 1605 3072 sed
1626 3034 1742 3074 etiam
1761 3065 1774 3084 ,
1797 3049 1884 3075 curn

156 3093 437 3134 Monasterium
458 3091 603 3145 legatus
622 3089 891 3130 Helvetiorum
909 3085 1036 3127 missus
1056 3085 1147 3127 esset
1165 3117 1177 3136 ,
1208 3086 1269 3126 sua
1298 3088 1409 3127 unice
1431 3086 1633 3140 prudentia
1653 3119 1665 3138 ‚
1695 3089 1767 3130 suis
1793 3103 1888 3129 con-

156 3148 246 3192 siliis
268 3151 308 3190 ὃ(
325 3145 539 3191 incredibili
566 3145 695 3190 labore
724 3143 767 3185 id
789 3142 949 3194 effecit,
980 3153 1021 3184 ut
1041 3142 1088 3183 ab
1108 3142 1286 3184 omnibus
1313 3141 1609 3196 paciscentibus,
1639 3144 1783 3198 &ipso
1811 3145 1889 3184 Im-

1781 3213 1890 3254 perio
