1976 3519
129 257 210 293 216
541 236 1533 286 PROLEGOMENA.

130 335 361 377 adversarios
379 346 485 374 meos
507 346 648 372 nornen
674 330 779 370 suum
798 328 1038 382 profiteretur
1059 353 1070 371 ,
1100 325 1229 379 postca
1268 338 1360 364 vero
1381 326 1420 363 &
1443 323 1565 363 subito
1592 323 1643 364 ita
1664 322 1826 365 discessit
1844 356 1855 376 ,

127 396 167 431 ὃς
196 405 265 430 nec
285 389 491 430 conventui
511 388 574 428 ulli
596 384 789 433 interesse,
821 398 890 423 nec
907 384 1062 422 verbum
1084 382 1133 420 de
1159 392 1244 420 toto
1268 381 1432 433 negocio
1465 378 1624 431 amplius
1643 380 1771 420 audire
1791 394 1858 419 vo·

129 447 238 486 luerit
251 467 259 492 ;
292 458 454 498 cumque
476 455 638 496 quatuor
660 439 795 479 residui
824 439 913 491 (qui
934 437 969 477 se
991 437 1117 476 adhuc
1139 435 1287 487 publice
1308 438 1552 473 Conventum
1578 434 1786 483 vocabant,
1815 435 1858 474 li-

126 512 187 540 cet
208 501 383 553 privatim
402 497 504 552 apud
529 494 822 539 Werenfelsium
843 494 881 532 in
901 492 971 531 hac
991 490 1069 544 ipsa
1090 489 1248 543 epistola
1270 488 1516 544 agnoscerent
1529 521 1538 537 ‚
1552 487 1588 527 se
1609 501 1686 527 non
1708 489 1781 528 esse
1801 491 1858 528 ni-

127 555 155 595 fi
179 557 359 594 minorem
381 555 607 592 Conventus
620 547 798 605 partem)
829 547 942 587 literis
963 545 1138 585 aculeatis
1159 543 1195 583 d.
1227 556 1284 581 iz.
1323 543 1443 597 April.
1474 554 1590 594 1733.
1621 541 1766 595 scriptis
1786 542 1854 596 ipsi

127 610 401 663 exprobarent,
431 622 517 657 cur,
539 607 565 646 si
585 605 718 646 eadem
741 602 914 651 sentiret,
945 615 1041 655 quae
1061 601 1184 653 prius,
1211 611 1292 637 non
1313 597 1473 638 eandem
1504 596 1644 650 agendi
1671 598 1857 638 rationem

128 677 274 705 teneret
294 695 304 713 ,
335 668 373 702 &
405 662 551 703 causam
580 660 680 708 Dei,
699 669 740 697 ut
769 658 919 709 ajebant
941 683 952 701 ,
983 655 1275 707 propugnaret?
1305 652 1522 706 Respondit
1549 651 1587 691 d.
1622 665 1684 703 17.
1713 652 1749 692 se
1777 666 1858 692 non

128 720 219 760 ideo
239 717 456 767 disceffiss‘e,
474 715 580 771 quod
602 712 823 754 sententiam
845 710 1017 751 mutasset
1030 709 1116 759 ,sed
1138 707 1244 761 quod
1263 720 1438 761 expertus
1457 708 1547 747 esset
1575 734 1600 757 ‚,
1617 708 1770 762 ingenia
1790 721 1861 748 no-

129 805 155 825 „
187 774 258 814 stra
280 774 382 814 senio
406 787 486 812 non
507 771 586 812 fieri
605 767 825 821 capaciora,
854 765 918 806 sed
938 766 1184 817 capacitatem
1205 763 1365 802 multum
1386 763 1558 802 imminui
1579 793 1590 812 ,
1620 766 1659 801 &
1683 763 1750 802 has
1776 763 1860 804 lites

133 860 158 880 ,‚
189 831 463 869 incrementum
487 822 766 865 Christianismi
786 820 838 860 sui
860 820 1068 874 impedire,
1099 818 1169 858 illis
1191 816 1226 857 se
1248 817 1390 870 saepius
1419 816 1587 857 exarsisse
1607 829 1720 871 atque
1741 819 1861 858 irrita-

129 915 156 935 „
186 896 267 924 tum
289 883 417 930 fuiss‘e,
433 885 471 920 &
494 876 790 920 mansuetudinis
810 876 920 915 nobis
941 887 1018 915 tam
1040 872 1260 913 necessariae
1280 871 1515 926 naufragium
1540 871 1664 912 fecisse
1675 875 1708 912 '’.
1768 873 1860 913 Uti-

131 954 219 979 nam
242 936 543 978 clarius&citius
566 944 732 972 mentem
755 930 855 970 suam
868 930 1099 982 explicuisset
1123 929 1131 967 Ξ
1163 926 1265 967 Cum
1286 938 1412 966 tamen
1432 926 1510 979 ipse
1533 925 1715 975 fateatur,
1729 926 1860 980 (quod

133 993 310 1034 omnibus
330 992 429 1032 Asta
449 990 510 1029 illa
530 987 739 1044 legentibus
764 984 1101 1024 manifestissimum
1119 982 1172 1023 est
1185 979 1220 1034 ,J
1253 982 1414 1021 Anores
1435 981 1630 1021 affeffibus
1656 981 1865 1022 vehemen-

130 1060 187 1088 ter
206 1048 418 1087 concitatos
440 1043 566 1093 fuisse,
587 1042 744 1082 mininie
760 1040 799 1080 id
818 1039 975 1093 quidem
993 1037 1247 1092 probat,illos
1269 1037 1370 1076 reste
1392 1039 1430 1075 &
1452 1049 1539 1075 vere
1556 1035 1861 1088 judicass‘e,nam

132 1102 293 1156 impedit
312 1102 364 1141 ira
384 1101 551 1140 animum
564 1111 636 1144 ‚ne
657 1094 769 1150 poss'it
790 1108 943 1135 cernere
962 1107 1103 1133 verum.
1133 1091 1243 1132 Idem
1262 1091 1394 1131 clarius
1420 1089 1516 1130 dixit
1546 1091 1699 1144 postea,
1718 1105 1804 1131 cum
1821 1108 1860 1133 e-

132 1159 212 1198 nim
235 1156 419 1211 Collegae
441 1156 493 1194 illi
517 1153 780 1194 renunciarent
794 1176 804 1194 ‚
819 1149 994 1202 suspicari
1016 1148 1075 1198 se,
1102 1161 1189 1187 eum
1210 1145 1337 1201 splene
1357 1145 1548 1193 laborare,
1578 1146 1644 1199 qui
1665 1160 1766 1186 vano
1785 1161 1863 1189 me-

131 1225 171 1254 tu
194 1212 372 1251 familiam
395 1212 544 1250 timeret
566 1239 577 1258 ‚
607 1222 628 1247 a
650 1221 725 1260 qua
754 1204 848 1244 nihil
878 1204 969 1244 esset
998 1201 1242 1249 timendum;
1272 1200 1491 1254 respondit,
1517 1200 1553 1241 se
1581 1214 1777 1255 nunquam
1798 1202 1864 1243 lie-

133 1267 267 1308 nosum
301 1265 406 1306 fuiss‘e
424 1296 434 1314 ‚
465 1278 535 1304 nec
556 1263 732 1302 homines
753 1261 885 1300 timere
908 1285 918 1304 ‚
948 1257 1013 1298 sed
1045 1257 1293 1310 Collegarum
1325 1256 1456 1309 potius
1476 1255 1722 1310 praecordiis
1748 1255 1862 1297 bilem

129 1322 364 1375 inaestuaffe.
419 1320 465 1360 Id
487 1323 525 1358 &
546 1317 718 1371 Collegis
742 1315 868 1355 retulit
898 1317 936 1352 &
959 1313 1039 1353 aliis
1069 1312 1183 1352 etiam
1215 1311 1380 1351 narravit
1398 1340 1409 1360 ,
1439 1312 1505 1365 qui
1527 1310 1580 1350 rei
1610 1311 1862 1353 internuntius

132 1370 302 1426 fuit,vir'
315 1378 413 1416 Rev.
444 1373 663 1414 Theodorus
683 1369 867 1420 Falcffizts
886 1368 1052 1408 Basileae
1072 1366 1121 1407 ad
1143 1366 1192 1407 D.
1213 1366 1427 1406 Martinam
1448 1364 1694 1406 Administer.

191 1437 225 1470 6.
256 1431 391 1471 Postea
421 1444 507 1470 curn
531 1429 570 1467 in
594 1426 729 1481 Belgio
752 1438 880 1464 rumor
910 1423 1051 1463 sinister
1078 1422 1127 1462 de
1150 1435 1211 1461 me
1242 1419 1384 1473 sparsus
1410 1419 1522 1470 estet,
1550 1432 1594 1461 ut
1623 1420 1728 1460 illum
1757 1421 1864 1462 refel-

129 1487 243 1527 lerem
266 1518 277 1535 ,
307 1499 447 1525 nomen
480 1496 607 1523 meum
626 1482 664 1521 in
695 1479 925 1519 Candidatis
945 1476 1190 1518 Professionis
1218 1474 1452 1516 Rhetoricae
1481 1475 1522 1514 in
1551 1476 1758 1516 Academia
1790 1477 1864 1516 Ba-

133 1542 267 1581 fillensl
307 1553 397 1580 tunc
427 1539 525 1579 forte
558 1536 742 1579 Vacantis
771 1533 850 1574 sum
880 1530 1062 1586 professus
1091 1562 1102 1581 ,
1142 1531 1182 1570 in
1216 1542 1380 1584 quorum
1410 1543 1609 1570 numerum
1643 1543 1758 1571 nemo
1796 1545 1865 1585 per

132 1597 255 1651 Leges
289 1595 468 1648 Civitatis
497 1593 612 1646 recipi
657 1588 781 1643 potest
802 1623 813 1638 ,
853 1587 920 1627 nisi
952 1590 991 1626 ὃς
1031 1586 1142 1626 Civis
1183 1583 1225 1624 fit
1247 1615 1258 1633 ,
1298 1587 1338 1624 &
1374 1583 1660 1625 existimationis
1685 1586 1863 1640 integrae.

134 1651 258 1704 Qiod
280 1665 371 1690 vero
403 1649 528 1702 petii,
559 1662 580 1686 a
611 1644 862 1685 Curatoribus
890 1645 929 1681 ὃς
958 1642 1098 1681 Senatu
1136 1638 1372 1679 Academico
1399 1652 1462 1678 me
1482 1638 1683 1679 obtinuisse
1704 1669 1716 1688 ,
1744 1640 1862 1682 fidem

134 1707 224 1745 facit
249 1705 410 1757 sequens
443 1701 613 1754 Epistola
633 1731 644 1751 ‚
673 1711 789 1753 quam
817 1711 866 1738 eo
897 1707 1071 1750 tempore
1102 1695 1218 1735 etiam
1246 1692 1478 1734 Consulibus
1507 1693 1866 1738 Amstelodamenfi-

136 1763 203 1801 bus
223 1760 465 1801 exhibueram
487 1771 494 1796 :
1349 1764 1353 1768 ’

248 1873 319 1914 Vir
330 1871 391 1928 pl.
413 1864 641 1911 Reverende
663 1865 710 1913 &-
729 1863 961 1918 Chemffime,
988 1862 1131 1907 Amice
1153 1860 1404 1913 Chariffi'me!

226 1983 414 2036 Ostquam
434 1995 479 2021 ex
498 1977 734 2021 Reverendo
754 1976 847 2017 Tuo
871 1975 984 2016 fratre
1005 1974 1121 2014 Petro
1143 1972 1335 2027 cognovi,
1364 1971 1428 2012 Te
1446 1970 1589 2022 valere,
1619 1976 1658 2013 ὅ(
1679 1973 1771 2014 Tibi
1799 1974 1868 2015 sta.

254 2037 555 2084 re-l'ententiam,
569 2046 609 2074 ut
630 2048 701 2087 pro
724 2043 882 2073 vacante
901 2029 1004 2085 apud
1027 2042 1098 2069 nos
1116 2027 1315 2068 Cathedra
1337 2027 1548 2068 Rhetorica
1571 2042 1712 2069 nomen
1738 2030 1763 2067 Ἰ
1778 2043 1868 2070 uum

139 2096 237 2135 inter
258 2092 482 2133 candidatos
503 2090 592 2130 dare
613 2089 724 2137 velis,
753 2100 934 2142 magnum
957 2083 1049 2124 inde
1072 2083 1225 2137 percepi
1245 2080 1424 2138 gaudium
1438 2114 1448 2129 ,
1480 2082 1630 2136 sperans
1653 2083 1728 2124 hoc
1748 2084 1869 2125 modo

140 2149 251 2190 nobis
279 2147 492 2188 affulsuram
523 2144 760 2184 occasionem
782 2172 793 2192 ‚
824 2155 898 2195 qua
917 2140 997 2181 Tui
1028 2140 1162 2179 iterum
1197 2148 1397 2191 compotes
1418 2137 1498 2177 fieri
1527 2152 1709 2191 queamus
1740 2154 1748 2178 :
1778 2141 1870 2193 Qua

141 2217 299 2258 propter
330 2204 416 2243 licet
448 2202 513 2240 Tu
533 2199 690 2254 quidem
710 2211 777 2251 per
806 2197 907 2251 leges
927 2193 1178 2235 Academicas
1199 2206 1279 2233 non
1301 2191 1416 2245 poffis
1442 2206 1513 2246 pro
1538 2193 1693 2248 eligibili
1720 2193 1870 2245 haberi,

143 2259 212 2299 nisi
236 2258 407 2312 praesens
428 2255 618 2310 publicum
639 2253 827 2307 specimen
853 2250 1016 2295 edas‚&
1036 2260 1113 2289 tarn
1135 2246 1366 2302 disputando
1395 2262 1479 2288 cum
1507 2247 1606 2288 Tuis
1626 2249 1875 2302 Competito-

146 2315 268 2363 ribus,
300 2326 414 2366 quam
435 2310 600 2365 legendo
617 2309 678 2349 Te
696 2319 891 2356 exerceas,
920 2318 1048 2346 tamen
1071 2303 1147 2343 hoc
1165 2304 1205 2343 in
1226 2301 1464 2356 Amplissima
1498 2303 1691 2358 Regentia
1712 2304 1774 2344 die
1796 2304 1874 2345 Ve-

146 2370 245 2409 neris
267 2368 394 2407 habita
416 2382 435 2406 a
458 2366 567 2405 nobis
590 2363 659 2404 fuit
679 2362 880 2407 effectum,
911 2371 952 2400 ut
979 2358 1164 2413 siquidem
1185 2356 1419 2412 praesentem
1443 2369 1480 2398 te
1515 2357 1615 2398 fistas
1636 2389 1648 2408 ,
1677 2358 1754 2400 fine
1782 2360 1875 2400 ulte-

148 2425 238 2464 riori
257 2421 510 2463 contmversia
533 2424 569 2459 &
592 2418 641 2458 ad
663 2417 867 2471 specimina
890 2414 1101 2456 admittaris
1122 2416 1161 2453 ὃς
1181 2427 1252 2466 pro
1282 2412 1437 2466 eligibili
1472 2412 1640 2454 habearis
1660 2436 1668 2460 ;
1700 2414 1804 2455 Cum
1832 2429 1873 2455 e..

150 2481 229 2519 nim
251 2479 400 2518 Literae
419 2477 530 2516 Tuae
551 2474 599 2514 ad
621 2471 875 2527 Magnificum
898 2470 974 2511 Dn.
996 2469 1207 2511 Rectorem
1228 2466 1339 2508 datae
1357 2468 1396 2507 in
1423 2467 1539 2521 pleno
1560 2467 1728 2509 consessu
1758 2468 1876 2510 essent

148 2534 356 2587 perleffilae‚
387 2530 544 2585 quidam
574 2543 622 2569 eo
650 2527 918 2567 obnitebantur
940 2556 952 2574 ,
981 2536 1023 2565 ut
1051 2536 1140 2565 ante
1161 2522 1370 2563 adventum
1389 2522 1519 2564 Tuum
1550 2523 1645 2563 nihil
1676 2524 1876 2575 statuatur,

151 2587 427 2628 contendentes
449 2617 459 2635 ,
489 2597 572 2625 eam
591 2583 684 2623 Tibi
706 2579 1013 2622 annunciandam
1041 2579 1289 2622 sententiam,
1318 2589 1359 2617 ut
1380 2577 1405 2617 fi
1429 2578 1602 2631 praesens
1630 2577 1679 2618 ad
1708 2579 1879 2632 specimi-

152 2658 201 2682 na
226 2641 376 2680 admitti
398 2641 510 2689 velis,
540 2651 630 2679 tunc
656 2637 811 2678 demum
834 2635 1004 2690 quaestio
1033 2633 1235 2675 ventiletur
1252 2663 1263 2682 ‚
1295 2646 1342 2671 an
1365 2632 1624 2674 admittendus
1647 2633 1692 2673 fis
1710 2648 1781 2674 nec
1803 2637 1878 2675 ne?

151 2697 230 2738 Alii
261 2698 353 2735 vero
383 2694 688 2735 demonstrarunt
708 2723 720 2742 ,
749 2691 802 2731 nil
835 2689 1042 2744 impedire,
1073 2702 1153 2742 quo
1182 2689 1306 2728 minus
1336 2688 1430 2727 haec
1460 2688 1629 2740 quaestio
1646 2688 1709 2728 Te
1727 2688 1878 2730 absente

153 2750 371 2798 decidatur,
402 2754 439 2788 &
464 2750 555 2789 haec
576 2750 708 2789 ultima
738 2746 922 2787 sententia
942 2745 1069 2784 locum
1097 2743 1262 2783 obtinuit
1281 2772 1293 2791 ‚
1321 2741 1420 2781 adeo
1442 2753 1483 2781 ut
1513 2742 1551 2781 in
1583 2743 1879 2783 controversiam

156 2807 324 2854 veniret,
353 2819 399 2844 an
427 2804 493 2843 tibi
517 2801 808 2843 concedendum
822 2828 832 2846 ‚
860 2811 902 2840 ut
923 2800 1021 2839 inter
1037 2797 1263 2838 candidatos
1284 2795 1530 2836 Profeflionis
1552 2797 1788 2838 Rhetoricae
1810 2813 1882 2838 no·

155 2875 242 2901 men
264 2860 393 2900 Tuum
417 2859 505 2898 dare
525 2857 661 2911 possis,
692 2860 729 2894 &
750 2856 800 2895 ad
822 2855 1027 2909 specimina
1049 2852 1201 2893 admitti
1222 2854 1238 2891 ?
1267 2851 1481 2891 Moverunt
1501 2851 1658 2904 quidam
1677 2883 1688 2902 ‚
1718 2866 1881 2906 quorum

155 2915 313 2958 nomina
334 2915 396 2954 Te
414 2927 493 2952 non
517 2913 823 2961 latent,omnem
844 2909 1033 2962 lapidem,
1063 2919 1105 2948 ut
1126 2907 1179 2947 rei
1199 2904 1429 2946 decisionem
1451 2906 1705 2959 impedirent,
1734 2911 1773 2947 ὃς
1795 2922 1882 2961 pro-

156 2970 358 3014 traherent.
414 2967 595 3008 Obtinuit
617 2978 744 3005 tamen
765 2965 951 3004 contraria
973 2963 1179 3010 sententia,
1194 2964 1232 3000 &
1251 2963 1298 2999 ab
1328 2958 1555 3013 amplissimo
1576 2962 1715 3002 Senatu
1736 2962 1881 3003 Acade-

157 3026 259 3067 mico
280 3023 348 3064 fuit
369 3022 607 3071 conclusum,
636 3020 736 3069 ut,fi
759 3020 833 3059 huc
855 3017 1033 3067 accedas,
1060 3017 1154 3057 Tibi
1181 3014 1305 3055 aditus
1330 3014 1378 3055 ad
1399 3014 1548 3055 edenda
1580 3016 1782 3070 specimina
1814 3031 1882 3070 pu-

160 3082 256 3122 blica
279 3093 357 3119 non
382 3077 613 3132 denegetur3
642 3088 728 3115 cum
750 3074 863 3128 igitur
883 3073 1028 3125 aequali
1045 3072 1129 3125 jure
1149 3083 1234 3110 cum
1254 3069 1407 3124 reliquis
1435 3070 1646 3112 candidatis
1672 3073 1725 3113 uti
1756 3085 1884 3125 queas,

163 3137 295 3178 Tuum
315 3134 368 3175 est
391 3132 521 3176 videte
540 3159 552 3179 ,
579 3145 624 3172 ea
644 3129 823 3171 adhibere
844 3127 969 3169 media
990 3158 1002 3179 ,
1031 3139 1129 3181 quae
1147 3125 1242 3167 Tibi
1260 3124 1360 3166 hanc
1387 3125 1625 3168 occasionem
1653 3127 1781 3168 utilem
1803 3125 1885 3166 red·

1767 3179 1882 3221 dant:
