1976 3519
451 183 1442 256 PROLEGOMENA.
1745 226 1826 270 139

102 302 223 343 statim
246 301 275 342 is
297 299 564 354 pronunciavit
583 298 657 339 effe
680 296 943 338 adulterinum.
999 296 1175 337 Perculso
1207 297 1242 336 C
1244 301 1457 351 ourrayerio
1485 301 1525 339 &
1545 299 1825 356 interrogante:

101 356 300 410 quomodo
321 356 370 395 de
389 368 547 395 nummo
565 353 751 406 judicium
772 352 867 393 ferre
887 351 1030 406 posset,
1061 366 1174 405 quem
1193 352 1618 406 nonduminspexisset?
1648 355 1826 410 Respon-

100 413 179 461 dit,
210 411 245 451 se
266 425 311 451 ex
332 410 483 450 levitate
501 408 668 457 nummi,
681 421 794 461 quam
816 421 930 447 manu
948 406 1121 457 sentiret,
1133 419 1238 447 certo
1255 406 1369 454 scire,
1382 421 1578 449 nummum
1588 424 1668 450 non
1678 411 1824 457 essecu,⁶

99 466 180 506 sum
208 466 271 506 sed
302 464 432 505 fusum.
486 463 619 502 Postea
637 462 826 511 ostendit,
848 465 887 501 &
919 461 1044 501 literas
1068 462 1243 515 imperite
1271 473 1463 509 exaratas,
1492 466 1531 503 δε
1550 465 1714 507 fiss‘uram
1733 467 1824 508 lima

101 521 262 569 fastam,
292 523 330 560 &
350 518 559 572 rubiginem
581 529 659 557 arte
681 529 795 570 atque
815 515 948 556 fraude
966 516 1161 556 industam
1180 516 1264 556 esse.

157 575 308 616 Solebat
333 587 449 628 porro
470 570 611 626 Ifilius
627 571 858 626 marginibus
876 571 1056 611 librorum
1077 582 1157 611 tum
1179 571 1518 624 manuscriptorum
1539 585 1620 616 tum
1638 578 1739 631 typis
1758 592 1823 619 ex-

101 631 272 671 cusorum
286 660 297 679 ‚
325 641 422 682 quos
440 641 486 667 ex
507 626 744 667 Bibliotheca
765 626 823 667 vel
844 626 992 680 publica
1010 625 1069 666 vel
1090 627 1298 666 amicorum
1320 640 1517 681 acceperat
1538 630 1725 682 utendos,
1738 632 1822 674 suas

101 684 387 726 emendationes
414 694 528 735 atque
557 682 887 735 interpretationes
907 680 1141 725 adscribere,
1178 695 1248 721 nec
1274 681 1357 722 ullis
1385 683 1632 735 possessorum
1660 689 1823 740 querelis

99 740 245 780 moveri
273 749 442 792 poterat,
470 750 512 778 ut
530 750 685 777 manum
705 737 752 776 ab
771 736 901 776 alienis
918 736 1020 777 libris
1039 735 1238 776 abstineret
1250 736 1358 785 ,licet
1376 751 1511 791 parum
1527 739 1719 794 eleganter
1739 742 1824 784 lite-

98 808 156 835 ras
186 794 369 848 pingeret.
398 790 493 831 Vidi
524 794 587 831 ΛΘ.
621 804 740 842 1745.
769 790 921 843 Urstisti
947 790 1132 830 Chronici
1160 789 1374 844 Bafi'liensts
1396 792 1591 847 exemplar
1613 795 1824 839 Bibliothe-

98 864 165 890 cae
186 847 439 902 publicae‚ita
460 846 506 886 ab
524 860 592 895 eo,
623 857 664 887 ut
683 846 926 900 loquebatur,
955 854 1133 885 ornatum
1154 856 1269 901 atque
1286 845 1535 898 illustratum.
1565 850 1673 891 Prius
1682 853 1822 900 etiam,

98 917 183 944 cum
204 917 275 957 pro
295 914 402 942 more
421 900 607 942 trastasset
626 901 760 942 librum
782 901 827 941 C.
856 901 1004 941 ‘Parim'
1022 902 1066 940 de
1086 914 1127 939 re
1147 902 1440 953 nztmis'matica,
1471 917 1516 943 ex
1526 904 1663 946 eadem
1676 907 1822 948 Biblio-

100 959 230 1007 theca,
271 956 585 997 Bibliothecarius
616 971 708 996 vero
734 956 868 996 librum
903 970 972 996 ceu
1001 954 1257 996 deformatum
1286 968 1400 1010 atque
1430 956 1627 1000 foedatum
1657 963 1825 1016 recipere

93 1012 268 1054 noluisset
280 1043 291 1063 ‚
319 1012 472 1052 cantus
490 1012 543 1051 est
561 1010 687 1051 Iselius
706 1010 807 1051 aliud
825 1011 908 1051 libri
928 1010 1119 1064 exemplar
1138 1026 1160 1051 a
1182 1012 1229 1051 V.
1253 1011 1424 1053 Consult.
1438 1014 1607 1053 Andrea
1621 1014 1820 1070 Faefihio,

96 1068 201 1123 cujus
220 1080 325 1122 pater
343 1067 466 1106 Patini
489 1066 619 1106 haeres
642 1066 798 1119 scriptus
818 1065 960 1116 fuerat,
991 1078 1128 1119 petere.
1186 1066 1296 1106 Haec
1319 1081 1376 1107 res
1397 1067 1551 1121 peslime
1574 1070 1641 1123 ipfi
1665 1071 1768 1113 cessit
1780 1075 1820 1113 in

94 1124 242 1164 duobus
261 1122 371 1164 MSS.
402 1121 658 1162 voluminibus
676 1121 850 1173 Joannis
871 1121 1097 1161 cardinalis
1119 1119 1164 1159 de
1181 1119 1375 1175 Segovia,
1395 1124 1679 1166 continentibus
1687 1127 1821 1169 Histo-

94 1176 188 1219 riam
216 1177 382 1217 Concilii
412 1174 660 1229 Bastlienst53
700 1176 838 1217 horum
868 1177 1029 1230 margini
1062 1179 1269 1216 variantes
1303 1176 1514 1221 Leaiones
1543 1193 1591 1219 ex
1613 1180 1819 1224 collatione

29 1257 34 1260 >
93 1236 323 1279 optimarum
351 1230 584 1272 Editionum
605 1264 615 1281 ‚
652 1243 693 1272 ut
721 1235 760 1271 ὃς
793 1231 873 1272 suas
901 1231 1137 1285 conjecturas
1166 1230 1324 1271 adscribi
1346 1233 1507 1282 curavit,
1537 1234 1686 1286 donec,
1709 1252 1748 1277 re
1768 1238 1818 1280 ad

94 1289 274 1329 Senatum
295 1287 684 1327 Ducentumvirorum
705 1286 851 1337 delata,
884 1298 1015 1327 notata
1038 1286 1098 1326 sua
1119 1301 1196 1326 non
1219 1287 1256 1326 in
1276 1288 1448 1341 margine
1465 1289 1630 1339 codicis,
1644 1291 1708 1332 sed
1721 1290 1820 1334 seor-

91 1343 160 1383 fim
180 1344 219 1382 in
242 1341 386 1382 schedis
407 1341 563 1382 scribere
579 1342 781 1395 juberetur.
837 1341 981 1382 Multas
1009 1341 1119 1381 valde
1138 1341 1312 1384 ridiculas
1328 1355 1439 1383 notas
1460 1345 1589 1384 &vidi
1602 1347 1704 1399 apud
1718 1348 1818 1390 Rev,

92 1398 278 1439 Abbatem
300 1396 521 1449 Jordamtm
533 1427 545 1447 ‚
575 1397 641 1451 qui
658 1397 825 1447 Parisiis,
849 1409 891 1438 ut
912 1397 983 1437 hos
1001 1396 1153 1437 codices
1172 1396 1418 1447 describeret,
1432 1398 1558 1439 missus
1572 1411 1678 1452 ‚ei-at,
1709 1406 1748 1441 ὃ(
1769 1415 1816 1445 ex

90 1467 139 1494 eo
160 1452 298 1493 audivi.
356 1452 491 1492 Unam
513 1452 711 1492 recordor:
740 1466 826 1492 cum
846 1453 885 1491 in
909 1452 1063 1492 historia
1083 1451 1133 1491 de
1155 1451 1325 1504 quodam
1348 1453 1450 1506 Papa
1472 1453 1680 1507 diceretur,
1709 1458 1815 1501 illum

90 1516 280 1548 mortuum
311 1506 379 1559 effe
411 1506 604 1560 qfhllanclo
617 1528 630 1553 5
662 1506 790 1548 Iselius
819 1506 870 1547 de
900 1507 1175 1560 significatione
1200 1508 1306 1546 vocis
1326 1507 1520 1561 disputans
1539 1513 1739 1553 annotavit
1756 1515 1817 1554 in-

89 1562 220 1616 telligi
237 1565 359 1616 operis
378 1561 546 1616 obscoeni
558 1565 835 1615 patrationem.
891 1562 1001 1616 Quid
1021 1563 1264 1607 intellexerit,
1288 1562 1460 1603 divinare
1483 1579 1553 1604 nec
1573 1566 1721 1619 possum
1742 1583 1813 1610 nec

88 1618 201 1659 volo:
230 1617 294 1658 sed
324 1631 521 1671 perperam
554 1617 773 1658 intellexisse
798 1617 943 1658 doceor
972 1632 1015 1658 ex
1047 1616 1238 1670 Gloffarz'o
1271 1617 1320 1656 dli
1352 1618 1497 1671 (langii
1530 1622 1742 1674 „Afillare
1759 1625 1814 1666 est

89 1704 115 1724 ,‚
144 1686 240 1726 opus
259 1683 412 1712 naturae
432 1671 574 1722 facere,
603 1684 644 1712 ut
664 1671 822 1712 dicitur:
853 1673 945 1713 dum
967 1671 1153 1721 asellaret,
1183 1673 1305 1713 emisit
1326 1673 1512 1714 intestina.
1570 1676 1634 1716 Est
1655 1691 1726 1730 pro
1747 1679 1817 1718 ad-

88 1727 296 1779 „fillare,
324 1725 379 1766 ad
394 1726 535 1779 fillum
565 1729 640 1775 ire,
670 1738 711 1766 ut
742 1727 844 1779 apud
873 1727 1008 1766 Gallos
1036 1726 1131 1765 aller
1161 1726 1185 1765 ax
1213 1727 1252 1765 la
1272 1727 1408 1780 sblle'’.
1468 1729 1557 1769 Nec
1591 1734 1683 1772 meis
1710 1733 1814 1775 libris

89 1783 210 1837 magis
231 1782 397 1835 pepercit
417 1781 565 1831 Iselius,
594 1795 679 1821 cum
701 1780 790 1821 estet
820 1782 983 1826 amicus,
1015 1795 1128 1834 quam
1152 1781 1268 1830 mihi,
1301 1782 1502 1835 postquam
1523 1784 1643 1826 faffiius
1660 1787 1714 1827 cst
1743 1789 1814 1829 ho-

89 1838 162 1878 stis.
217 1836 417 1877 Habebam
444 1836 634 1890 exemplar
663 1836 808 1889 aliquot
835 1836 1086 1889 Epistolarum
1118 1836 1296 1889 scriptum
1326 1850 1414 1878 ante
1437 1839 1508 1878 hos
1529 1854 1650 1881 annos
1671 1841 1814 1884 ducem

90 1903 174 1938 tos,
204 1892 241 1931 in
264 1891 400 1945 quibus
420 1891 556 1931 dantur
576 1890 748 1930 Consilia
767 1890 1009 1944 Theologica
1034 1890 1370 1940 Reforinatorum,
1402 1892 1451 1933 de
1470 1894 1636 1936 ineunda
1654 1890 1811 1939 concor·

88 1947 154 1988 dia
182 1948 278 1986 inter
307 1945 512 1986 Ecclesiam
543 1945 781 1985 Gallicanam
814 1948 853 1984 ὅ(
883 1946 1063 1985 Ecclesias
1082 1946 1337 1987 Protestai'ites
1360 1946 1589 1990 Germaniae
1607 1955 1646 1990 ὃ(
1666 1953 1811 1995 Ηείνεὲ

87 2003 185 2051 tiae,
203 2000 254 2041 ad
275 2000 525 2040 Guilielmnm
556 1999 750 2055 Bellajum
780 1999 945 2053 legatum
974 2001 1092 2053 regis,
1122 2014 1215 2054 quas
1247 2000 1302 2041 H.
1334 2001 1517 2042 Gratiam
1539 2006 1640 2058 typis
1660 2008 1811 2050 excusas

86 2056 252 2097 habuisse
278 2055 384 2096 disco
412 2070 459 2096 ex
477 2055 598 2108 Oper.
625 2056 705 2108 ejus
725 2054 865 2096 Theol.
897 2056 1012 2095 Torn.
1043 2056 1114 2096 IV.
1144 2055 1193 2109 pj
1212 2060 1238 2095 6
1244 2068 1306 2109 34.
1360 2057 1435 2109 Eas
1465 2072 1551 2098 cum
1573 2060 1682 2101 lselio
1704 2077 1810 2105 com-

86 2112 384 2152 municaveram:
415 2124 501 2151 cum
521 2125 611 2151 vero
630 2109 849 2151 reddidisset
869 2109 890 2160 ζ
894 2110 1075 2150 reddebat
1090 2112 1214 2159 enim,
1243 2125 1339 2164 qnae
1359 2115 1492 2153 mutuo
1513 2116 1731 2169 acceperat)
1743 2118 1811 2159 de-

85 2166 272 2221 prehendi
299 2167 417 2207 varias
447 2166 527 2219 ejus
554 2166 821 2206 annotationes
840 2166 1002 2219 margini
1019 2166 1134 2207 libelli
1155 2167 1229 2223 mei
1251 2166 1472 2220 adscriptas,
1501 2183 1594 2223 quas
1615 2185 1717 2212 nunc
1737 2173 1810 2214 hac

85 2221 282 2262 occasione
300 2222 509 2275 producere
527 2221 687 2262 decrevi.
933 2232 935 2234 ·
1249 2228 1252 2231 ”
1472 2256 1474 2258 ,

139 2278 199 2317 Ex
221 2277 388 2330 Epistola
407 2277 570 2330 qupari
591 2276 785 2317 Hedionis
804 2279 1063 2332 Argentorato
1089 2279 1150 2318 28.
1182 2279 1281 2332 Aug.
1318 2289 1334 2316 1
1348 2291 1436 2330 534.
1459 2278 1614 2334 scripta':
1645 2310 1669 2331 „
1683 2283 1810 2339 Chry-

88 2362 113 2382 „
144 2331 326 2372 sostomus
353 2333 392 2372 in
420 2333 718 2373 Commentariis
746 2333 794 2373 ad
814 2333 1087 2373 Timotheum:
1120 2334 1238 2374 Nulla
1259 2345 1425 2375 creatura
1446 2339 1659 2377 communis
1681 2342 1718 2377 &
1736 2340 1809 2380 im-

87 2414 114 2436 „
145 2386 296 2427 munda.
352 2387 392 2427 Si
423 2393 437 2408 ⁸
462 2389 668 2427 communis
698 2388 764 2438 sit,
793 2388 1113 2428 medicamentum
1143 2388 1195 2428 est
1218 2389 1254 2427 in
1275 2401 1481 2442 promptu,
1519 2391 1667 2445 [ignum
1690 2396 1810 2435 crucis

88 2472 113 2492 „
144 2442 195 2481 illi
218 2443 394 2495 impone,
424 2443 576 2482 Gratias
597 2457 666 2497 age
684 2443 794 2491 Deo,
826 2444 915 2483 Deo
933 2443 1093 2496 gloriam
1112 2440 1227 2497 refer]
1261 2448 1275 2463 Χ
1301 2442 1464 2485 Videtur
1485 2445 1689 2500 legendum
1709 2463 1808 2489 com·

87 2527 113 2547 ,‚
141 2500 302 2536 munst:
340 2497 635 2552 Chrysostomus
662 2497 819 2551 quidem
840 2498 982 2552 scripsit
1003 2494 1096 2537 κοινὸν
1118 2498 1163 2538 sc.
1194 2496 1360 2547 κτίσμα;
1388 2498 1452 2539 sed
1472 2501 1610 2542 Latine
1629 2502 1708 2543 dici
1725 2519 1806 2544 non

87 2552 209 2605 potest
229 2561 404 2591 creatura
424 2566 625 2594 commune.
1541 2604 1545 2608 ῃ
1569 2590 1572 2595 ,

165 2621 201 2659 p.
229 2621 264 2660 p.
304 2638 329 2656 ,,
357 2609 443 2661 Ego
465 2609 630 2661 optarim
651 2608 827 2663 Collegia
849 2612 888 2648 &
918 2608 1153 2649 Monasteria
1178 2613 1193 2629 '‘
1222 2607 1378 2649 Semnia
1396 2609 1492 2660 esse,
1521 2610 1598 2651 hoc
1615 2613 1691 2664 est,
1720 2615 1804 2655 loca

87 2691 112 2711 „
142 2661 409 2708 honestorum,
441 2675 481 2704 ut
502 2663 679 2704 Eusebius
700 2662 856 2718 inquit]
881 2672 895 2686 x
916 2677 1011 2718 puto
1029 2665 1098 2718 leg.
1128 2663 1301 2704 heterias
1319 2680 1365 2705 ex
1388 2666 1541 2707 Graeco
1561 2665 1732 2720 ἑταιρίας,
1762 2671 1806 2710 li-

85 2746 110 2766 „
141 2728 198 2756 cet
216 2717 254 2757 in
277 2718 406 2758 Euseb.
437 2732 613 2772 quaerere
632 2733 734 2759 nunc
751 2733 832 2759 non
854 2722 995 2759 vacet'’.
1511 2745 1513 2747 ·

165 2785 200 2824 p.
230 2786 266 2825 p.
295 2804 321 2823 „
353 2774 483 2823 Haec,
514 2774 567 2813 mi
598 2773 779 2825 Ulriche,
807 2775 904 2814 intra
933 2788 1071 2827 paucas
1091 2774 1224 2824 horas,
1254 2774 1580 2829 quemadmodum
1609 2779 1731 2829 nosti,
1761 2790 1803 2820 ut

85 2853 111 2873 ‚‚
139 2826 328 2868 Dominus
343 2828 523 2872 donavit,
552 2829 618 2882 qui
635 2829 970 2882 spiritumaeonsilii
986 2829 1073 2879 dat,
1101 2834 1116 2851 ⁸
1136 2833 1271 2885 cuique
1290 2830 1339 2870 ad
1360 2831 1571 2874 mensuram
1583 2860 1594 2880 ,
1626 2833 1700 2873 huc
1709 2849 1803 2877 cori-

88 2905 117 2927 μ
146 2880 253 2936 geffi]
278 2883 300 2923 l.
330 2884 485 2936 cujus'’.
514 2882 619 2923 Vide
638 2884 751 2924 Rom.
782 2883 872 2924 XII.
897 2899 932 2937 3.
961 2884 1107 2935 Ephes.
1137 2883 1206 2926 IV.
1237 2898 1272 2937 7.
1431 2892 1434 2895 “

169 2935 226 2975 Ex
246 2933 413 2991 Epistola
431 2937 600 2977 Conradz·
619 2937 821 2979 ‘Pellicani
840 2939 975 2993 scripta
993 2939 1131 2994 Tiguri
1152 2952 1211 2991 17.
1234 2940 1389 2993 Januar.
1423 2953 1439 2978 1
1454 2953 1499 2994 53
1511 2955 1544 2991 5.
1573 2943 1801 2992 „Monachi

87 3013 114 3036 ‚‚
144 2987 226 3030 sunt
240 2991 405 3033 docendi
425 3008 470 3034 ex
489 2993 620 3033 Verbo
641 2994 739 3039 Dei,
768 3007 847 3034 non
867 2994 1073 3035 secundum
1093 2994 1317 3036 traditiones
1338 2995 1545 3046 humanas,
1575 2997 1603 3036 fi
1616 3003 1631 3017 ’¹
1650 3011 1799 3038 contra-

86 3071 111 3090 „
142 3043 216 3103 riae
237 3045 571 3099 deprehenduntur
592 3047 781 3101 scripturis
801 3048 1045 3105 Canonicis]
1078 3055 1093 3071 Χ
1112 3049 1216 3090 deest
1235 3061 1349 3102 puto,
1378 3053 1493 3091 non''.
1522 3052 1609 3106 Ego
1631 3066 1710 3091 non
1732 3067 1800 3105 pu-

86 3107 150 3144 to·,
180 3097 219 3137 id
248 3102 351 3141 enim
379 3102 407 3144 fi
433 3102 627 3157 scripsiffet
652 3104 882 3157 Pellicanus,
913 3118 1071 3146 omnem
1097 3105 1328 3146 concordiae
1357 3104 1672 3159 redintegrandae
1692 3106 1798 3159 spem

80 3151 325 3203 praecidisset.
1794 3193 1795 3196 ,

967 3213 993 3255 S
1024 3225 1045 3252 2
1743 3212 1803 3254 Ex
