1976 3519
119 236 174 282 34
501 222 1501 266 PROLEGOMENA.

118 313 148 355 fi
169 326 301 355 verum
320 310 433 361 esset,
463 310 641 364 probaret
663 310 820 365 quidem
837 341 847 357 ,
876 310 960 351 illos
982 311 1205 351 Latinorum
1227 308 1398 350 Codices
1419 320 1564 350 veteres
1583 308 1753 351 manfisse
1767 342 1778 361 ,
1805 323 1848 352 ut

121 381 229 409 erant
256 367 382 420 scripti
411 367 458 405 ab
489 367 623 414 initi03
654 366 756 406 indev
774 377 902 405 tamen
923 366 1079 406 minime
1097 365 1409 419 consequeretur,
1437 378 1504 405 eos
1525 365 1572 404 ab
1593 366 1703 405 initio
1722 367 1849 406 inco'r-

123 435 234 477 rupte
256 434 371 475 atque
390 420 551 461 fideliter
572 420 781 473 descriptos
801 420 917 462 fuiffe.

177 477 300 531 Qiod
339 476 365 516 fi
395 490 512 529 porro
542 476 776 516 Criticorum
795 475 973 525 audacia,
1003 476 1069 530 qui
1089 473 1290 515 indostum
1314 475 1505 516 Graecum
1528 475 1656 515 Latini
1682 474 1850 518 hominis

120 534 232 574 nobis
262 546 333 587 pro
363 531 509 572 fincero
538 531 835 585 Evangeliorum
862 530 992 571 Textu
1022 531 1221 571 venditant
1245 561 1256 580 ,
1296 530 1459 570 excusari
1480 532 1541 570 vix
1564 530 1707 584 potest,
1736 531 1854 585 longe

120 591 247 629 minus
276 586 507 628 excusandus
536 585 687 626 videtur
717 585 809 625 alter
837 585 899 625 ille
919 601 1045 634 error,
1075 600 1154 639 quo
1176 585 1288 625 nobis
1309 586 1462 625 unicum
1485 586 1642 635 testem,
1672 584 1854 639 adeoque

119 645 273 685 unicam
305 642 468 682 Codicis
495 655 575 681 non
604 642 777 694 optimae
798 653 913 681 notae
931 642 1216 689 auctoritatem,
1248 652 1319 693 pro
1339 639 1486 681 duobus
1508 640 1661 680 testibus
1683 640 1857 693 graviffi-‚

121 699 216 748 mis,
248 698 548 750 au&oritateque
567 697 675 735 omni
694 696 920 748 exceptione
942 696 1076 748 majori
1098 696 1378 749 produxerunt,
1407 695 1498 735 dum
1527 695 1574 734 ad
1600 697 1783 747 Stephani
1794 695 1856 744 see,

120 754 289 794 cundum
313 756 351 791 &
369 751 419 791 ad
441 749 817 804 Cantabrigiensem,
846 763 936 791 ltem
957 752 1004 790 ad
1029 751 1376 790 Claromontanum
1397 754 1430 788 δι
1461 750 1856 800 san-Germanenseni

120 808 335 850 identidem
367 806 502 847 iisdem
532 806 626 846 locis
647 818 869 859 provocant.
928 805 1160 859 Cujusmodi
1181 805 1311 858 supina
1331 805 1559 859 negligentia
1581 805 1606 844 fi
1628 806 1665 844 in
1691 806 1854 846 Morino

121 874 238 917 atque
270 863 445 902 Simonio
476 861 632 914 aliisque
662 860 860 900 toleranda
887 861 962 909 est,
994 875 1125 900 vereor
1147 873 1295 909 tamen,
1325 872 1366 899 υτ
1390 862 1490 900 sseza
1514 860 1591 912 ipse
1613 874 1719 900 omni
1741 861 1854 914 culpa

121 929 269 967 careat,
300 931 424 970 neque
453 918 620 970 reperio,
650 915 853 969 quomodo
883 916 1004 969 ipsum
1034 916 1190 954 crimine
1217 915 1341 954 minus
1363 914 1500 953 sincera
1525 914 1599 954 fide
1619 915 1853 955 administra-

121 984 183 1014 tae
210 974 264 1013 rei
292 973 447 1012 liberare
465 984 613 1024 queam.
671 971 761 1010 Sine
782 970 900 1011 dubio
920 972 1023 1010 enim
1045 970 1135 1010 scire
1155 970 1304 1023 potuit,
1337 969 1441 1009 suum
1463 969 1654 1010 codicem
1681 973 1855 1025 hvange-.

121 1028 260 1069 liorum
283 1028 385 1080 prius
405 1041 426 1066 a
448 1025 620 1065 familiari
641 1025 708 1065 suo
730 1026 928 1080 Stephano
946 1026 1164 1066 >adhibitum
1186 1024 1316 1074 fuisse,
1339 1028 1377 1063 &
1391 1024 1638 1064 nihilominus
1649 1024 1697 1064 ad
1711 1037 1855 1065 utrumq

121 1097 198 1137 que
225 1082 388 1135 saepius,
417 1094 601 1134 tanquam
631 1080 768 1121 diverfi
794 1081 964 1121 Codices
995 1080 1088 1130 fint,
1118 1092 1315 1133 provocat.
1377 1081 1586 1133 Utcunque
1609 1078 1676 1129 fit,
1706 1079 1857 1134 (neque

120 1138 224 1178 enim
253 1150 473 1191 quenquam
505 1137 546 1175 in
579 1150 618 1176 re
639 1136 793 1189 paulum
816 1135 936 1176 modo
960 1135 1075 1176 dubia
1094 1136 1175 1189 ejus
1195 1134 1373 1176 audaciae
1395 1134 1642 1186 infimulabo)
1671 1135 1738 1188 qui
1758 1135 1857 1188 eju&

121 1192 232 1232 modi
253 1192 371 1245 impia
391 1191 535 1239 verius,
564 1205 702 1245 quam,
731 1203 773 1231 ut
791 1191 909 1246 vulgo
930 1190 1146 1244 appellant,
1179 1191 1241 1244 pia
1266 1189 1396 1229 fraude
1418 1189 1648 1243 grassantur,
1677 1191 1730 1230 rei
1741 1190 1856 1230 Chri-

122 1247 263 1288 stianac
280 1246 436 1301 pessime
457 1246 681 1296 consulunt,
712 1245 891 1300 suamque
912 1245 1074 1286 caussam
1099 1245 1307 1299 suspestam
1327 1245 1455 1299 potius
1477 1245 1653 1286 reddunt.

401 1301 499 1342 Non
522 1301 599 1341 tali
617 1300 790 1352 auxilio,
822 1315 889 1341 nec
910 1300 1174 1355 defensorlbus
1195 1301 1279 1352 istis

397 1356 559 1410 Tempus
588 1364 686 1409 eget.

175 1412 385 1453 Caeterum
404 1425 491 1452 cum
514 1411 558 1452 fit
586 1410 766 1451 omnibus
792 1410 951 1451 Indiciis
971 1411 1165 1451 vetustatis
1186 1410 1341 1465 insignis
1361 1411 1424 1451 hic
1443 1410 1605 1460 Codex,
1636 1414 1673 1449 &
1699 1409 1859 1453 fortaffis

122 1469 319 1517 omnium,
349 1468 415 1521 qui
443 1481 546 1507 nunc
571 1466 789 1520 supersunt,
819 1466 1122 1520 antiquiffimus;
1154 1480 1241 1506 curn
1271 1465 1477 1519 saepissime
1497 1466 1614 1519 vulgo
1634 1465 1748 1506 editis
1767 1480 1858 1507 con-.

123 1522 278 1572 sentiat,
308 1522 395 1563 licet
426 1523 465 1561 in
487 1521 615 1562 multis
633 1521 841 1574 discrepet,
871 1522 936 1561 ubi
955 1533 1082 1561 tamen
1104 1535 1190 1561 curn
1212 1521 1382 1562 Patribus
1403 1526 1440 1560 δι
1467 1520 1713 1561 Verfionibus
1735 1525 1774 1560 ὅτ
1795 1535 1860 1561 ve-

122 1578 264 1619 teribus
284 1577 365 1617 aliis
388 1576 602 1617 Codicibus
624 1575 737 1617 facit:
766 1590 848 1617 non
871 1574 1257 1630 plane'spernendum
1279 1580 1318 1616 δε
1345 1575 1577 1617 abolendum
1591 1603 1601 1621 ,
1631 1588 1673 1616 ut
1693 1576 1748 1617 A.
1776 1577 1859 1617 Ar-

121 1632 236 1673 naldo
256 1633 419 1686 placuit,
447 1631 513 1672 sed
534 1631 664 1672 sedulo
684 1630 965 1682 evolvendum,
996 1635 1035 1670 &
1052 1632 1159 1685 juxta
1180 1631 1274 1671 alios
1296 1643 1440 1672 veteres
1458 1631 1751 1685 ponderandum
1769 1645 1857 1671 cen-

122 1687 198 1729 seo.
252 1689 367 1741 Quae
385 1688 501 1728 etiam
523 1687 651 1727 Bezae
671 1685 744 1726 fuit
763 1686 970 1737 sententia,
1000 1700 1067 1740 qm
1088 1698 1215 1726 tamen
1239 1686 1327 1726 huic
1349 1686 1493 1726 Codici
1503 1685 1732 1740 plusculum,
1745 1699 1862 1740 quam

122 1756 193 1797 par
211 1754 311 1791 erat,
341 1742 492 1791 tribuit,
522 1753 609 1780 cum
626 1741 737 1793 saepe
757 1740 870 1793 hujus
892 1742 1002 1780 unius
1023 1742 1070 1780 ab
1091 1741 1313 1781 austeritate
1334 1740 1581 1794 pependerit,
1611 1741 1767 1795 ejusque
1788 1741 1861 1782 Le-

123 1795 655 1848 &iones,contradicentibus
673 1795 853 1836 omnibus
881 1794 962 1835 aliis
982 1795 1218 1845 Codicibus‚
1249 1795 1440 1844 Patribus,
1455 1794 1863 1849 Verfionibusque‚le÷

122 1853 220 1893 &ori
249 1851 459 1893 obtruserit.
515 1851 719 1904 Quantum
739 1850 827 1890 sane
847 1850 940 1891 nulli
960 1864 1131 1905 unquam
1152 1849 1296 1891 Codici
1315 1850 1514 1904 fingulari,
1545 1850 1615 1890 nisi
1635 1865 1693 1892 res
1715 1850 1795 1905 ipsa
1818 1851 1863 1894 id

124 1906 310 1962 postulet,
340 1904 584 1947 tribuendum
604 1904 790 1945 existimo.
1836 1938 1855 1941 ,-

183 1963 287 2002 Cum
307 1974 431 2001 meam
451 1959 501 2001 de
522 1958 722 2013 Stephani,
736 1958 931 2008 Secundo,
960 1958 1176 2014 eodemque
1199 1959 1336 1999 Bezae
1355 1959 1431 2000 five
1451 1959 1764 2014 Cantabrtgienfi
1780 1962 1865 2004 Co·

126 2016 214 2058 dice
241 2016 501 2070 conjecturam
526 2016 588 2055 ΑΟ.
615 2026 733 2068 1730.
762 2014 802 2053 in
818 2013 1107 2068 Prolegomenis
1128 2014 1293 2068 primum
1315 2014 1613 2068 proposuissem‚
1641 2015 1787 2057 editum
1808 2018 1863 2064 est

125 2073 231 2113 ann'o
250 2071 421 2126 sequenti
442 2069 638 2124 Specimen
659 2068 1051 2118 Animadverfionum
1069 2071 1111 2109 in
1133 2069 1431 2121 Prolegomena,
1459 2084 1503 2110 ea
1535 2071 1794 2121 immodestia,
1824 2088 1863 2113 a-

126 2127 308 2168 cerbitate
325 2139 440 2180 atque
460 2124 602 2165 malitia
622 2123 824 2177 scriptum,
852 2136 894 2164 ut
916 2124 1010 2165 illud
1031 2124 1154 2165 statim
1177 2124 1420 2179 seponerem,
1450 2125 1724 2180 consiliumque
1745 2126 1861 2168 libelli

128 2181 326 2223 refellendi
345 2181 558 2235 abjicerem.
615 2179 822 2233 Postquam
845 2193 937 2219 vero
957 2179 1108 2230 audivi,
1140 2181 1308 2220 hominis
1329 2180 1507 2221 ferociam
1527 2193 1641 2234 atque
1663 2181 1863 2223 confiden-

128 2238 223 2278 tiam
245 2238 416 2277 incautos
436 2234 627 2289 quosdam
645 2234 806 2275 led'tores
823 2233 1010 2288 decepisse
1029 2235 1142 2289 (nam
1160 2249 1246 2275 cum
1265 2249 1403 2289 magna
1425 2236 1545 2276 malae
1567 2236 1728 2290 superest
1748 2237 1863 2278 auda·

128 2293 187 2333 cia
206 2291 336 2332 causae
357 2322 369 2341 ,
409 2290 592 2331 Creditur
623 2304 644 2329 a
663 2289 791 2330 multis
812 2288 974 2343 fiducia)
1003 2290 1043 2329 in
1063 2305 1196 2331 eorum
1216 2291 1376 2346 gratiam
1395 2291 1522 2331 oblata
1539 2305 1642 2332 nunc
1662 2292 1862 2335 occasione

129 2348 205 2396 uti,
236 2350 296 2397 &,
327 2361 423 2401 quae
442 2346 539 2385 mihi
557 2344 721 2398 objecit,
749 2346 963 2386 examinare
984 2346 1103 2386 statui.
1406 2367 1409 2369 <

185 2402 404 2443 Scommata
423 2400 580 2455 quidem
599 2400 680 2454 ‘ejus
704 2403 742 2439 &
763 2400 938 2440 convicia
958 2414 1038 2440 non
1058 2414 1209 2451 moror,
1238 2415 1337 2455 quae
1357 2401 1501 2442 austori
1522 2401 1588 2442 suo
1609 2402 1862 2456 potiusquam

128 2457 225 2497 mihi
257 2471 395 2497 nocere
425 2455 604 2510 poffunt·,
634 2457 730 2510 quin
760 2456 876 2495 etiam
907 2455 1050 2505 fateor,
1090 2456 1203 2496 risum
1233 2456 1328 2496 mihi
1348 2458 1467 2510 magis
1490 2471 1605 2511 quam
1627 2457 1864 2500 stomachum

130 2511 311 2561 movisse,
340 2511 448 2566 quod
480 2511 520 2550 in
554 2510 653 2560 fine,
683 2522 866 2564 tanquam
896 2512 1066 2552 aculeum
1096 2511 1307 2552 relisturus:
1342 2514 1499 2562 Unum,
1530 2512 1674 2566 inquit,
1704 2513 1864 2553 verbum

128 2567 330 2611 duntaxat
358 2566 484 2611 add03
513 2565 557 2618 fi
581 2567 824 2609 Anonrmum
853 2566 1198 2607 hunctcon-venire
1230 2566 1393 2612 liceret,
1423 2569 1459 2606 ei
1478 2567 1702 2620 fizaderem,
1733 2576 1777 2606 ut
1799 2581 1862 2607 no'-

126 2623 341 2674 -mensitum
360 2621 487 2660 ederet
499 2647 510 2667 ‚
540 2634 586 2660 ne
602 2635 627 2660 a
649 2619 820 2661 tenebris
839 2630 908 2660 aut
931 2635 955 2661 a
976 2621 1112 2662 nebula
1135 2620 1206 2677 ipst
1219 2635 1350 2661 nomen
1369 2621 1620 2673 adhaerescat
1632 2644 1642 2669 ·,
1656 2623 1747 2662 baec
1759 2622 1863 2664 enini

128 2676 288 2717 dicteria
308 2690 370 2716 me
390 2690 469 2716 non
498 2688 700 2730 pungunt,
729 2689 820 2716 nam
839 2677 927 2717 licet
947 2691 1091 2717 nomen
1113 2690 1240 2717 meum
1260 2676 1548 2730 Prolegomenis
1569 2690 1662 2718 tunc
1681 2691 1761 2718 non
1785 2676 1864 2718 fiae·-

129 2734 187 2773 rit
203 2731 410 2785 praefixum
424 2761 436 2782 ‚
466 2745 582 2771 nemo
601 2743 750 2781 tamen,
781 2745 826 2771 ex
844 2746 924 2786 quo
942 2732 1166 2781 editasunt,
1178 2743 1242 2772 aut
1259 2732 1451 2785 ignoravit
1476 2743 1539 2772 aut
1559 2731 1766 2781 dubltavit,
1779 2733 1864 2786 quis

127 2788 263 2827 eorum
281 2785 399 2826 esset.
420 2787 585 2826 Auctor:
615 2798 655 2827 tu
687 2800 803 2836 vero,
833 2788 1035 2839 Anonyme
1060 2786 1186 2844 Belga
1206 2786 1277 2837 (ita
1296 2787 1399 2826 enim
1421 2787 1568 2826 vocaris
1585 2787 1623 2825 in
1653 2787 1862 2829 Miscellan.

127 2842 403 2896 Duisburgens.
431 2854 470 2893 p.
499 2841 618 2894 493.)
650 2845 689 2881 ὃ(
719 2842 879 2891 latuisti,
910 2846 950 2881 &
978 2841 1106 2882 adhuc
1136 2842 1252 2887 lates,
1281 2844 1344 2891 Sc,
1373 2852 1415 2881 ut
1436 2841 1589 2891 lateres,
1621 2841 1786 2881 libellum
1807 2855 1864 2883 tu·-

129 2910 196 2937 utn
216 2910 296 2937 non
316 2895 595 2936 Amstelodami
618 2896 682 2936 sed
706 2896 880 2936 Londim
897 2896 961 2936 edi
984 2897 1139 2944 curasti,
1169 2897 1260 2937 idne
1281 2896 1387 2936 alteri
1407 2896 1696 2944 criminidaffls,
1726 2909 1767 2936 ut
1777 2911 1865 2938 cum

128 2951 324 2992 Cicerone
342 2951 497 3005 loquar,
530 2950 637 3004 quod
657 2951 795 2992 eodem
813 2953 1047 3005 temporerin
1069 2951 1204 2992 eadem
1227 2952 1424 3006 provincia
1448 2962 1488 2991 tu
1509 2950 1587 3005 ipse
1610 2950 1755 2990 fecisti?
1786 2956 1866 2992 Au·-

127 3006 237 3047 debis
266 3007 318 3046 ita
347 3005 517 3047 accusare
547 3005 703 3046 alterum
725 3037 738 3055 ,
778 3018 820 3046 ut
842 3037 854 3056 ‚
891 3021 971 3060 quo
1001 3009 1127 3047 minus
1155 3019 1236 3047 tute
1265 3007 1547 3051 condemnere,
1587 3006 1753 3046 recusare
1782 3020 1864 3048 non

125 3061 280 3116 postis?
318 3061 411 3101 Hae
449 3073 575 3100 tamen
610 3071 742 3101 acutae
771 3064 811 3100 &
841 3060 1060 3114 ingeniosae
1088 3063 1308 3116 elegantiae.
1328 3058 1544 3101 meruerunt
1566 3088 1578 3105 ‚
1625 3074 1667 3100 ut
1705 3062 1865 3114 Anony-

131 3130 220 3156 mus
238 3116 328 3169 iste,
384 3118 536 3168 uisquis
562 3114 628 3154 ille
644 3115 724 3166 stt,
751 3116 898 3167 judicio
930 3115 1139 3168 instruffus
1155 3115 1439 3169 prudentffmo
1461 3115 1649 3156 diceretur
1669 3117 1714 3155 ab
1731 3117 1805 3156 alio
1825 3131 1865 3156 a·

123 3186 330 3228 >nonym0‚
362 3171 469 3211 elicis
499 3170 656 3225 quidem
676 3171 901 3221 memoriae,
931 3169 997 3213 sed
1019 3171 1156 3212 null-ius
1171 3171 1508 3225 judiciihomine,
1539 3172 1580 3211 in
1611 3171 1748 3212 iisdem
1770 3171 1864 3211 Mis-2

130 3227 221 3269 colli·
243 3227 446 3282 Duisburg.
474 3240 512 3281 p.
548 3238 637 3281 507.
670 3227 763 3278 508.
971 3256 977 3260 .
1588 3262 1596 3271 ,
1782 3226 1865 3267 Co·
