1976 3519
461 229 1464 276 PROLE-GOMENA.
1734 250 1813 293 143

74 352 101 374 ,‚
132 320 289 376 ligentia
309 319 488 361 collatum
506 317 646 358 minori
666 315 812 366 forma,
841 315 1186 369 minutioribusque
1212 318 1326 372 regiis
1351 319 1630 364 charasteribus
1654 323 1723 365 tibi
1750 339 1814 367 ex·

73 408 100 429 „
129 376 326 424 cudimus3
357 374 466 416 Idem
487 387 589 414 nunc
608 373 744 412 iterum
766 375 804 410 &
825 371 962 416 tertio,
991 385 1077 411 cum
1099 370 1235 411 iisdem
1256 373 1460 426 collatum,
1491 378 1698 430 majoribus
1718 395 1813 422 vero

72 462 98 484 „
128 432 242 472 etiam
271 431 384 485 regiis
411 430 512 484 typis
540 427 716 468 excusum
737 427 807 466 tibi
826 426 1034 466 offerimus.
1063 448 1129 457 ----
1157 427 1291 480 primo¹
1313 428 1632 484 Complutensem
1662 435 1817 477 Editio-

71 517 99 538 „
127 501 216 527 nem
243 486 450 539 intelligas,
479 497 576 537 quae
606 483 700 522 olim
729 481 779 521 ad
812 480 1067 535 antiquiffima
1096 482 1324 536 exemplaria
1345 482 1417 524 fuit
1435 487 1589 537 excusa,
1617 490 1677 530 cui
1708 503 1813 532 certe

71 569 99 592 ‚‚
128 556 213 581 cum
235 541 370 582 nostris
391 540 505 579 mirus
524 549 604 578 erat
625 538 664 577 in
684 536 855 590 plurimis
875 535 1088 577 consensus,
1123 537 1294 577 Graece:
1323 533 1366 577 τὲ
1396 536 1432 578 δὲ
1453 557 1492 581 a..
1520 541 1656 586 βιβλίον
1684 543 1743 589 {cf-l
1767 542 1814 585 τὸ

73 595 102 636 ἒν
124 596 277 646 Σπανίᾳ,
304 611 398 635 ποτε
428 590 603 643 τυπωΘὲν,
631 588 737 632 κατά
764 607 841 631 τινα.
865 588 1075 645 ἄντῖγςοιφα.
1101 589 1169 632 ‘rim
1190 591 1442 646 ἀςχοιιοταίτων
1470 594 1533 637 καὶ
1552 596 1814 651 ἐικςιβετῖάτωγ,

72 651 240 693 secundo
267 653 340 691 ὅτε.

128 706 291 760 εᾷζιιανινα
319 703 486 758 denique
504 701 690 757 Stephani
708 701 842 743 Editio
862 701 1009 756 prodiit
1029 702 1214 744 Genevae
1244 717 1257 743 1
1272 716 1364 755 551.
1395 705 1435 745 in
1456 705 1624 750 ottavo.
1665 708 1814 753 Textus

72 761 175 802 idem
205 760 260 801 est
289 775 333 800 ac
362 758 623 813 praecedens;
661 757 731 798 nisi
759 757 868 811 quod
897 756 1041 812 singula
1071 758 1216 811 Capita
1251 759 1293 799 in
1322 772 1448 802 certos
1473 762 1676 805 verficulos
1708 779 1815 807 nunc

71 815 227 856 demum
246 814 365 856 divisa
384 813 545 855 fuerint:
573 813 682 866 cujus
702 813 851 853 inventi
869 811 929 853 his
949 812 1073 853 verbis
1093 814 1268 854 meminit
1287 813 1387 856 filius
1405 816 1459 855 H.
1475 816 1692 871 Stephanus
1703 834 1812 874 prae-

70 871 215 913 fatione
234 869 401 925 praefixa
424 867 730 909 Concordantiis
747 867 906 909 Graecis
925 867 981 909 N.
1002 867 1054 908 T.
1113 902 1137 918 „
1160 869 1380 920 Ultimum,
1409 872 1517 925 quod
1538 874 1580 913 in
1598 874 1724 916 literas
1744 876 1812 917 Sa-

69 958 98 980 „
125 939 223 975 cra8‚
254 925 314 966 vel
338 925 465 979 potius
485 938 613 964 earum
638 923 820 966 lectores,
844 936 982 976 parens
1008 936 1114 964 meus
1149 924 1344 966 Robertus
1375 927 1537 968 contulit
1558 928 1809 983 beneficium,

69 1013 97 1034 ,‚
124 981 248 1021 minus
273 980 355 1020 aliis
384 994 465 1020 non
494 978 622 1028 fuine,
653 978 719 1032 qui
742 977 940 1031 judicant,
969 991 1050 1018 non
1074 978 1238 1034 insagaci
1265 979 1340 1021 effe
1365 981 1515 1034 judicio
1540 984 1719 1027 videntur
1745 1011 1812 1021 --—-

68 1068 96 1090 ‚,
125 1035 275 1076 Lutetia
284 1033 516 1089 Lugdunum
528 1047 662 1088 petens
675 1034 795 1083 hanc,
807 1032 859 1074 de
869 1047 945 1087 qua
956 1034 1101 1087 agitur,
1114 1034 1266 1088 Capitis
1287 1035 1470 1091 cujusque
1489 1051 1698 1095 catacopen
1717 1056 1811 1082 con—

69 1120 96 1141 „
126 1090 239 1140 fecit,
267 1094 306 1131 &
327 1089 485 1145 quidem
503 1102 683 1143 magnam
703 1089 785 1141 ejus
805 1089 905 1129 inter
924 1088 1178 1143 equitandum
1209 1103 1368 1143 partem.
1390 1115 1454 1123 —--
1483 1093 1684 1136 inventum
1714 1097 1810 1139 illud

71 1179 99 1199 ‚,
127 1146 240 1191 simul
258 1147 298 1187 in
317 1146 440 1186 lucem
461 1144 567 1185 simul
588 1145 628 1184 in
650 1144 826 1184 omnium
844 1144 1005 1198 gratiam
1029 1144 1158 1194 venit,
1191 1144 1374 1199 simulque
1392 1147 1431 1186 in
1455 1159 1600 1190 tantam
1629 1153 1812 1193 autorita-

70 1230 98 1250 ‚,
128 1213 226 1247 tem,
253 1211 296 1242 ut
314 1199 418 1255 quasl
437 1201 770 1240 exauctorarentur
788 1199 882 1239 aliae
899 1199 950 1239 T.
972 1199 1028 1239 N.
1059 1199 1135 1240 sive
1157 1200 1329 1241 Graecae
1351 1201 1427 1242 five
1446 1203 1607 1246 Latinae
1628 1205 1704 1248 five
1717 1207 1812 1248 Gal-

68 1289 95 1310 „
124 1257 216 1297 licae
237 1255 312 1297 five
332 1256 587 1297 Germanicae
607 1253 685 1295 five
703 1254 745 1294 in
764 1254 838 1295 alia
854 1254 1054 1296 vernacula
1074 1254 1204 1310 lingua
1224 1255 1448 1307 Editiones‚
1479 1272 1576 1313 quae
1605 1261 1808 1303 inventum

71 1344 98 1365 ‚‚
125 1310 165 1352 id
185 1311 331 1352 secutae
349 1325 430 1352 non
449 1310 580 1352 client.

123 1366 200 1408 His
219 1365 454 1420 explicandis
472 1365 666 1420 sequentia
682 1363 870 1409 addimus.
906 1378 939 1404 1.
959 1364 1132 1406 Codices
1156 1366 1269 1406 MSS.
1294 1380 1374 1407 non
1395 1382 1416 1407 a
1441 1369 1621 1411 Roberto
1649 1370 1812 1426 Stepha-

71 1436 129 1464 no
151 1455 162 1473 ,
191 1421 255 1462 sed
283 1421 330 1462 ab
357 1422 438 1476 ejus
465 1420 546 1461 filio
564 1451 578 1471 ,
620 1432 713 1461 tunc
743 1420 927 1474 temporis
953 1421 1173 1461 otrodecim
1200 1435 1389 1462 annorum
1421 1437 1565 1476 puero,
1594 1438 1660 1467 aut
1687 1428 1812 1483 inspe-

69 1478 181 1528 θος,
210 1488 274 1518 aut
290 1491 379 1518 cum
397 1475 518 1517 editis-
527 1475 687 1517 collatos
710 1474 842 1523 fuiss'e;
871 1474 913 1515 id
936 1475 1044 1528 quod
1067 1487 1148 1517 tum
1168 1476 1247 1529 ipse
1278 1477 1516 1530 praefatione
1535 1480 1593 1522 N.
1614 1483 1665 1524 T.
1690 1487 1810 1535 1587.

70 1532 165 1575 editi
186 1532 310 1573 innuit
339 1559 363 1582 ‚‚
385 1531 588 1586 plusquam
609 1531 764 1585 triginta
785 1542 931 1572 veteres
950 1531 1167 1584 Scripturae
1188 1532 1304 1572 libros
1336 1533 1453 1574 VIDI
1474 1565 1485 1584 ,
1516 1537 1655 1590 partim
1685 1538 1725 1579 in
1756 1554 1814 1581 re-

68 1619 95 1640 „
124 1588 182 1643 gis
208 1587 359 1628 Galliae
380 1587 641 1634 Bibliotheca,
660 1586 849 1640 (quorum
868 1586 1112 1627 autoritatem
1133 1590 1171 1626 ὅ(
1196 1587 1312 1628 fidem
1335 1601 1443 1642 pater
1461 1604 1567 1632 meus
1588 1593 1626 1631 in
1648 1593 1710 1634 illa
1730 1595 1813 1635 edi-

69 1674 97 1695 „
125 1647 232 1684 tione
262 1641 399 1697 grandi
429 1641 573 1683 secutus
601 1641 712 1693 est,)
741 1642 879 1695 partim
912 1642 951 1682 in
981 1641 1122 1682 Italicis
1136 1645 1179 1690 '³3
1211 1655 1290 1683 tum
1308 1645 1422 1683 etiam
1447 1645 1519 1685 Th.
1543 1646 1812 1690 Beza-mani-

75 1698 204 1740 festius
222 1697 268 1738 ab
287 1697 371 1752 ipso
388 1696 526 1737 didicit
539 1730 550 1746 ‚
570 1699 609 1735 &
629 1696 669 1735 in
687 1695 934 1737 dedicatione
953 1696 1010 1736 N.
1022 1696 1073 1737 T.
1094 1697 1331 1738 Elisabethae
1350 1699 1515 1753 Angliae
1539 1701 1716 1756 Reginae
1745 1708 1812 1746 ΑΟ.

77 1765 96 1794 ’.ι
109 1760 200 1804 564.
228 1752 288 1792 his
308 1752 430 1792 verbis
447 1751 642 1805 exposuit:
673 1781 699 1799 ‚,
728 1750 793 1791 Ad
808 1750 901 1791 haec
920 1751 1052 1790 omnia
1072 1751 1221 1791 accessit
1243 1754 1437 1805 exemplar
1456 1768 1502 1794 ex
1524 1756 1711 1810 Stephani
1740 1774 1813 1801 no·

70 1836 98 1859 ‚‚
128 1807 191 1847 stri
220 1806 458 1848 Bibliotheca
488 1819 577 1846 cum
604 1805 741 1846 XXV.
769 1805 854 1859 plus
881 1806 1007 1846 minus
1034 1806 1188 1847 vetustis
1210 1807 1422 1848 Codicibus
1451 1813 1489 1848 &
1513 1813 1692 1853 omnibus
1713 1827 1813 1867 pene

71 1893 100 1915 „
128 1862 310 1917 impressis
336 1861 384 1901 ab
413 1861 588 1901 Henrico
617 1859 812 1914 Stephano
845 1860 926 1915 ejus
957 1859 1039 1900 filio
1059 1892 1070 1910 ,
1100 1864 1137 1901 δε
1170 1873 1350 1915 paternae
1380 1863 1586 1907 sedulitatis
1621 1868 1784 1911 haerede
1800 1896 1821 1921 ,-

74 1948 102 1970 „
131 1931 246 1972 quam
271 1916 551 1972 diligentissime
580 1915 765 1955 collatum
785 1918 819 1956 ”.
875 1916 935 1955 Eo
956 1915 1101 1956 facilius
1122 1915 1232 1969 spero
1256 1916 1372 1957 fidem
1393 1919 1487 1959 mihi
1509 1921 1662 1963 habebit
1692 1924 1812 1967 lestor

74 1973 299 2023 affirmanti,
329 1986 426 2026 quac
453 1972 557 2011 Beza
587 1969 637 2011 de
665 1969 1081 2025 diligentiaStephani
1112 1972 1307 2024 praedicat
1338 1984 1416 2012 tam
1444 1974 1518 2016 ess'e
1541 1976 1811 2032 hyperbolica,

75 2041 192 2082 quam
219 2042 264 2068 ea
295 2041 392 2082 quae
425 2026 475 2068 dc
498 2024 634 2067 XXV.
665 2025 749 2079 plus
778 2026 904 2066 minus
925 2025 1139 2066 Codicibus
1160 2027 1273 2067 MSS.
1304 2038 1453 2069 tantum
1475 2045 1555 2071 non
1578 2047 1671 2073 vero
1690 2033 1816 2089 dupli-

74 2095 162 2124 cato
181 2097 341 2123 numero
362 2082 477 2136 paulo
497 2093 586 2122 ante
607 2080 776 2128 dixerat·,
805 2081 946 2121 Testor
967 2094 1093 2122 autem
1119 2112 1130 2130 ‚
1159 2096 1220 2123 me
1248 2082 1434 2135 Stephani
1466 2087 1629 2139 primum
1643 2119 1656 2139 ,
1686 2089 1814 2132 secun-

76 2138 190 2189 dum,
222 2139 400 2178 ostavum
413 2165 424 2183 ‚
454 2150 624 2182 nonum,
653 2136 845 2176 decimum
867 2137 1043 2190 quintum
1065 2137 1201 2177 iterum
1222 2137 1483 2189 conferendo,
1505 2145 1544 2181 &
1568 2142 1614 2182 V.
1630 2145 1671 2184 L.
1687 2159 1707 2184 a
1728 2146 1816 2187 Ku.

77 2193 174 2234 stero
200 2207 246 2234 ex
273 2192 426 2234 decimo
451 2192 566 2233 tertio
587 2195 624 2231 ὅς
645 2190 798 2232 decimo
826 2205 964 2246 quarto
992 2192 1114 2232 editas
1135 2207 1221 2233 cum
1254 2193 1496 2247 Stephanicis
1526 2201 1815 2252 comparando,

78 2249 118 2288 in
135 2248 193 2291 his
216 2249 280 2288 vix
298 2248 486 2288 decimam
505 2247 651 2287 illarum
674 2258 821 2298 partem
852 2246 1156 2300 deprehendisse.
1215 2248 1361 2289 Utrum
1384 2251 1498 2304 igitur
1519 2253 1572 2292 H.
1597 2254 1815 2308 Stephanus

79 2303 314 2359 negligenter
333 2318 380 2344 an
402 2302 566 2344 studiose
586 2303 625 2342 in
642 2302 723 2349 hoc·
743 2303 902 2356 negotio
924 2302 1088 2343 versatus
1112 2303 1154 2344 lit
1175 2333 1188 2351 ‚
1216 2304 1369 2344 Leston
1392 2306 1683 2359 dijudicandum
1706 2312 1818 2352 relin-

79 2372 168 2413 quo,
205 2358 313 2399 ldem
334 2361 431 2398 circa
453 2359 618 2412 primum
641 2357 829 2410 Stephani
852 2357 1046 2398 Codicem
1065 2358 1143 2411 jam
1168 2358 1383 2400 observavit
1403 2362 1550 2403 Millius
1571 2366 1668 2417 prol.
1695 2380 1708 2405 i
1723 2373 1816 2407 226.

79 2444 105 2464 ,‚
134 2415 179 2454 In
200 2429 301 2462 uno,
329 2414 476 2468 inquit,
505 2426 607 2453 certe
636 2413 842 2466 exemplari
864 2413 1134 2467 Complutensi
1157 2414 1362 2455 Leffiones
1393 2420 1478 2470 plus
1502 2419 1634 2459 DCC.
1662 2422 1816 2463 omiss'as

80 2498 107 2520 ,‚
136 2470 175 2508 in
208 2469 278 2508 hac
311 2469 493 2509 Editione
519 2467 867 2521 deprehendimuS,
897 2468 974 2508 hoc
994 2469 1048 2508 est
1070 2468 1185 2522 longe
1207 2469 1330 2522 plures
1351 2484 1467 2524 quam
1486 2487 1583 2527 quae
1603 2475 1643 2514 in
1673 2485 1717 2516 ea
1746 2492 1819 2517 no-

77 2551 106 2572 ‚,
137 2536 234 2564 tatae
257 2524 361 2570 sunt,
390 2538 514 2577 neque
533 2525 636 2563 enim
658 2522 864 2575 adscriptas
886 2523 1016 2564 videre
1044 2524 1097 2563 est
1124 2528 1222 2563 ultra
1252 2525 1489 2567 DXCVIII.
1543 2528 1688 2584 Neque
1716 2545 1818 2573 certe

82 2605 108 2628 ,‚
138 2578 316 2619 credibile
343 2579 396 2619 est
427 2579 613 2632 majorem
642 2577 813 2618 habitam
846 2577 953 2619 fuisse
996 2589 1232 2620 caeterorum
1270 2580 1451 2623 librorum
1482 2584 1670 2626 rationem
1700 2601 1819 2642 quam

95 2660 107 2680 ‚
133 2634 215 2674 His
236 2634 334 2674 anici
351 2637 386 2675 ”.

81 2662 93 2684 ⁹
137 2649 241 2730 Curfn
260 2689 353 2729 haec
373 2689 413 2728 in
433 2689 551 2742 priori
569 2688 939 2742 Prolegomenorum
959 2686 1132 2729 editione
1151 2689 1350 2730 attulissem
1363 2723 1374 2741 ‚
1399 2693 1626 2746 Anonymus
1646 2696 1818 2750 quidam,

82 2758 166 2784 cum
190 2758 268 2797 quo
287 2744 397 2784 nobis
417 2743 525 2797 supra
546 2758 603 2784 res
624 2743 694 2784 fuit
718 2758 755 2797 p.
781 2756 854 2796 34,
883 2756 924 2784 ut
948 2744 1089 2784 honori
1109 2745 1164 2785 H.
1184 2745 1370 2799 Stephani
1393 2751 1433 2787 &
1453 2749 1504 2790 T.
1527 2750 1652 2791 Bezae
1679 2751 1820 2794 scilicet

84 2799 309 2849 consuleret,
339 2801 533 2853 utriusque
552 2799 772 2840 testimonio
792 2798 1019 2851 apertiffime
1041 2801 1080 2838 δε
1100 2798 1421 2842 confidentissime
1442 2805 1697 2846 contradixit:
1729 2806 1821 2847 Fal-

74 2854 163 2907 sum
182 2853 252 2905 est,
282 2854 405 2908 inquit
434 2868 472 2908 p.
495 2856 529 2893 8.
560 2854 776 2894 Henricum
798 2853 1037 2908 Stephanum
1052 2864 1215 2907 puerum
1234 2859 1376 2895 varias
1399 2857 1577 2899 left'iones
1614 2875 1627 2900 1
1642 2874 1675 2909 5.
1707 2863 1822 2903 Codi-

86 2920 169 2946 cum
190 2909 399 2962 collegiffe‚
430 2918 474 2948 ut
494 2912 536 2949 in
557 2911 727 2963 margine
747 2922 810 2949 an.
842 2924 856 2947 1
872 2922 963 2959 550.
984 2917 1222 2963 ponerentur
1242 2934 1292 2941 --—
1315 2911 1474 2966 Constat
1495 2914 1713 2957 Henricum
1735 2916 1821 2956 Ste-

78 2962 251 3016 phanum
274 2963 356 3016 posl
384 2963 612 3005 Editionem
647 2978 709 3005 an.
744 2977 865 3013 1550.
896 2964 977 3004 cod.
1005 2963 1127 3006 MSS.
1157 2964 1323 3020 undique
1352 2968 1582 3023 conquisttos
1609 2972 1820 3025 contuliffe.

80 3017 199 3071 Juvat
221 3017 352 3070 igitur,
381 3019 461 3059 aliis
481 3033 527 3059 ex
555 3019 764 3060 abundanti
787 3019 907 3060 allatis
929 3020 983 3060 H.
1004 3019 1191 3072 Stephani
1209 3022 1435 3064 testimoniis
1456 3024 1497 3064 id
1517 3025 1625 3078 quod
1655 3027 1820 3067 diximus

87 3070 321 3113 confirmare.
349 3075 399 3114 In
419 3074 612 3125 Thesauro
626 3074 804 3128 Linguae
817 3076 989 3114 Graecae
1005 3075 1136 3128 passim
1159 3074 1295 3116 diserte
1316 3078 1491 3129 testatur,
1513 3079 1549 3119 se
1561 3080 1732 3121 Codices
1741 3082 1821 3120 Te-

87 3126 263 3166 stamenti
284 3127 391 3168 Novi
411 3124 609 3182 contulisse
626 3163 637 3178 ‚
668 3141 815 3182 patrem
836 3144 928 3171 vero
947 3130 1055 3171 istam
1076 3130 1321 3171 collationem
1340 3132 1574 3186 adhibuiffe‚
1603 3149 1690 3175 cum
1702 3134 1754 3173 N.
1766 3134 1818 3174 T.

85 3181 294 3222 excuderet.
347 3211 375 3234 „
403 3182 455 3224 T.
486 3196 519 3225 1.
547 3197 585 3239 p.
616 3185 713 3226 888.
746 3198 782 3228 2.
799 3186 881 3228 Pet.
907 3184 957 3227 11.
991 3198 1054 3237 14.
1082 3182 1296 3239 πλεονεξίας.
1333 3188 1452 3229 Hanc
1468 3189 1573 3229 enim
1590 3188 1818 3239 leffionem,

1676 3274 1707 3295 „
1737 3257 1819 3285 non
