1976 3519
109 244 186 285 242
558 229 939 266 ΕΥΑΓΓ

106 319 218 372 army,
248 313 308 357 ital
331 315 469 364 ἤλθομεν
489 312 719 366 προσκυνῆσαι
739 311 850 363 αὐτῷ.

147 469 234 508 ἀντῷ]
254 465 326 495 &urbia
347 477 389 503 ¹5-
407 469 458 497 Ev.
481 478 525 496 21.
547 468 597 495 Ed.
618 467 717 504 Erasmi
736 477 760 495 i.

997 230 1378 265 EAION

1775 217 1825 270 ΙΙ.

930 309 1098 353 Ἀκούσας
1114 309 1150 351 δὲ
1174 308 1324 362 Ἱ-Ιρῶὃης
1344 308 1359 351 ὃ
1381 308 1547 356 βασιλεὺς
1577 310 1795 382 ι’ῑίἰῖιραίχὲηἶ
1828 329 1847 369 3

1733 385 1795 409 >cett

150 520 176 546 3.
195 506 299 546 Ἠρώῶις
314 508 324 533 ὁ
339 505 476 546 {iota-insite]
495 505 644 539 όβοισιλεὺς
665 503 776 543 Ἡρώδης.
794 506 831 533 D.
856 514 878 533 Ι.
901 504 964 533 Eus.
984 505 1022 532 D.
1042 512 1069 539 7.
1091 512 1116 530 2.

108 596 170 627 quo
192 585 315 615 nomine
332 582 361 613 id
372 583 484 624 insigne
493 582 651 614 simulacro
661 582 765 623 capitis
774 582 856 621 ejus,
877 579 959 622 quod

111 638 183 660 mox
201 629 231 658 in
248 628 316 658 soro
335 625 594 666 consecravimus,
613 624 760 664 adjectum
777 625 829 655 est.
873 624 959 655 Haec

110 671 158 702 ille
175 673 204 701 in
222 669 396 711 publicum,
419 669 559 699 interiore
577 667 685 710 gaudio
701 666 835 698 sibiillud
845 675 962 704 natum,

112 713 198 755 seque
218 714 247 743 in
265 722 302 743 eo
320 711 398 742 nasci
414 712 568 742 arbitratus
580 709 640 750 est,
650 711 683 741 &
694 732 702 747 ‚
715 717 747 740 ut
758 719 861 741 verum
874 709 965 740 fatea-

114 766 202 796 mur,
224 755 343 787 salutare
374 753 404 785 id
426 755 508 785 terris
525 753 589 784 fuit.
633 755 744 782 Lucan.
765 751 791 782 1.
815 762 886 792 529.
907 752 967 782 cri-

114 809 245 839 nemque
261 796 386 829 timendi
405 796 502 827 sideris
514 820 523 836 ,
544 796 578 827 &
596 797 679 826 terris
707 803 874 825 mutante-:n
904 794 966 825 Re-

114 852 172 883 gna
194 849 342 872 cometen.
365 837 512 880 Juvenal.
534 837 587 869 VI.
610 847 683 878 407.
706 836 869 868 instantem
889 837 965 877 Regi·

116 885 262 915 Armenio
283 882 450 922 Parthoque
470 889 608 912 cometen
625 881 721 920 prima
741 879 834 913 videt.
876 883 966 910 Lam-

109 927 221 967 pridius
247 925 330 956 Alex.
354 926 456 955 Sever.
484 932 530 963 ¹3·
553 923 657 954 Fertur
675 921 767 962 pridie
785 922 887 953 natalis
907 923 967 962 ejus

114 979 177 1001 tota
195 969 242 1000 die
261 966 338 1008 apud
359 967 470 997 Arcam
491 965 662 996 Caesaream
675 964 755 995 stella
773 966 885 1005 primae
904 974 967 999 ma-,

114 1011 276 1053 gnitudinis
296 1009 364 1040 visa.
383 1009 501 1039 Diodor.
524 1011 578 1040 Sic,
604 1018 650 1040 11.
676 1017 730 1048 30.
750 1006 788 1038 ’έςι
804 1007 968 1045 ὃὲᾌτεκομῆ-

115 1069 162 1084 των
179 1055 265 1093 ἀςέρων
286 1051 405 1085 {mr-ollone
429 1069 492 1076 ——-
516 1050 658 1089 ὧφξλιῖυιους
686 1064 713 1080 τε
737 1049 782 1079 καὶ
798 1049 968 1089 βλωβὶρὶις,ἐ

114 1099 185 1134 μόνον
208 1095 281 1125 ’estinan-z
309 1094 354 1124 noct*
384 1094 467 1127 τόποις
486 1117 493 1128 ,
515 1092 589 1123 ἀλλὶι
614 1093 657 1123 καὶ
673 1096 833 1128 βασιλεῦσι,
855 1092 898 1121 nal
918 1096 968 1125 τοῖς

416 1133 528 1167 Suet'on.
551 1135 637 1166 Caes.
661 1134 709 1165 88.
731 1134 760 1164 in
773 1134 901 1165 deorum
910 1144 965 1164 nu-

115 1191 231 1212 merum
248 1180 351 1210 relatus
366 1178 426 1220 est,
448 1188 512 1209 non
528 1188 580 1209 ore
597 1177 691 1208 modo
718 1176 943 1208 decernentium
954 1198 964 1214 ,

114 1224 162 1255 sed
181 1225 214 1256 &
234 1222 415 1265 persuasione
435 1222 528 1263 vulgi.
549 1221 691 1262 siquidem
709 1219 802 1259 ludis,
825 1220 966 1260 quospri-

115 1277 168 1299 mo
193 1265 378 1298 consecratos
402 1266 430 1295 ei
455 1264 551 1294 haeres
569 1262 717 1305 Augustus
736 1262 863 1303 edebat,
887 1261 967 1293 stella

115 1311 222 1341 crinita
249 1318 299 1350 per
325 1307 433 1348 septem
452 1307 513 1337 dies
530 1307 692 1338 continuos
717 1304 812 1343 fulsit,
834 1306 967 1336 exoriens

115 1354 196 1385 circa
223 1350 413 1383 undecimam
438 1349 554 1380 horam.
586 1348 802 1388 Creditumque
819 1347 862 1379 est
875 1350 889 1387 ,'
905 1348 969 1378 ani-

116 1405 198 1427 mam
222 1394 278 1426 esse
303 1392 434 1424 Caesaris
457 1394 488 1423 in
512 1392 632 1423 coelum
657 1392 784 1430 recepti·
808 1391 842 1421 ὃ(
860 1390 917 1421 hac
934 1391 970 1421 de

116 1437 213 1470 cauffa
230 1437 388 1468 simulacro
408 1436 468 1474 ejus
477 1436 506 1465 in
516 1435 628 1466 vertice
637 1434 752 1465 additur
764 1432 853 1464 stella.
877 1432 971 1464 Clau-

114 1482 168 1512 dio
187 1480 239 1520 46.
261 1478 412 1519 Praesagia
431 1479 536 1509 mortis
552 1477 639 1518 ipsius
655 1477 813 1518 praecipua
829 1475 968 1515 fuerunt,

115 1533 234 1555 evortus
262 1522 384 1552 crinitae
412 1520 523 1559 stellae,
553 1529 644 1560 quam
672 1526 813 1549 cometen
848 1526 971 1549 vocant.

115 1566 295 1607 Vespasiano
315 1574 367 1595 ν.
391 1563 475 1594 Cum
493 1564 568 1594 inter'
586 1561 724 1603 prodigia
742 1569 927 1592 caetera„—
939 1561 973 1595 &

117 1610 199 1641 stella
228 1608 335 1638 crinita
361 1607 392 1638 in
410 1607 497 1637 coelo
515 1605 690 1646 adparuiffet
712 1602 829 1633 —ad
846 1602 975 1634 Partho-

116 1661 186 1683 rum
203 1660 320 1692 regem,
342 1650 393 1688 qui
419 1649 571 1689 capillatus
584 1645 673 1685 effer,
693 1644 974 1688 pertineredicebat.

119 1693 268 1726 claudian.
288 1692 323 1722 de
340 1691 398 1722 IV.
417 1690 487 1722 Cos.
510 1689 644 1721 Honorii
663 1708 728 1713 —-
745 1697 818 1718 cum
828 1687 911 1718 solita
919 1689 976 1717 rni-

117 1737 157 1767 les
182 1745 211 1767 te
235 1743 313 1767 voce
331 1732 450 1765 levasset
468 1751 533 1757 ---
553 1732 613 1763 visa
632 1733 722 1762 etiam
741 1729 842 1761 medio
858 1729 978 1770 populis

118 1778 296 1810 mirantibus
312 1775 408 1807 audax
429 1774 509 1805 stella
527 1773 574 1805 die
593 1792 656 1798 ψ-
675 1781 794 1815 apparet
806 1794 814 1809 ,
838 1773 911 1813 quid
923 1771 979 1812 sig-

118 1832 156 1853 na
177 1822 272 1852 ferant
282 1844 292 1860 ,
314 1827 438 1850 ventura
455 1816 582 1858 potestas
599 1817 702 1848 claruit
714 1815 863 1854 Ascanio,
884 1813 980 1846 subita

119 1875 191 1896 cum
207 1864 276 1895 luce
294 1862 609 1893 comaruminnocuus
621 1860 754 1900 flagraret
764 1868 857 1899 apex,
881 1857 977 1899 Phry-

118 1908 231 1950 gioque
256 1905 377 1937 volutus
412 1904 524 1935 vertice
543 1902 638 1934 fatalis
661 1902 814 1932 redimiret
839 1908 976 1941 tempora

119 1951 248 1981 candor.
266 1948 307 1979 At
325 1955 373 1976 tua
392 1945 532 1977 coelestes
551 1944 697 1976 illustrant
715 1944 817 1974 omina
827 1943 977 1980 flammae..

119 1995 236 2023 Tacitus
253 1991 292 2022 A.
314 1988 404 2021 XIV.
415 1998 464 2019 22.
489 1986 574 2019 Sidus
591 1995 724 2019 cometes
733 1985 842 2017 effulsit
853 1984 908 2023 ‚de
916 1995 978 2026 quo

120 2035 205 2076 vulgi
220 2033 324 2075 opinio
334 2032 378 2063 est
389 2056 398 2071 ‚
419 2039 558 2072 tanquam
569 2030 764 2061 mutationem
773 2029 847 2069 regis
856 2036 981 2069 porten-

122 2077 181 2109 dat.
224 2076 317 2117 Igitur
341 2073 421 2115 quasi
443 2075 506 2114 jam
531 2072 653 2115 depulso
677 2072 824 2111 Nerone,
846 2071 982 2111 quisnam

124 2121 318 2161 deligeretur,
354 2117 552 2158 inquirebant.
597 2114 645 2146 Ut
669 2124 743 2146 vero
770 2123 871 2154 regem
894 2113 980 2144 illum

125 2165 156 2194 in
181 2162 294 2202 Judaea
322 2168 423 2190 natum
449 2159 620 2198 crederent,
641 2158 720 2188 fama
735 2155 877 2198 impulsos
895 2155 980 2187 fuisse

124 2215 228 2248 puto,
256 2203 462 2244 percrebuerat
487 2202 565 2232 enirn
598 2201 723 2232 Oriente
750 2209 816 2231 toto
842 2207 927 2231 vetus
944 2199 979 2230 &

125 2247 264 2280 constans
289 2246 412 2286 opinio,
434 2243 491 2275 effe
512 2245 544 2275 in
561 2244 644 2283 fatis,
667 2252 699 2274 ut
717 2253 754 2274 eo
773 2251 908 2283 tempore
922 2240 979 2280 Ju-

127 2291 199 2322 daea
215 2288 342 2329 profecti
359 2297 457 2318 rerum
476 2288 650 2329 potirentur.
695 2285 730 2317 Id
748 2303 812 2308 —
823 2283 928 2325 Judaei
943 2283 980 2315 ad

128 2334 155 2364 se
174 2333 317 2364 trahentes
326 2330 522 2366 rebellarunt,
544 2333 656 2360 Sueton.
678 2328 795 2369 Vespas.
819 2338 852 2369 4.
876 2326 981 2358 similia

129 2376 240 2407 habent
255 2378 370 2405 Tacitus
389 2372 466 2414 Hist.
489 2372 528 2405 V.
551 2382 599 2413 13.
619 2368 782 2413 Joftphus,
803 2371 836 2402 &
853 2369 982 2410 scripto-

131 2430 174 2450 res
201 2419 248 2450 N.
270 2418 312 2448 T.
334 2415 385 2455 qui
411 2417 499 2446 etiam
524 2412 642 2446 narrant
658 2415 770 2446 multos
788 2411 986 2444 Pseudochri-

131 2461 191 2492 stos
208 2471 239 2491 ea
255 2459 414 2491 occasione
431 2457 579 2499 prodiisse.

174 2504 222 2534 De
235 2502 303 2543 Jesu
319 2502 471 2533 nativitate
488 2501 521 2532 ὃ(
540 2501 705 2541 Magorum
723 2497 852 2530 adventu
871 2499 911 2529 ita
919 2496 990 2528 scri-

133 2547 180 2578 bit
199 2544 360 2576 chalcidius
382 2544 412 2573 in
429 2543 591 2574 Timaeum
608 2543 742 2575 Platonis
752 2540 793 2573 C.
817 2540 889 2573 VII.
922 2543 988 2572 126.

133 2589 186 2620 Est
204 2597 323 2629 quoque
345 2587 399 2618 alia
424 2585 549 2616 sanctior
575 2586 609 2617 δε
631 2584 824 2617 venerabilior
850 2583 990 2622 historia,

135 2641 208 2673 quae
225 2630 362 2672 perhibet
374 2651 384 2667 ‚
405 2637 473 2659 ortu
489 2628 584 2660 stellae
603 2627 759 2668 cujusdam
781 2636 845 2657 non
866 2627 991 2658 morbos

136 2682 306 2714 mortesque
329 2672 537 2709 denunciatas,
558 2670 604 2702 sed
630 2670 803 2702 descensum
821 2669 880 2700 Dei
901 2678 991 2701 vene-

135 2716 233 2748 rabilis
244 2715 280 2746 ad
290 2714 435 2745 humanae
447 2714 681 2745 conservationis
693 2736 702 2752 ‚
711 2721 868 2752 rerumque
879 2720 991 2742 morta-

137 2761 212 2790 lium
236 2758 369 2799 gratiam.
415 2756 518 2794 Quam
535 2756 649 2787 stellam
665 2765 737 2787 cum
761 2755 916 2786 no&urn0
943 2754 990 2784 iti-

137 2812 207 2833 nere
233 2798 418 2842 suspexissent
447 2798 669 2830 Chaldaeorum
695 2798 834 2840 profecto
851 2797 991 2837 sapientes

137 2846 215 2883 viri,
235 2845 268 2876 &
294 2841 529 2874 consideratione
553 2851 650 2872 rerum
669 2840 844 2872 coelestium
861 2838 926 2870 satis
940 2848 991 2869 ex-

138 2887 252 2918 ercitati
268 2910 278 2926 ,
305 2883 471 2926 quaesiviise
487 2883 626 2914 dicuntur
643 2892 792 2915 recentem
807 2891 909 2913 ortum
919 2882 991 2919 Dei,

139 2938 309 2970 repertaque
327 2927 374 2958 illa
393 2926 541 2966 majestate
560 2926 663 2967 puerili
681 2934 837 2959 veneratos
861 2925 937 2965 esse,
958 2925 993 2955 &

141 2981 214 3004 vota
232 2971 301 3001 Deo
316 2977 401 3001 tanto
419 2969 631 3000 convenientia
649 2967 839 3009 nuncupasse.

182 3012 400 3045 Inexcusabiles
420 3018 500 3042 erant
518 3010 644 3051 Judaei,
665 3012 718 3052 qui
733 3010 770 3041 ad
789 3008 995 3040 novamistam

142 3056 274 3096 stellam,
295 3064 370 3096 quae
392 3054 504 3096 Magos
521 3054 719 3094 excitaverat,
739 3053 875 3088 animum
893 3052 996 3093 adten—

142 3101 211 3130 dere
235 3099 442 3140 neglexerunt,
465 3096 535 3127 licet
562 3097 738 3127 vaticinium
757 3094 878 3126 Bileami
896 3094 997 3125 Num.

142 3141 268 3174 XXIV.
293 3150 340 3181 17.
363 3139 398 3171 de
417 3139 497 3170 stella
516 3147 550 3169 ex
558 3138 678 3178 Jacobo
689 3139 802 3170 oritura
811 3136 847 3168 ad
858 3135 998 3168 Meffiam

144 3186 292 3217 referrent.
318 3182 463 3223 Thargum
480 3180 618 3214 Onkelos:
641 3182 747 3224 Surget
763 3189 813 3212 tex
830 3189 865 3212 ex
877 3179 998 3223 Jacobo

114 1143 236 1176 τυχεῖἷων
254 1136 374 1170 [Restatis.

1003 580 1036 611 &
1063 577 1183 610 Meffias
1209 586 1335 620 ungetur
1349 588 1384 611 ex
1407 579 1527 620 Israele,
1548 578 1583 609 &
1599 579 1719 612 occidet
1735 582 1856 625 magna.

1004 631 1046 653 tes
1067 621 1181 662 Moab,
1202 621 1448 654 &dominabitur
1457 623 1598 663 omnibus
1611 621 1675 652 filiis
1684 623 1855 659 hominum.

1006 663 1182 704 Jonatban:
1207 664 1358 705 Regnabit
1384 665 1449 696 Rex
1467 674 1572 706 potens
1588 674 1604 695 e
1620 664 1716 696 domo
1727 666 1857 712 Jacobi,

1008 715 1132 747 ungetur
1163 706 1303 747 Messias,
1331 709 1364 740 &
1390 707 1538 749 sceptrum
1564 714 1669 748 potens
1693 719 1727 740 ex
1746 709 1860 744 Israele.

1009 748 1147 791 Hierosol.
1173 750 1279 790 Surget
1299 760 1347 781 rex
1364 759 1400 780 ex
1420 750 1517 782 domo
1532 749 1642 790 Jacobi
1660 752 1694 783 ὃς
1719 751 1859 786 liberator

1009 802 1043 822 ac
1068 791 1240 823 dominator
1264 802 1299 822 ex
1313 792 1409 824 domo
1428 792 1557 834 Israelis,
1585 793 1620 824 &
1637 793 1672 823 ad
1689 803 1812 828 comma
1831 807 1859 839 7.

1009 834 1104 876 surget
1130 844 1179 865 rex
1202 844 1308 866 eorum
1335 835 1401 866 filiis
1424 845 1530 866 eorum
1547 859 1557 874 ,
1585 835 1620 866 &
1644 835 1785 869 liberator
1807 849 1861 870 eo-

1010 887 1078 908 rum
1105 887 1139 908 ex
1171 877 1252 918 illis,
1285 878 1318 909 &
1344 879 1418 909 inter
1441 878 1507 909 illos
1538 878 1610 917 erit,
1639 878 1673 909 &
1699 890 1862 924 congrega-

1011 919 1055 951 bit
1073 921 1276 961 captivitatem
1297 930 1402 951 eorum
1418 920 1456 950 ab
1473 920 1546 951 urbe
1555 920 1862 954 adversariorum-

1011 962 1045 992 &
1077 962 1315 1004 magnificabitur
1342 971 1467 1003 regnum
1492 962 1616 994 Meffiae
1633 963 1736 1004 Regis.
1777 969 1862 999 Maia

1010 1005 1115 1036 monid.
1149 1005 1253 1037 Tradt.
1277 1004 1424 1038 Melakin.
1446 1015 1475 1035 c.
1508 1014 1556 1036 11.
1589 1015 1615 1036 1.
1645 1005 1802 1048 Sceptrum
1826 1019 1863 1042 o-

1010 1047 1099 1078 rietur
1123 1057 1159 1079 ex
1184 1047 1294 1079 Israele.
1338 1047 1404 1079 Hic
1419 1046 1463 1078 est
1479 1047 1547 1079 Rex
1565 1047 1695 1080 Meffias.
1737 1050 1778 1082 Et
1796 1060 1863 1093 per*

1012 1091 1104 1121 cutiet
1132 1090 1255 1132 angulos
1284 1089 1403 1121 Moabi.
1452 1090 1516 1122 Hic
1540 1089 1586 1122 est
1609 1090 1722 1122 David.
1747 1094 1782 1125 &
1807 1094 1864 1127 do-

1011 1132 1171 1164 minabitur
1204 1133 1271 1164 filiis
1293 1133 1374 1164 Seth.
1421 1132 1484 1164 Hic
1509 1132 1551 1163 est
1576 1143 1626 1164 rex
1650 1133 1771 1167 Meffias
1787 1161 1798 1178 ,
1825 1138 1865 1170 de
1909 1145 1912 1148 ’

1009 1184 1071 1215 quo
1094 1175 1238 1216 scripturn
1266 1176 1336 1215 est,
1363 1176 1411 1217 Ps.
1432 1174 1634 1208 LXXXVII.
1667 1176 1695 1208 8.
1724 1177 1866 1212 domina-

1010 1217 1093 1248 bitur
1119 1229 1136 1249 a
1162 1220 1235 1249 mari
1262 1219 1298 1250 ad
1323 1228 1422 1260 mare,
1451 1218 1485 1249 &
1501 1229 1518 1250 a
1534 1218 1629 1251 fluvio
1651 1218 1692 1250 ad·
1714 1220 1786 1253 fines
1807 1223 1866 1254 terh

1010 1270 1066 1291 rae.
1116 1260 1267 1302 Abenesra
1300 1262 1331 1291 in
1355 1261 1374 1292 l.
1416 1260 1511 1292 Multi
1535 1260 1613 1293 hanc
1636 1260 1750 1294 stellam
1774 1265 1866 1297 inter-

1011 1310 1160 1344 pretantur
1186 1303 1222 1334 de
1248 1303 1365 1335 Meffia.
1410 1302 1495 1344 Qid
1519 1304 1601 1345 quod
1627 1303 1718 1336 iidem
1739 1306 1866 1347 Judaei,

1012 1345 1171 1387 postquam
1199 1347 1248 1378 vix
1282 1344 1426 1378 CXXX.
1458 1347 1528 1377 anni
1551 1356 1568 1377 a
1592 1346 1716 1378 Christo
1740 1358 1812 1381 nato
1834 1361 1866 1382 e-

1012 1388 1082 1429 lapsi
1103 1388 1194 1420 effent
1208 1413 1219 1429 ,
1248 1389 1397 1429 quendam
1412 1413 1422 1430 ,
1451 1387 1680 1420 Barchochebam
1704 1394 1867 1433 cognomi-

1013 1439 1117 1462 natum
1136 1454 1146 1471 ,
1175 1438 1280 1471 magna
1318 1433 1489 1463 animorum
1515 1431 1708 1464 consensione
1728 1444 1785 1475 pro
1816 1443 1868 1467 ve⁴

1014 1483 1049 1504 ro
1076 1472 1183 1504 Meffia
1202 1474 1387 1512 habuerunt,
1406 1484 1439 1504 ea
1454 1473 1620 1514 praesertim
1634 1476 1749 1507 ratione
1765 1476 1868 1518 ducti,

1013 1515 1095 1556 quod
1112 1525 1224 1547 nomen
1241 1517 1302 1556 ejus
1307 1515 1403 1558 filium
1412 1515 1513 1557 stellae
1521 1516 1715 1558 significaret,
1734 1519 1869 1561 adeoque

1016 1557 1178 1600 Prophetia
1205 1558 1328 1590 Bileami
1352 1559 1378 1589 ei
1399 1560 1597 1597 conveniret,
1618 1559 1717 1592 donec
1735 1563 1869 1596 maximo

1018 1600 1071 1632 suo
1095 1600 1208 1632 damno
1223 1601 1302 1632 aliud
1318 1600 1419 1632 edocti
1436 1600 1499 1633 sero
1514 1603 1603 1633 nimis
1618 1602 1646 1634 se
1661 1602 1802 1645 deceptos
1818 1615 1871 1648 aga

1019 1643 1197 1682 noscerent,
1218 1644 1252 1674 &
1274 1643 1446 1686 impostoris
1472 1654 1585 1676 nomen
1609 1645 1641 1677 in
1657 1646 1870 1690 Barchosbam,

1023 1684 1106 1725 quod
1130 1684 1225 1716 filium
1253 1686 1402 1717 mendacii
1422 1685 1563 1726 denotat,
1582 1687 1787 1722 immutarent.
1808 1691 1869 1724 vid.

1019 1730 1114 1758 Buxt.
1141 1727 1214 1759 Lex.
1233 1727 1347 1759 Thalm
1361 1739 1390 1770 p.
1414 1728 1506 1759 1028.

1059 1769 1199 1802 Verbum
1235 1776 1376 1811 προσ-κυνεῖν
1407 1770 1586 1812 frequentius
1617 1773 1652 1804 δε
1685 1773 1807 1814 quidem
1839 1785 1872 1808 a-

1021 1812 1083 1854 pud
1107 1813 1264 1854 scriptores
1285 1813 1466 1854 ἐιττικωτίρους
1500 1824 1572 1846 cum
1601 1815 1668 1846 casu
1685 1826 1790 1857 quarto
1801 1819 1875 1858 jun-

1023 1855 1109 1887 <stum
1127 1857 1278 1888 occurrit:
1300 1866 1363 1888 non
1381 1865 1483 1890 tamen
1496 1857 1598 1889 desunt
1613 1857 1681 1889 loca
1695 1868 1758 1890 non
1775 1858 1873 1894 solum

1019 1897 1069 1930 N.
1092 1898 1135 1930 T.
1156 1899 1190 1930 &
1208 1901 1255 1928 τῶν
1273 1907 1305 1929 ο.
1328 1908 1433 1930 verum
1442 1898 1531 1930 etiam
1539 1900 1616 1941 apud
1628 1901 1771 1942 profanos
1781 1902 1875 1944 scrip-

1020 1948 1119 1980 tores,
1139 1941 1170 1972 in
1195 1940 1303 1981 quibus
1327 1951 1400 1972 curn
1420 1941 1487 1973 casu
1506 1944 1593 1974 tertio
1607 1943 1812 1976 construstum
1828 1956 1874 1977 re-

1021 1985 1144 2024 peritur.
1188 1985 1312 2015 Lucian.
1331 1984 1449 2026 Navig.
1472 1994 1523 2025 37.
1545 1991 1568 2016 οἱ
1592 1985 1715 2027 βάρβαροι
1732 1989 1876 2028 προσκυνεί-

1022 2040 1110 2056 τωσαν
1125 2029 1190 2065 ἡμῖν.
1207 2025 1313 2057 AElt'an
1334 2026 1377 2058 H.
1400 2027 1438 2058 A.
1463 2026 1507 2058 X.
1528 2037 1581 2067 24.
1603 2031 1687 2064 ‘tuda-q
1698 2044 1738 2059 τοι
1747 2028 1884 2071 mimae--

1024 2073 1142 2099 κυνοῧσιν.
1164 2068 1245 2101 Plut.
1265 2080 1297 2101 ln
1316 2068 1440 2101 camin.
1464 2079 1534 2111 145.
1554 2069 1596 2102 C.
1619 2070 1660 2101 b'rz
1670 2063 1876 2112 λουκξῆτιοςὲφη,

1024 2112 1193 2151 προσκυνήσεις
1228 2116 1263 2151 τῷ
1294 2114 1344 2152 3εῷ
1364 2137 1372 2147 ,
1401 2113 1566 2153 reperisse-32⁴⁵
1591 2111 1630 2145 τὶν
1653 2119 1745 2144 ἑαυτοῦ
1769 2116 1887 2155 ssiquos

1020 2153 1168 2200 xiphilin.
1188 2153 1225 2186 de
1242 2154 1419 2187 Decebalo:
1441 2155 1487 2185 nal
1501 2159 1523 2189 ἔς
1539 2154 1578 2188 τὴν
1594 2159 1636 2192 'fir
1651 2156 1732 2188 orto->ar
1747 2157 1877 2198 καὶπροσζ-

1023 2197 1129 2231 κυνῆσοις
1152 2199 1231 2237 αὐτῷ’.
1272 2196 1386 2230 AElian.
1410 2198 1450 2230 V.
1471 2197 1515 2230 H.
1544 2209 1570 2230 1.
1591 2209 1643 2231 21.
1680 2199 1821 2238 'Io-ptenn‘oiq‘
1836 2206 1877 2232 αι’-ἲ

1023 2241 1113 2276 σχύνης
1136 2239 1209 2279 χωρὶς
1231 2242 1282 2275 πῧς
1307 2245 1400 2281 Περσῶν
1423 2246 1536 2277 ,aaa-ize?
1559 2243 1737 2281 προσεκύνησεν.
1777 2242 1875 2281 Polyb.

1023 2282 1063 2314 V.
1086 2282 1135 2314 86.
1156 2284 1193 2325 aff
1205 2281 1254 2322 γὰρ
1272 2284 1340 2323 οὐιιᾷ
1359 2284 1443 2326 ταύτῃ
1459 2287 1565 2323 μᾶλλον
1584 2284 1628 2314 ἀεί
1637 2298 1687 2318 πως
1704 2290 1727 2315 οἱ
1743 2285 1818 2316 κατὰ
1826 2287 1890 2318 καῖ’

1024 2334 1067 2357 >inv
1080 2325 1166 2365 Συρίαν
1182 2323 1261 2362 σ”χλοι
1274 2331 1447 2366 προσκυνοῦσι.
1850 2348 1853 2350 ψ

1065 2373 1205 2407 Upon-xvv&
1239 2366 1395 2409 respondet
1428 2370 1502 2400 voci
1527 2368 1696 2401 Hebraicae
1716 2366 1879 2408 ΓιἾΠΠῐζη-’ῐ

1029 2410 1062 2442 &
1081 2410 1240 2451 fignificat,
1261 2418 1328 2442 toto
1344 2421 1472 2453 corpore
1498 2412 1530 2442 in
1546 2421 1652 2443 terram
1669 2411 1697 2443 se
1713 2413 1880 2454 prosterne-

1030 2463 1060 2483 re
1085 2453 1210 2484 honoris
1233 2453 1392 2486 exhibendi
1415 2453 1519 2485 caussa.
1561 2454 1688 2487 Comm.
1720 2466 1749 2486 2.
1769 2457 1881 2490 πεσόντες

1031 2498 1219 2535 προσεκύνησαν.
1260 2498 1332 2529 Gen.
1362 2496 1483 2529 XLIII.
1505 2498 1557 2530 26.
1591 2500 1691 2529 1.Cor.
1714 2497 1806 2530 XIV.
1828 2509 1878 2539 25.
1927 2501 1931 2506 '

1032 2538 1111 2569 xeo->av
1138 2539 1177 2569 ἐπὶ
1199 2539 1326 2578 πρὸσωπον
1349 2540 1515 2580 προτκννῆσει.
1554 2539 1688 2572 Schebuos
1710 2541 1742 2582 f.
1775 2542 1821 2572 16.
1851 2551 1879 2572 2.

1034 2580 1073 2615 &
1097 2580 1244 2620 Horajoth
1258 2581 1290 2624 f.
1314 2593 1343 2623 4.
1370 2592 1397 2613 1.
1425 2582 1582 2614 inclinatio
1599 2582 1683 2624 super
1701 2583 1883 2624 faciem,in-

1036 2625 1171 2655 curvatio
1188 2625 1218 2654 in
1238 2634 1350 2665 genua,
1372 2625 1505 2657 adoratio
1516 2649 1526 2665 ,
1541 2626 1672 2656 extensio
1683 2635 1884 2668 manuumpe·

1035 2666 1174 2708 dumque.
1205 2665 1296 2698 Ritus
1327 2675 1388 2698 erat
1422 2668 1572 2707 Persicus,
1587 2669 1726 2700 Herodot.
1755 2668 1779 2699 Ι.
1811 2678 1882 2710 134.

1035 2714 1058 2738 οἱ
1081 2710 1294 2746 συντυγχάνοντες
1317 2709 1343 2739 θ’
1365 2710 1506 2742 ὲλλῆλοισι
1533 2713 1553 2739 ἓν
1570 2711 1634 2745 τῆσι
1656 2710 1752 2745 ὁδοῖσι,
1775 2711 1835 2741 τὶἔδέ
1853 2710 1883 2741 ἄν

1034 2766 1072 2785 τις
1108 2751 1218 2786 ἓιοιγνέιη
1249 2756 1271 2781 εἰ
1298 2755 1380 2790 §pharos
1404 2751 1462 2782 ειὶτῖν
1486 2756 1509 2781 οἵ
1531 2744 1728 2789 ἔντυ’-’χχοὲνωτες.
1756 2743 1813 2784 &im-‘⁵¹
1834 2753 1884 2793 Ὑῖφ

1033 2798 1079 2846 ⁶203
1103 2792 1286 2834 προσ-αγορὲνειν
1311 2796 1428 2827 &aziam
1453 2794 1560 2831 φιλέω-ι
1586 2799 1654 2824 τοῖα-ι
1677 2796 1788 2833 rafinum.
1811 2793 1833 2828 ἓν
1857 2796 1884 2826 ἆῖ

1034 2850 1057 2878 ῃ·
1073 2836 1152 2875 ἕτερος
1184 2835 1330 2880 ὑφζοὲεέςερος
1367 2835 1443 2875 ὀλίγῳ
1460 2860 1468 2871 ,
1499 2834 1545 2869 τὶες
1566 2836 1666 2876 παρειὶκς
1687 2838 1826 2874 φιλέονται·
1862 2836 1884 2871 ἓν

1035 2878 1061 2909 δὲ
1085 2882 1172 2917 πολλῷ
1198 2882 1213 2920 ᾖ
1240 2877 1320 2917 ἕτερος
1343 2878 1487 2919 &ystris-spos
1504 2880 1690 2918 ,προσ-πίπτων
1705 2881 1883 2920 προσκυνεῖς-ὂν

1034 2921 1121 2961 ἕτερον,
1143 2929 1238 2961 quum
1262 2921 1294 2951 in
1318 2922 1367 2953 via
1393 2921 1446 2952 fibi
1471 2930 1636 2953 occurrunt
1652 2946 1660 2961 ‚
1691 2932 1726 2953 ex
1740 2923 1802 2954 hoc
1819 2925 1884 2964 quis

1039 2965 1203 3005 cognoscat
1226 2985 1237 3002 ,
1264 2973 1301 2993 an
1333 2973 1414 3004 pares
1439 2961 1509 2995 fint:
1531 2973 1602 2994 nam
1619 2964 1795 2996 salutationis
1814 2966 1885 2997 loco

1039 3017 1146 3038 mutuo
1172 3016 1224 3037 ora
1251 3005 1420 3037 osculantur
1436 3019 1445 3036 :
1474 3006 1556 3047 quod
1578 3007 1600 3038 fi
1626 3007 1695 3039 alter
1712 3008 1887 3040 fueritinfe-

1040 3051 1101 3081 rior
1119 3049 1227 3090 paulo,
1242 3048 1331 3079 malas
1350 3048 1534 3081 osculantur:
1558 3049 1600 3080 sin
1617 3059 1716 3081 autem
1732 3050 1801 3081 alter
1811 3050 1888 3080 mul-

1039 3101 1072 3123 to
1105 3092 1194 3123 fuerit
1231 3091 1414 3132 ignobilior,
1443 3091 1604 3134 prostratus
1628 3092 1731 3124 adorat
1753 3093 1886 3125 alterum.

1042 3133 1178 3176 Polyaen.
1198 3144 1229 3176 p.
1255 3133 1324 3175 328.
1349 3139 1379 3168 sse
1407 3133 1464 3169 *yo‘w
1482 3136 1606 3169 κλίναντες
1630 3141 1685 3167 ταῖν
1704 3140 1778 3175 χεροῖν
1793 3135 1888 3174 diceres<

1043 3186 1102 3215 βετι
1127 3178 1165 3209 τὴν
1179 3180 1222 3214 ’γ’ἦ·
1243 3195 1305 3202 --
1323 3182 1346 3208 οἱ
1364 3176 1390 3208 d}
1400 3177 1512 3219 Πέρσαι,
1527 3181 1624 3217 σχῆμα
1637 3178 1815 3218 προσ-κυήσεως
1831 3178 1889 3208 ‘'kiv-

1840 3234 1885 3253 ΤΚ.
