1976 3519
124 219 209 262 234

129 312 210 345 σαι,
241 289 400 339 ἓβουλῆθη
421 286 537 343 λάθςα.
556 288 742 329 ἀπολῦσαι
768 287 884 331 αὖτῆν.

161 452 205 470 20.
226 439 419 476 ἐιΞνυμιιθίντος]
436 435 592 474 ἔνθυμιεμιένκ
606 448 651 474 52.

552 206 1371 246 ETAF‚FEA10N
1799 202 1830 245 Ι.

967 289 1099 329 'saffira
1117 286 1153 329 S}
1173 288 1280 327 αὐτοῧ
1301 285 1546 339 ἐνθυμηθέντος,
1574 286 1664 340 ἷὸσὶι,
1695 287 1767 338 ‹317-
1801 303 1852 332 20

1668 353 1771 393 ’γελος

158 478 241 517 nupia]
262 493 326 502 -κ-
348 480 451 516 Evang.
474 488 518 506 21.
540 477 770 513 Millioadjeftum
781 477 931 506 videturex
948 486 1054 506 comm.
1077 485 1122 512 24.

121 566 204 588 meos
222 564 283 587 tam
309 554 472 596 suspicione
495 564 586 594 quam
604 554 729 585 crimine
740 552 846 593 judico
864 563 961 585 carere

121 608 268 639 oportere.
290 598 399 628 Plinius
425 597 568 638 Panegyr.
589 606 639 637 43.
671 596 777 626 Multis
802 595 961 628 illustribus

120 641 259 672 dedecori
277 641 332 671 fuit
349 648 398 671 aut
422 640 613 671 inconsultius
640 648 713 669 uxor
745 637 885 679 assumta,
913 648 963 670 aut

121 694 230 715 retenta
247 685 411 724 patientius.
433 684 472 713 ita
488 683 560 712 foris
576 682 671 712 claros
680 680 843 711 domestica
851 681 964 712 destru-

120 728 187 757 ebat
205 728 326 757 inlania:
351 727 383 757 ὃς
402 735 438 755 ne
463 725 673 760 maximicives
684 724 879 765 haberentur,
902 725 963 756 hoc

121 769 292 810 officiebat,
314 767 395 809 quod
424 769 521 798 mariti
539 768 666 796 minores
683 775 772 796 erant.
819 768 852 798 ὃ(
871 766 965 809 Epist.

120 812 176 843 Vi.
188 821 202 852 3
215 822 236 852 ¹:
258 813 396 842 maritum
417 821 479 841 non
497 810 555 840 fine
568 808 662 849 aliqua
682 808 902 850 reprehensione
916 820 967 851 pa-

120 855 236 884 tientiae
266 864 352 885 amor
386 854 486 884 uxoris
518 851 698 882 retardabat:
738 861 828 891 quam
843 852 965 892 quidem

119 898 208 928 etiam
244 896 310 936 post
334 896 464 926 delatum
490 894 666 925 adulterium
692 892 779 924 domi
810 894 963 925 habuerat.

120 942 187 977 Dig.
213 937 365 970 XLVIII.
397 947 424 977 5.
446 942 486 965 ad
508 936 592 973 legem
617 934 734 976 Juliam
759 936 792 965 de
817 935 965 967 adulteriis

119 982 273 1011 ‘canendis
290 992 309 1012 2
331 980 492 1011 Lenocinii
506 977 627 1019 quidem
635 980 749 1008 crimen
758 978 822 1020 lege
834 979 913 1018 Julia
927 979 963 1010 de

118 1024 256 1054 adulteris
279 1022 490 1063 praescriptum
514 1020 573 1053 est:
595 1031 666 1051 cum
687 1021 767 1051 sitin
782 1031 851 1052 eum
875 1024 964 1053 mari-

119 1075 184 1097 tum
194 1076 289 1106 poena
299 1064 402 1095 statuta
419 1083 476 1087 ——
497 1065 548 1103 qui
565 1072 688 1094 uxorem
707 1064 743 1093 in*
757 1062 899 1095 adulterio
913 1064 965 1095 de-

119 1108 289 1150 prehensam
300 1107 457 1138 retinuerit.
478 1123 544 1144 ῃ-
565 1105 651 1137 Nam
671 1105 812 1137 Claudius
835 1106 966 1148 Gorgias

117 1153 164 1182 vir
180 1151 373 1190 clarissimus,
391 1159 462 1180 cum
477 1147 607 1180 detectus
623 1149 664 1179 est
676 1174 686 1190 ,
707 1150 869 1180 uxoremin
879 1149 964 1180 adul-

117 1194 193 1225 terio
218 1192 425 1234 deprehensam
453 1191 619 1230 retinuisie,
649 1193 682 1223 &
710 1191 768 1222 fine
792 1191 964 1224 accusatore

117 1236 268 1267 lenocinio
293 1236 447 1266 damnatus
471 1233 513 1264 est
537 1244 553 1264 a
570 1233 657 1265 Divo
677 1234 796 1265 Severo.
821 1244 869 1265 11.
891 1245 963 1266 cum

116 1289 168 1320 per
194 1279 289 1321 legem
310 1279 421 1319 Juliam
447 1286 583 1308 uxorem»
594 1278 730 1308 adulterii
755 1287 834 1308 ream
857 1277 964 1308 habere

116 1321 309 1363 prohibearis.
336 1331 384 1361 13.
406 1320 482 1351 Divi
507 1319 631 1351 Severus
660 1321 693 1351 &
720 1319 895 1351 Antoninus
920 1331 965 1351 re-

116 1364 291 1405 scripserunt
299 1388 310 1405 ,
328 1365 417 1395 etiam
432 1364 462 1393 in
471 1361 573 1403 sponsa
581 1362 640 1393 hoc
651 1362 730 1393 idem
738 1362 964 1397 vindicandum:

115 1408 183 1448 quia
200 1417 295 1448 neque
318 1406 543 1437 matrimonium
567 1405 790 1446 qualecunque,
810 1415 865 1436 nec
883 1405 965 1447 spem

117 1450 302 1481 matrimonii
312 1449 422 1481 violare
434 1448 623 1489 permittitur.
646 1458 696 1489 29.
707 1448 810 1478 Mariti
818 1448 964 1480 lenocini-

115 1502 168 1523 um
181 1493 241 1523 Lex
250 1492 387 1525 coe'rcuit
401 1513 412 1529 ‚
429 1490 696 1531 quideprehensam
705 1499 832 1521 uxorem
840 1491 871 1520 in
881 1491 963 1521 adul-

115 1535 190 1565 terio
199 1535 317 1566 retinuit
327 1553 391 1559 ---
409 1533 512 1564 debuit
528 1532 609 1563 enim
626 1534 711 1564 uxori
727 1542 847 1573 quoque
862 1534 963 1574 irasci,

115 1587 190 1618 quae
199 1577 426 1608 matrimonium
435 1576 495 1614 eJus
504 1575 639 1606 violavit.
650 1575 706 1607 lV.
722 1584 752 1616 4.
777 1584 828 1615 37.
849 1575 881 1607 Si
894 1576 963 1608 ina-

114 1620 243 1651 dulterio
253 1618 463 1660 deprehensam
473 1627 598 1649 uxorem
606 1627 669 1649 non
678 1616 821 1649 dimiserit
830 1635 869 1643 -
886 1628 963 1650 con-

115 1671 160 1694 tra
176 1662 250 1703 leges
260 1662 435 1693 committit.
456 1659 522 1690 Cod.
542 1659 601 1691 IX.
624 1670 653 1700 9.
680 1670 728 1701 17.
747 1659 775 1690 Is
784 1661 865 1691 enim
874 1670 964 1692 com-

114 1706 208 1736 mittit
226 1706 255 1734 in
265 1713 393 1745 poenam
405 1722 415 1738 ‚
434 1711 525 1742 quam
541 1702 587 1732 lex
599 1701 679 1741 Julia
695 1710 781 1733 certo
798 1703 894 1743 capite
911 1703 964 1734 de-

114 1748 255 1786 nunciat,
275 1747 327 1786 qui
346 1745 393 1776 vel
408 1744 528 1786 publice
543 1743 688 1775 adulterio
711 1744 887 1775 damnatum
912 1745 965 1777 ha-

114 1790 183 1827 bet,
206 1790 251 1820 vel
268 1788 428 1820 adulteram
447 1786 538 1818 sciens
550 1808 560 1824 ,
582 1795 615 1818 ut
629 1787 826 1829 ignorantiam
845 1786 965 1819 fimula-

114 1843 146 1863 re
169 1842 232 1863 non
255 1831 362 1873 possit,
383 1830 487 1862 retinet
511 1839 647 1861 uxorem.
668 1830 703 1860 ὃς
727 1839 756 1871 9.
784 1829 962 1869 Qiautem

113 1875 248 1906 adulterii
262 1874 433 1906 damnatam
444 1896 454 1912 ,
473 1872 495 1903 fi
513 1881 694 1912 quocunque
711 1871 807 1903 modo
832 1882 963 1913 poenam

115 1918 272 1959 capitalem
288 1916 426 1953 evaserit,
445 1914 537 1945 sciens
553 1914 669 1945 duxerit
696 1924 821 1946 uxorem
842 1914 892 1945 vel
917 1926 964 1947 re-

114 1961 248 2000 duxerit,
269 1959 370 1990 eadem
393 1958 459 1999 lege
485 1966 520 1987 ex
549 1956 633 1988 causa
654 1957 798 1988 lenocinii
816 1958 964 1998 punietur.

119 2002 227 2033 Paulus
243 2002 266 2033 l.
290 2011 315 2032 t.
339 2002 470 2031 Sentent.
490 1999 542 2030 sub
558 1999 647 2030 titulo
664 1999 701 2030 de
717 1999 874 2031 Adulteris.
898 2019 965 2026 ——-

115 2044 196 2076 Eum
213 2046 263 2086 qui
280 2045 310 2074 in
328 2043 471 2074 adulterio
487 2041 694 2082 deprehensam
704 2052 829 2074 uxorem
838 2053 901 2074 non
911 2042 966 2074 sta-

114 2090 170 2119 tim
191 2087 332 2118 dimiserit
345 2110 353 2124 ,
378 2095 462 2116 reum
477 2085 620 2115 lenocinii
636 2084 781 2125 postulare
798 2085 906 2126 placer.

158 2130 325 2171 Postquam
340 2139 412 2161 vero
426 2127 568 2168 Josephus
586 2127 746 2158 confilium
765 2127 886 2169 cepisset
895 2128 966 2159 Ma-

115 2174 190 2203 riam
205 2171 391 2211 dimittendi,
412 2180 475 2201 non
493 2178 607 2210 poterat
621 2170 742 2210 quidem
759 2170 789 2201 id
805 2172 902 2202 facere
919 2172 967 2202 ni·-

118 2217 139 2246 si
167 2216 269 2246 libello
296 2214 409 2255 repudii
434 2213 565 2254 scriptu,
595 2213 718 2244 testibus
741 2213 901 2254 adhibitis,
930 2215 965 2246 δε

115 2259 231 2298 iisdem,
250 2258 356 2298 quibus
374 2255 512 2298 sponsalia
523 2256 676 2287 contrac’ca
684 2265 776 2295 erant,
785 2256 966 2288 solemnibus

115 2301 249 2332 servatis:
270 2309 299 2331 at
315 2301 346 2330 in
356 2299 442 2340 iplius
450 2299 660 2339 eratarbitrio,
681 2308 783 2331 utrum
798 2299 885 2331 vellet
895 2309 966 2330 cau-

116 2344 174 2384 sas,
195 2354 269 2385 quae
279 2343 395 2384 ipsum,
415 2350 448 2372 ut
457 2342 496 2372 ita
504 2349 612 2382 ageret,
629 2351 853 2382 permoverant,
871 2352 965 2382 expo-

118 2397 185 2417 nere
198 2411 208 2426 ,
229 2397 266 2417 an
279 2395 375 2416 tacere
427 2383 472 2414 lta
487 2383 599 2415 docent
608 2383 818 2417 Hebraeorum
825 2384 964 2426 magistri:

120 2428 310 2459 Maimonides
326 2438 373 2468 ap.
388 2426 523 2458 Buxtorf.
543 2426 580 2457 de
596 2426 721 2459 Divort.
741 2438 772 2469 p.
795 2429 844 2468 76.
866 2429 968 2458 bemi-

119 2483 156 2502 na
167 2497 177 2513 ,
197 2481 231 2502 ex
249 2480 310 2512 quo
325 2470 495 2511 desponsata
510 2468 572 2510 est,
592 2469 661 2501 licet
680 2471 817 2501 nondum
835 2470 971 2503 velavi-

119 2526 154 2546 ro
172 2516 295 2555 cognita
311 2513 359 2544 vei
378 2514 408 2543 in
427 2511 555 2543 domum
579 2513 677 2543 mariti
701 2512 743 2544 sui
768 2514 802 2545 sit
822 2513 967 2554 ingressa,

119 2558 162 2588 est
187 2566 261 2588 uxor
284 2556 342 2586 viri
365 2571 431 2577 -α
456 2555 490 2586 &
514 2554 535 2586 fi
557 2556 679 2586 maritus
703 2554 749 2586 seu
772 2556 892 2597 sponsus
907 2557 968 2597 ejus

121 2600 192 2635 velit
209 2608 275 2629 earn
290 2596 442 2637 repudiare
451 2621 462 2637 ,
482 2605 602 2638 oportet
618 2605 651 2628 ut
667 2598 698 2629 id
716 2599 914 2631 faciatlibello
924 2608 972 2630 re·

120 2641 212 2683 pudii.
236 2641 269 2672 &
297 2638 472 2672 Abarbanel
490 2640 532 2670 ib.
556 2649 586 2681 p.
610 2649 679 2680 125,
700 2641 722 2672 si
735 2643 782 2674 vir
795 2641 899 2683 aliquis
913 2641 970 2673 du-

119 2693 168 2716 cat
190 2692 332 2722 uxorem,
354 2683 388 2714 &
413 2681 547 2722 accidat,
568 2691 602 2714 ut
618 2693 682 2714 non
697 2685 828 2716 inveniat
841 2686 966 2726 gratiam

121 2728 152 2757 in
169 2726 265 2758 oculis
285 2725 391 2766 ipsius,
412 2734 449 2756 eo
466 2724 550 2766 quod
568 2726 602 2756 fit
612 2728 759 2758 contraria
774 2735 892 2758 naturae
900 2727 969 2768 ipsi-

121 2780 155 2801 us
164 2794 174 2811 ,
197 2776 247 2800 aut
264 2766 346 2809 quod
355 2768 486 2798 inveniat
502 2769 532 2798 in
545 2778 579 2798 ea
593 2769 806 2810 turpitudinem
820 2770 949 2811 aliquam
959 2792 972 2808 ,

122 2821 214 2851 quarn
238 2819 337 2842 tamen
356 2809 483 2840 revelare
517 2810 595 2840 nolit
611 2804 759 2881 [gi-'5525
773 2813 863 2849 ΠἙἿ»
882 2805 969 2850 κῆῚ]

121 2855 169 2886 seu
178 2853 261 2894 quod
269 2852 365 2884 nullos
372 2853 433 2892 ejus
442 2853 482 2882 rei
491 2852 575 2883 testes
584 2852 621 2882 ha
644 2860 690 2881 eat
697 2875 708 2891 ,
724 2850 771 2882 seu
780 2850 864 2891 quod
872 2851 975 2882 hono-

121 2899 147 2927 ri
165 2897 216 2927 suo
227 2895 397 2927 consultum
406 2894 496 2934 velit3
514 2902 601 2934 atque
618 2893 705 2932 hujus
714 2893 755 2923 rei
763 2892 859 2925 cauffa
869 2893 977 2925 scribat

121 2939 310 2970 illilibellum
319 2936 432 2978 repudii
441 2939 559 2976 ,Gittin
578 2937 600 2967 f.
612 2936 663 2976 46.
677 2946 702 2967 1.
721 2935 882 2966 Cethuboth
891 2936 912 2967 f.
924 2945 974 2976 74.

124 2991 154 3012 2.
168 2989 217 3021 75.
229 2991 256 3011 1.
267 2980 309 3010 R.
320 2980 400 3010 Meir
412 2979 505 3012 dicit:
526 2978 592 3009 vult
599 2979 696 3009 homo
705 3002 715 3018 ,
735 2987 768 3010 ut
776 2988 850 3008 uxor
859 2980 919 3018 ejus
928 2980 974 3020 ig-

92 3036 95 3039 ·
122 3024 260 3055 nominia
275 3022 422 3054 afficiatur
430 3022 461 3052 in
469 3021 681 3061 domoJudicii
701 3020 880 3051 :R.Eliezer
888 3019 973 3052 dixit:

123 3077 188 3098 non
211 3065 276 3098 vult
306 3066 420 3106 homo,
441 3072 475 3095 ut
498 3063 665 3105 ignominia
680 3062 976 3102 afficiaturuxorejus

126 3111 158 3139 in
173 3107 397 3149 domojudicii,
420 3107 586 3143 ΠΠΠΠΨ
599 3113 628 3137 et
637 3106 658 3136 f.
681 3115 731 3146 97.
752 3115 781 3136 2.
804 3105 846 3136 R.
864 3105 978 3145 Jocha-

126 3161 195 3194 nan.
237 3151 391 3183 Omnibus
418 3150 507 3192 igitur
529 3150 584 3181 rite
620 3147 766 3191 perpensis
800 3147 899 3180 statuit
916 3147 974 3189 Jo-

1003 552 1107 594 sephus
1131 551 1261 583 Mariam
1291 551 1369 583 clam
1387 550 1553 593 repudiare,
1574 550 1634 581 hoc
1644 548 1704 590 est,
1724 560 1784 581 non
1801 551 1854 582 ad-

1000 596 1078 635 jedla
1104 594 1217 636 repudii
1242 595 1334 625 causa.
1377 594 1409 626 Si
1424 595 1556 636 primum
1581 595 1638 624 irae
1662 602 1749 634 atque
1771 594 1854 626 zelo-

1005 638 1100 679 typiae
1110 638 1258 678 impetum
1269 639 1383 668 secutus
1391 637 1489 668 fuisset
1497 662 1507 678 ,
1516 645 1565 667 aut
1576 636 1595 666 fi
1605 637 1765 677 praeceptis
1773 636 1855 668 Stoi·

1006 690 1135 720 corum,
1154 681 1207 720 qui
1221 679 1371 710 docebant
1389 679 1546 721 sapientem
1565 689 1628 710 non
1649 678 1754 710 debere
1769 679 1855 721 igno-

1006 722 1104 762 scere,
1120 722 1321 762 auscultasset,
1342 721 1542 753 denunciaffet
1555 721 1648 760 judici
1663 730 1803 762 tanquam
1823 733 1855 753 a-

1007 764 1164 806 dulteram,
1174 765 1206 795 &
1216 765 1394 806 supplicium
1403 766 1463 805 ejus
1473 763 1623 805 flagitasset
1632 774 1641 792 :
1663 774 1711 796 aut
1721 764 1740 794 si
1751 765 1854 796 crimi-

1008 808 1111 838 naliter
1136 817 1219 849 agere
1235 807 1386 847 noluisset,
1401 807 1480 839 dotis
1497 807 1596 838 saltem
1614 809 1738 838 nomine
1757 806 1852 838 actio-

1009 860 1080 881 nem
1096 850 1217 881 civilem
1241 849 1425 884 instituisset:
1448 858 1497 882 aut
1513 859 1587 880 cum
1604 849 1704 880 Maria
1727 851 1854 891 graviter
1905 862 1909 870 ¹

1008 892 1230 934 expostulasset:
1252 901 1302 923 aut
1311 891 1359 924 vel
1373 893 1470 924 cuivis
1486 893 1582 924 obvio
1599 892 1648 923 vel
1663 893 1785 931 amicis,
1807 893 1854 924 vi-

1007 936 1081 966 cinis
1092 958 1102 974 ‚
1122 936 1315 977 cognatisque
1329 934 1508 976 suspiciones
1526 934 1712 976 querelasque
1727 935 1789 965 suas
1804 944 1856 965 ex-

1005 977 1166 1019 posuisset,
1187 978 1224 1008 ab
1242 978 1384 1009 omnibus
1402 987 1473 1009 vero
1497 976 1576 1015 istis,
1595 986 1668 1017 quae
1681 976 1855 1009 existimati-

1005 1022 1058 1052 oni
1076 1021 1190 1052 Mariae
1205 1029 1315 1051 nocere
1331 1027 1484 1061 poterant,
1505 1019 1642 1050 consulto
1662 1018 1802 1050 abstinuit
1818 1018 1856 1058 pain

1006 1063 1087 1093 θέλων
1103 1062 1177 1094 ἀντ’,τν
1194 1063 1458 1103 παραδὲιγματιθκι,
1479 1062 1584 1092 nolens
1601 1062 1680 1092 illam
1689 1061 1854 1104 diffamare,

1007 1105 1200 1137 dehonestare
1209 1129 1219 1146 ,
1239 1104 1391 1136 traducere
1401 1130 1411 1146 ,
1432 1104 1561 1136 ostentui
1568 1103 1676 1135 habere
1685 1125 1694 1140 ‚
1704 1104 1806 1135 nolens
1816 1105 1855 1135 il-

1006 1148 1028 1179 li
1043 1147 1212 1189 detrahere,
1235 1149 1270 1180 &
1287 1148 1398 1178 malam
1414 1147 1527 1178 famam
1556 1147 1726 1178 conciliare.
1766 1147 1854 1179 Haec

1005 1191 1087 1222 enim
1103 1191 1147 1222 est
1161 1192 1206 1223 vis
1214 1190 1300 1222 vocis
1309 1190 1556 1230 παραδειγματίζειν
1566 1213 1573 1223 ,
1588 1189 1670 1230 quod
1680 1188 1798 1221 Gallice
1806 1190 1854 1222 di,

1007 1244 1103 1274 ceres,
1123 1232 1313 1273 echaffhuder,
1323 1232 1439 1274 Belgice
1450 1238 1498 1262 ten
1509 1240 1574 1263 τοοκ
1582 1230 1777 1275 stellen.Heb.
1800 1232 1852 1265 VI.

1007 1280 1036 1308 6.
1059 1276 1168 1307 Ezech.
1190 1275 1346 1307 XXVIII.
1370 1285 1418 1316 17.
1440 1275 1523 1307 ’ἔδωκα
1540 1289 1570 1304 τε
1586 1274 1853 1315 παροιᾶἓιγμοιτισθῖἰ-

1006 1333 1045 1348 mr
1054 1343 1062 1354 ‚
1084 1318 1152 1350 dedi
1163 1328 1190 1350 te
1200 1327 1233 1350 ut
1246 1317 1474 1350 dehonestareris
1486 1341 1497 1357 ,
1512 1318 1668 1359 interprete
1674 1319 1854 1352 Hieronymo.

1009 1371 1039 1402 3.
1062 1362 1193 1393 Maccab.
1215 1361 1270 1393 IV.
1295 1370 1342 1392 11.
1364 1364 1385 1390 ἐν
1402 1365 1438 1399 τῷ
1454 1359 1606 1400 ἱπποδρυμιᾈ
1622 1378 1686 1383 ——-
1703 1362 1757 1401 πρὶς
1773 1375 1855 1401 παρι-

1007 1405 1203 1445 &typhoea-myas&
1220 1402 1289 1439 b'ayar
1305 1402 1476 1444 εὐκοιιροτάτῳ
1493 1404 1694 1434 ‚euers-Eranam
1709 1409 1760 1437 τοῖς
1768 1418 1855 1433 κοντα.-

1007 1447 1170 1486 πορευομιένοις
1186 1451 1217 1480 εἰς
1234 1446 1273 1478 v'm«
1288 1446 1359 1476 πέλεν
1381 1446 1415 1477 &
1434 1444 1504 1476 VII.
1531 1454 1578 1484 14.
1600 1444 1673 1476 κοιτέι
1689 1445 1729 1476 τὴν
1743 1446 1793 1475 ὀὸὶν
1801 1450 1856 1476 ἔκο-

1006 1490 1117 1529 λάζοντυ
1125 1489 1171 1519 καὶ
1178 1487 1250 1526 rastrix
1258 1487 1530 1528 παροιᾶξιγμιοιτισμιόν
1537 1487 1636 1527 ἄνῆροω.
1659 1486 1784 1529 Psalter.
1801 1492 1856 1519 Sa-

1006 1532 1120 1562 lomonis
1160 1530 1202 1562 II.
1226 1539 1276 1570 14,
1295 1530 1413 1560 ἀπέναντι
1434 1534 1479 1560 τοῦ
1495 1529 1563 1562 ἡλίου
1577 1529 1805 1569 παρεὲειγμοὲτιτεν
1820 1533 1853 1561 ὰ-

1007 1573 1090 1607 &inlu
1109 1575 1198 1604 αὐτῶ.
1220 1572 1302 1605 Plut.
1322 1571 1359 1603 de
1373 1571 1516 1604 Cm‘iOslt.
1548 1582 1579 1614 p.
1607 1581 1678 1612 520.
1693 1571 1727 1604 B.
1752 1575 1800 1603 2⁶7»
1815 1573 1856 1603 ὑπ’

1005 1615 1138 1656 ἁρχιλᾶχε
1153 1617 1212 1656 πρὶς
1227 1614 1275 1650 τὶις
1291 1620 1412 1651 ’γυναῖκας
1426 1616 1535 1655 &xpm-335
1551 1614 1596 1645 ml
1611 1614 1748 1649 &tandem
1764 1616 1855 1654 εἰρημέ-

1004 1672 1060 1692 νων,
1076 1659 1163 1688 {ouva-‘ar
1179 1658 1467 1697 παροιέεινμοιτῖζοντος.
1487 1656 1537 1687 Ut
1551 1657 1590 1687 ita
1615 1657 1750 1689 statueret
1770 1657 1856 1698 JOse·

1006 1700 1082 1740 phus
1097 1710 1161 1730 non
1175 1710 1233 1730 una
1250 1708 1309 1730 erat
1324 1701 1410 1730 ratio.
1433 1698 1469 1729 Id
1485 1697 1621 1730 suadebat
1636 1699 1757 1738 lenitas3
1785 1700 1855 1733 licet

1006 1743 1091 1773 enim
1101 1741 1194 1782 judex
1216 1751 1252 1773 ex
1267 1741 1373 1773 officio
1390 1741 1517 1772 crimina
1533 1742 1638 1782 punire
1645 1741 1748 1773 debeat
1758 1743 1856 1781 ,nulla

1007 1791 1106 1816 tamen
1121 1784 1184 1826 lege
1193 1793 1307 1816 tenetur
1323 1785 1358 1825 is,
1373 1785 1426 1825 qui
1441 1783 1529 1815 laesus
1538 1783 1591 1823 est,
1606 1784 1722 1822 injurias
1730 1785 1855 1816 fibiilla-

1007 1835 1051 1858 tas
1066 1827 1234 1869 vindicare,
1255 1828 1327 1867 quin
1352 1828 1451 1868 potius
1468 1826 1529 1857 illas
1544 1825 1684 1858 devorare
1700 1827 1733 1857 δε
1749 1827 1857 1867 dejure

1003 1870 1058 1901 suo
1074 1871 1223 1902 remittere
1239 1870 1412 1912 plerumque
1427 1869 1511 1900 satius
1521 1868 1582 1908 est3
1600 1869 1631 1900 id
1647 1871 1679 1900 in
1696 1869 1856 1911 Pamphilo

1004 1912 1083 1953 apud
1099 1913 1277 1944 Terentium
1288 1934 1299 1951 ‚
1317 1912 1351 1943 &
1360 1913 1392 1943 in
1407 1911 1490 1952 Julio
1500 1911 1620 1943 Caesare
1630 1912 1706 1953 apud
1716 1913 1856 1946 Suetoni-

1008 1964 1081 1996 um²
1100 1963 1134 1986 ut
1157 1954 1310 1994 vidimus,
1338 1954 1480 1986 laudatur.
1527 1952 1561 1984 Id
1577 1954 1856 1997 suadebatjosepho

1008 2007 1080 2029 cura
1103 1997 1327 2029 existimationis
1349 1997 1503 2038 propriae,
1529 2006 1600 2027 nam
1621 2007 1671 2038 per
1688 1997 1855 2031 istiusmodi

1009 2040 1135 2081 querelas
1145 2039 1266 2071 sinistris
1282 2040 1445 2071 hominum
1450 2039 1567 2079 judiciis
1576 2041 1765 2071 occasionem
1774 2052 1856 2083 prae-

1010 2082 1134 2124 buisset,
1154 2083 1234 2124 quasi
1250 2084 1298 2114 vel
1314 2082 1522 2114 inconsulte&
1532 2081 1633 2113 leviter
1648 2083 1776 2124 puellam
1791 2094 1857 2116 non

1011 2125 1075 2157 satis
1084 2134 1190 2157 notam
1199 2134 1285 2166 atque
1303 2124 1486 2167 perspectam
1505 2124 1559 2155 sibi
1577 2125 1791 2167 desponsasset,
1811 2128 1859 2159 vel

1006 2167 1060 2200 suo
1076 2168 1209 2209 quodam
1236 2170 1313 2200 vitio
1340 2170 1476 2200 animum
1501 2167 1578 2198 iilius
1602 2179 1619 2199 a
1647 2168 1674 2199 se
1690 2168 1856 2211 alienasset,

1008 2212 1048 2243 ita
1071 2213 1153 2243 enim
1179 2210 1240 2242 fieri
1256 2211 1349 2251 solet,
1369 2219 1402 2242 ut
1418 2210 1558 2241 adulteria
1572 2212 1662 2241 etiam
1680 2213 1755 2252 parti
1773 2212 1860 2244 laesae

1007 2262 1096 2296 atque
1119 2255 1276 2286 innocenti
1299 2255 1506 2295 imputentur,
1525 2254 1646 2293 ejusque
1669 2254 1764 2285 famae
1780 2255 1859 2288 haud

1003 2306 1112 2338 parum
1120 2296 1286 2328 detrahant.
1330 2296 1477 2338 Suadebat
1486 2305 1557 2327 cura
1565 2296 1778 2336 tranquillitatis
1787 2309 1859 2338 pro-

1007 2341 1106 2381 priae3
1126 2349 1198 2371 cum
1223 2340 1305 2370 enim
1323 2338 1470 2379 ejusmodi
1486 2337 1684 2370 accusationes
1700 2339 1756 2371 sint
1778 2340 1861 2372 diffi-

1010 2382 1075 2414 cilis
1090 2382 1295 2424 probationis,
1314 2382 1396 2413 aliter
1415 2381 1478 2413 fieri
1501 2382 1552 2411 vix
1567 2389 1701 2422 poterat,
1719 2383 1791 2424 quin
1809 2393 1860 2424 per

1010 2435 1056 2456 eas
1079 2425 1181 2457 litibus
1197 2424 1372 2466 graviffimis
1387 2433 1476 2465 atque
1485 2423 1631 2455 diuturnis
1639 2424 1857 2466 implicaretur:

1011 2475 1118 2499 contra
1132 2477 1170 2499 ex
1185 2468 1300 2499 silentio
1321 2467 1396 2498 nihil
1410 2467 1462 2509 ipsi
1480 2468 1643 2507 quicquam
1661 2476 1722 2498 erat
1738 2469 1862 2500 incom-

1011 2510 1115 2552 modi,
1137 2520 1210 2542 cum
1225 2521 1276 2553 per
1293 2509 1450 2552 repudium
1466 2509 1611 2541 securitati
1629 2511 1694 2541 suae
1709 2509 1782 2542 ⁴satis
1789 2511 1860 2544 effer

1010 2553 1212 2595 prospecmm.
1263 2552 1348 2584 Idem
1374 2552 1499 2594 denique
1523 2551 1660 2584 suadebat
1682 2562 1788 2594 amor,
1807 2556 1861 2594 qui

1010 2606 1101 2629 veros
1123 2604 1254 2628 amantes
1270 2597 1398 2638 graviter
1417 2604 1527 2636 tenere,
1540 2605 1596 2626 nec
1612 2603 1674 2627 tarn
1693 2597 1757 2628 cito
1764 2598 1861 2628 extin-

1011 2640 1063 2681 gui
1077 2639 1161 2672 solet.

1048 2681 1178 2722 ἐβελῆθη]
1200 2680 1339 2723 Eustath.
1366 2681 1398 2712 in
1429 2681 1464 2712 Il.
1485 2695 1504 2710 a
1540 2689 1605 2713 112.
1627 2691 1659 2722 p.
1678 2690 1729 2721 45.
1751 2690 1800 2721 51.
1822 2683 1861 2719 ἐχ

1009 2727 1099 2758 &athiis
1116 2725 1204 2759 Sim,
1224 2723 1299 2754 ἀλλὶι
1322 2722 1454 2763 βέλομιοιι·
1483 2724 1534 2762 ὅπερ
1566 2723 1683 2757 ε’,τῖτοιως
1725 2726 1758 2754 τέ
1783 2723 1863 2754 θέλω

1009 2767 1065 2798 ἐ’ςιν·
1083 2767 1128 2797 ui
1137 2772 1165 2797 ὃν
1172 2767 1299 2805 fleximus
1307 2765 1444 2804 βέλομιιι,
1465 2764 1539 2794 ἃλλὶι
1557 2765 1629 2795 κατὰ
1645 2767 1720 2796 πολὺ.
1741 2769 1863 2796 Ammo-

1014 2812 1079 2841 m'us
1094 2809 1230 2846 βέλεα-θαι
1244 2808 1290 2847 μὲν
1305 2808 1417 2848 {riparius
1431 2807 1529 2838 >temler
1538 2810 1571 2838 τὲ
1581 2811 1685 2843 nomm?
1703 2809 1732 2839 τὶν
1748 2809 1863 2839 &Simu

1017 2852 1065 2883 καὶ
1078 2853 1119 2883 ἐπὶ
1133 2853 1232 2887 ἐλέγου
1248 2851 1311 2891 (olas.

1057 2904 1110 2926 20.
1130 2894 1329 2937 ενθνμηὲνέντος]
1347 2894 1449 2925 animo
1474 2893 1584 2933 agitans
1610 2901 1697 2935 atque
1717 2893 1843 2925 volvens
1852 2905 1866 2934 ς

1019 2947 1094 2969 cum
1127 2938 1200 2968 haec
1235 2946 1307 2968 cura
1329 2936 1425 2979 ipsum
1468 2944 1612 2976 coqueret
1659 2936 1713 2967 sub
1743 2937 1866 2977 pectore

1019 2981 1084 3012 fixa.
1123 2979 1265 3022 Demosth.
1295 2980 1328 3010 in
1351 2978 1430 3011 Mid.
1452 2979 1484 3008 τί
1501 2978 1526 3009 ἓν
1547 2984 1576 3009 3»
1597 2979 1680 3010 τέτων
1704 2982 1772 3017 sepiis
1793 2981 1863 3010 ἐνθυ-

1017 3026 1132 3062 μεῖσθαι
1148 3023 1198 3059 δεῖς
1239 3020 1359 3063 Thucyd.
1381 3021 1421 3053 Π.
1449 3030 1502 3061 40.
1533 3022 1577 3051 καὶ
1601 3022 1675 3052 ἀντ-οἶ
1705 3023 1760 3055 ἤτοι
1792 3023 1866 3062 xpt‘ro-

1017 3080 1064 3104 μη
1085 3064 1143 3101 mii
1161 3065 1336 3103 bavinans&
1358 3066 1433 3105 ὀρθῶς
1462 3065 1498 3094 τὰ
1530 3064 1695 3104 spelmann-oe..
1736 3064 1863 3105 Xenoph.

1020 3108 1157 3149 Apomn.
1180 3116 1208 3138 1.
1232 3106 1283 3137 δἐι-ω
1299 3107 1325 3137 δὲ
1341 3107 1435 3141 πάντες
1450 3107 1554 3141 iiiia-m,
1574 3108 1714 3145 &minas-zu
1730 3106 1800 3145 u'ualt
1818 3106 1866 3138 τέ-

1018 3164 1065 3181 τωι
1090 3149 1288 3189 ἐνεθυμήθησαν.
1305 3150 1370 3192 Jos.
1390 3149 1430 3181 A.
1456 3148 1529 3181 XV.
1552 3158 1578 3190 ς.
1603 3159 1632 3191 3.
1655 3154 1743 3180 ταῦτα.
1757 3151 1867 3202 ἐνθυμιῖι-

1811 3193 1866 3221 θει-
