1976 3519
142 233 200 285 84
527 219 1537 269 PROLEGOMENA.·

145 350 172 372 ‚,
200 317 346 360 Latinis
375 314 589 357 Codicibus
623 311 799 352 additum
821 310 895 359 est,
924 308 979 349 ad
982 317 1141 364 patrem
1160 307 1336 348 Domini
1357 306 1474 360 nostri
1496 306 1596 360 Jesit
1618 306 1782 362 Christi.
1812 310 1877 351 sed

145 405 174 425 „
204 372 419 426 simpliciter
439 368 492 410 ad
511 369 681 409 Patrem
701 364 906 420 legendum
917 366 951 406 ³³.
1007 362 1145 418 Ephes.
1172 363 1202 403 Ι.
1234 366 1271 405 6.
1301 363 1459 404 Versio:
1487 365 1529 402 in
1550 362 1689 403 dilecto
1699 363 1789 415 filio
1799 368 1879 416 suo,

147 427 478 469 Commentarius:
508 454 533 474 „
562 437 633 463 nec
652 420 865 476 putandum
884 419 960 469 est,
989 418 1097 473 quod
1119 419 1160 458 in
1180 418 1328 458 Latinis
1349 417 1564 459 Codicibus
1576 418 1881 474 habetur,scrip-

145 515 171 535 „
200 495 282 523 tum
299 480 397 531 effe,
425 484 466 520 in
485 478 621 520 dilecto
633 476 724 529 filio
737 476 832 527 suo,
862 473 926 515 sed
947 474 1164 528 simpliciter
1182 474 1225 513 in
1246 472 1431 513 diletJo''.
1461 473 1547 514 Gal.
1577 472 1628 514 V.
1659 486 1698 524 9.
1727 504 1753 523 ‚,
1781 480 1881 516 male

146 569 174 590 ‚,
203 539 242 578 in
266 536 402 576 nostris
422 534 636 576 Codicibus
658 531 838 578 habetur,
869 529 1056 569 modicum
1064 528 1307 583 fermentum
1331 536 1457 567 totam
1479 526 1639 581 maffam
1656 522 1881 583 corrumpit,

146 625 174 645 „
204 591 350 633 sensum
383 591 511 645 potius
540 590 725 641 interpres
745 584 872 634 suum,
902 597 1017 638 quam
1039 583 1153 624 verba
1176 582 1355 636 Apostoli
1376 582 1562 623 transtulit
1572 584 1606 624 '’.
1663 583 1775 624 Haec
1793 599 1882 625 eum

147 649 188 689 in
219 648 338 689 finem
370 645 553 693 observo,
582 656 631 683 ne
660 641 745 695 quis
763 639 967 689 existimet,
998 639 1284 693 Hieronymum
1300 638 1455 688 omnia,
1484 651 1581 691 quae
1603 652 1683 678 non
1704 639 1885 680 emenda-

148 705 227 753 vit,
258 716 329 756 pro
355 700 568 742 emendatis
595 694 784 742 habuisse,
812 708 899 735 cum
917 695 1021 734 enim
1041 695 1220 734 omnibus
1241 692 1389 746 placere
1409 706 1621 747 omnesque
1641 694 1789 746 placare
1811 695 1884 735 stu-

149 759 279 804 deret,
308 757 463 797 coadstus
491 755 545 795 est
564 752 605 793 id
627 748 835 804 aliquando
855 748 980 790 facere
999 762 1087 789 cum
1108 747 1343 802 praejudicio
1364 748 1544 788 veritatis.
1603 748 1711 788 Hinc
1732 749 1887 790 submis-

148 814 209 855 sae
239 813 288 854 ad
319 810 572 866 Augustinum
604 819 752 862 preces:
793 825 874 835 -----
901 831 927 854 ‚,
956 817 1083 858 neque
1102 803 1198 844 mihi
1218 802 1482 855 imperitorum
1502 802 1734 856 plebeculam
1757 806 1888 845 conci-

149 900 174 920 „
204 881 281 919 tes,
311 868 378 922 qui
408 878 447 906 te
478 873 705 905 venerantur
731 871 774 901 ut
793 859 1049 913 Episcopum,
1076 858 1174 898 &in
1196 856 1363 898 Ecclefia
1383 857 1661 898 declamantem
1683 858 1884 903 sacerdotii

150 951 177 975 ,‚
208 924 356 964 honore
384 920 632 973 suscipiunt'’.
692 929 726 968 3.
756 914 1002 968 Conjetturis
1029 913 1091 954 vel
1118 912 1214 963 suis,
1242 912 1303 953 vel
1329 912 1512 966 Origenis
1545 914 1694 966 potius,
1723 915 1886 957 nimium

149 979 302 1021 videtur
330 977 420 1016 hinc
449 974 541 1016 inde
567 970 760 1022 tribuisse,
784 983 867 1010 non
894 970 934 1010 in
963 968 1265 1010 Commentariis
1291 978 1441 1008 tantum
1459 994 1472 1014 ,
1510 966 1576 1008 sed
1606 970 1647 1010 in
1666 968 1745 1022 ipsa
1762 970 1885 1015 etiarn.

152 1031 429 1075 Converfione.

206 1088 425 1129 Extiterunt
447 1084 532 1140 post
551 1082 839 1136 Hieronymum
858 1079 1091 1121 correaores
1111 1078 1195 1129 alii,
1224 1091 1388 1132 quorum
1408 1078 1633 1132 praecipuus
1654 1077 1760 1120 fuisse
1781 1079 1889 1121 vide·

151 1156 212 1185 tur
241 1142 462 1185 Alcuinus,
493 1138 628 1180 Caroli
654 1137 794 1192 Magni
821 1146 1072 1190 praeceptor,
1101 1135 1168 1188 qui
1191 1134 1303 1174 novis
1324 1133 1428 1174 libris
1445 1147 1493 1174 ex
1514 1133 1677 1174 Graecia
1699 1136 1888 1188 acceptis,

152 1204 192 1239 ὃ(
213 1195 494 1252 quaestionibus
513 1192 754 1234 Scholasticis
772 1202 907 1231 contra
926 1189 1097 1231 Felicem
1127 1200 1242 1244 atque
1263 1187 1495 1243 Elipandum
1512 1189 1664 1242 penitus
1693 1189 1889 1230 immersus

152 1267 267 1308 atque
287 1251 514 1305 implicitus,
543 1247 646 1289 haud
669 1247 746 1287 scio
765 1259 816 1286 an
835 1244 1030 1288 inseruerit
1045 1245 1186 1286 Latino
1206 1244 1327 1285 textui
1347 1242 1534 1297 pluscula,
1564 1243 1811 1299 Hieronymo
1831 1257 1888 1285 at-

152 1323 228 1363 que
248 1307 435 1348 veteribus
456 1303 606 1359 prorsus
628 1303 824 1357 ignorata·,
851 1299 1030 1341 ordinem
1049 1311 1151 1341 certe
1169 1298 1426 1353 Epistolarum
1445 1298 1610 1339 invertit.
1659 1300 1775 1346 Hoc,
1804 1312 1893 1340 cum

151 1366 256 1418 prius
286 1361 456 1416 Epistola
483 1360 586 1400 Petri
615 1356 831 1398 Catholicis
851 1386 863 1406 ,
899 1354 1129 1396 Catholicae
1148 1367 1241 1396 vero
1259 1353 1427 1395 Paulinis
1449 1353 1635 1407 praefixae
1654 1353 1795 1399 essent,
1827 1354 1889 1398 his

155 1418 365 1468 versiculis,
401 1416 467 1470 qui
494 1415 533 1454 in
552 1413 638 1455 MS.
670 1411 823 1453 Codice
841 1411 1036 1466 Tigurino
1057 1413 1097 1450 ὃ(
1117 1410 1159 1450 in
1182 1409 1279 1460 alio,
1309 1422 1426 1465 quem
1445 1408 1528 1450 vidi
1547 1407 1824 1451 Amstelodami
1851 1409 1891 1453 d.

159 1487 193 1515 1.
214 1473 317 1528 Sept.
335 1485 381 1524 17
389 1485 453 1525 30.
464 1469 724 1524 reperiuntur,
753 1466 930 1508 testatum
948 1465 1120 1519 reliquit:

320 1528 528 1581 ,Quattuor
547 1524 592 1564 hi
613 1522 784 1564 rutilant
805 1534 878 1561 uno
899 1520 947 1561 de
958 1519 1078 1573 fonte
1085 1517 1282 1572 fluentes,

318 1580 531 1623 Matthaei
551 1577 599 1624 &¹
621 1577 758 1620 Marci
781 1576 915 1617 Lucae
931 1574 1025 1616 liber
1045 1583 1165 1630 atque
1183 1574 1410 1628 Johannis,

320 1636 489 1678 Sanctus
510 1632 750 1688 Apostolicos
770 1630 908 1671 Lucas
927 1630 1205 1684 conscripserat
1225 1630 1380 1681 Afft'us,

319 1692 397 1733 Bis
406 1691 559 1744 septem
581 1687 686 1727 dotti
699 1697 771 1740 per
792 1686 941 1726 Cartas
962 1685 1176 1738 Dogmata
1197 1684 1348 1735 Pauli,

320 1745 488 1800 Jacobi‚
518 1744 663 1792 Petri,
693 1740 831 1794 Judae
852 1739 900 1785 ὠ·
916 1741 988 1796 pia
1011 1739 1120 1781 dicta
1141 1738 1370 1792 Johannis‚

323 1799 520 1842 Scribitur
538 1806 711 1838 extremo
733 1794 939 1849 Johannis
957 1797 1000 1836 in
1018 1793 1152 1835 ordine
1171 1792 1366 1845 Thomus,

322 1854 503 1910 Juffi’rat
522 1853 593 1893 hos
615 1865 741 1892 omnes
761 1849 909 1903 Christi
928 1848 1115 1890 deductus
1134 1862 1262 1890 amore

321 1910 550 1954 Alchuinus
571 1905 767 1959 Ecclestae
775 1904 960 1959 famulus
981 1903 1217 1958 confiribere
1235 1902 1365 1944 libros.

156 1971 255 2012 Item
281 1969 321 2009 in
343 1964 496 2006 Codice
509 1964 551 2004 P.
579 1961 622 2002 P.
652 1960 827 2002 Oratorii
849 1959 1022 2006 Rornae,
1053 1958 1146 2000 teste
1166 1957 1403 2000 Mabillonio
1423 1957 1511 2000 ltin.
1539 1956 1622 2000 Ital.
1650 1973 1687 2014 p.
1721 1963 1785 2013 67.

325 2021 483 2062 Codicis
511 2016 622 2067 istius
650 2023 743 2072 quot
761 2017 862 2070 sunt
890 2016 933 2055 in
963 2015 1127 2069 Corpore
1155 2013 1298 2056 Sant'lo

377 2074 580 2129 ‘Depibtae
597 2072 744 2126 formis
773 2069 977 2111 litterulae
1003 2071 1160 2118 variis,-

323 2129 530 2173 Mercedes
559 2127 702 2167 habeat
733 2125 884 2176 Christo
912 2123 1082 2166 donante
1103 2134 1174 2180 per
1201 2138 1345 2166 aevum

378 2185 455 2228 Tot
474 2183 648 2224 Carolus
678 2181 790 2232 Rex,
821 2181 889 2236 qui
907 2179 1082 2234 scribere
1098 2178 1219 2235 juffit
1248 2193 1344 2221 eum.

325 2241 412 2283 Pro
440 2253 498 2280 me
527 2239 691 2294 quisque
718 2236 846 2291 legens
874 2233 1011 2287 versus
1039 2249 1148 2276 orare
1175 2245 1383 2288 memento,

381 2294 607 2337 Alchuinus
635 2292 763 2333 dicor:
791 2300 836 2332 tu
851 2290 937 2343 stne
952 2289 1038 2343 fine
1068 2289 1172 2331 vale.

159 2354 270 2408 Quin
300 2356 340 2393 &
369 2350 472 2392 idem
508 2349 692 2390 Alcuinus
719 2347 760 2387 in
790 2346 910 2400 Epist.
944 2345 995 2386 ad
1026 2346 1178 2387 Gislam
1206 2345 1258 2387 lib
1288 2345 1358 2388 VI.
1387 2346 1611 2391 Comment.
1639 2350 1680 2390 in
1695 2347 1892 2403 Joannem

159 2408 349 2465 praefixa:
387 2437 414 2458 ‚‚
443 2405 582 2455 totius,
611 2403 760 2458 inquit,
788 2400 944 2443 forfitan
962 2401 1162 2455 Evangelii
1182 2401 1462 2456 expolitionem
1481 2403 1601 2446 direxi
1618 2405 1750 2451 vobis,
1781 2405 1807 2446 fi
1827 2394 1892 2446 me

158 2496 185 2517 ‚‚
217 2478 296 2504 non
327 2460 544 2516 occupasset
575 2458 737 2500 Domini
764 2457 863 2511 regis
893 2467 1137 2510 praeceptum
1171 2457 1212 2497 in
1240 2457 1513 2501 emendatione
1533 2460 1684 2502 Veteris
1702 2459 1892 2515 Novique

160 2547 188 2567 ‚,
219 2517 488 2559 Testamenti'’
500 2537 509 2563 3
539 2514 605 2555 Est
633 2517 673 2554 ὃς
703 2513 836 2553 Caroli
858 2511 996 2567 Magni
1017 2511 1203 2566 praefatio
1222 2512 1263 2552 in
1282 2513 1555 2556 Homiliarium
1574 2516 1681 2557 Pauli
1701 2515 1867 2556 Diaconi
1880 2542 1892 2561 ,

161 2573 266 2628 apud
285 2572 487 2614 Mabillon.
518 2569 624 2611 Vett.
654 2567 827 2609 Analect.
853 2566 905 2607 T.
935 2568 963 2608 l.
990 2580 1027 2621 p.
1055 2580 1105 2608 m.
1140 2581 1204 2619 25.
1231 2568 1272 2608 in
1291 2581 1368 2621 qua
1388 2568 1456 2609 fibi
1473 2570 1688 2624 Imperator
1699 2570 1892 2624 ejusmodi

161 2642 319 2683 operam
342 2626 541 2668 adscribit:
569 2651 596 2676 ‚‚
627 2623 794 2665 Karolus
815 2623 892 2664 Dei
911 2621 1027 2663 fretus
1046 2621 1208 2673 auxilio,
1238 2623 1327 2664 Rex
1345 2623 1582 2666 Francorum
1601 2629 1641 2665 &
1662 2625 1892 2681 Longobar-

159 2716 186 2736 „
215 2685 355 2724 dorum
388 2697 431 2722 ac
457 2681 642 2723 Patricius
664 2680 956 2728 Romanorum,
986 2677 1167 2732 religiosis
1197 2677 1398 2719 le&oribus
1423 2680 1574 2721 nostrae
1605 2680 1746 2721 ditioni
1770 2680 1892 2734 subje-

161 2771 188 2792 „
216 2740 298 2780 etis.
352 2737 456 2778 Cum
486 2750 558 2776 nos
584 2735 715 2775 divina
744 2733 889 2788 semper
911 2732 1020 2773 domi
1039 2732 1206 2787 forisque
1228 2733 1430 2774 clementia
1450 2734 1527 2776 five
1545 2735 1729 2776 bellorum
1747 2737 1893 2781 eventif

161 2826 187 2847 ,‚
216 2795 304 2844 bus,
334 2792 410 2833 five
430 2792 469 2831 in
487 2791 591 2845 pacis
609 2788 880 2843 tranquillitate
896 2786 1105 2838 custodiat,
1134 2788 1203 2829 etsi
1223 2788 1427 2843 quicquam
1448 2789 1658 2844 rependere
1675 2790 1755 2844 ejus
1774 2790 1889 2831 bene-

161 2880 187 2901 „
218 2849 312 2890 ficiis
344 2848 507 2888 tenuitas
527 2847 692 2886 humana
711 2857 792 2884 non
811 2843 1001 2897 praevalet
1014 2878 1024 2893 ,
1053 2855 1183 2885 tamen
1203 2844 1292 2898 quia
1309 2843 1365 2885 est
1383 2844 1662 2886 inaestimabilis
1682 2844 1889 2886 misericor-

159 2932 187 2956 „
215 2904 302 2944 diae
322 2904 427 2943 Deus
445 2900 592 2949 noster,
621 2899 782 2948 devotas
803 2899 888 2939 suae
905 2897 1073 2940 servituti
1089 2898 1254 2952 benigne
1271 2898 1459 2953 approbat
1478 2899 1694 2941 voluntates
1719 2917 1728 2941 ε
1768 2901 1889 2955 Igitur

161 2990 188 3011 „
219 2959 307 3012 quia
325 2970 436 2997 curae
456 2955 568 2995 nobis
589 2955 719 3005 est,ut
740 2953 990 2994 Ecclefiarum
999 2952 1049 2994 ad
1059 2954 1216 2994 meliora
1227 2953 1372 3008 semper
1382 2953 1557 3009 proficiat
1568 2954 1682 2996 status
1694 2955 1891 3005 ,oblitera-

161 3045 188 3066 „
216 3026 294 3055 tam
315 3025 441 3071 poene
460 3010 645 3050 malorum
665 3008 882 3049 nostrorum
899 3008 1043 3051 defidia
1063 3023 1234 3063 reparare
1250 3008 1422 3064 vigilanti
1439 3008 1565 3050 studio
1583 3009 1774 3051 literarum
1792 3011 1887 3050 sata-

162 3096 191 3120 ,,
220 3069 343 3124 gimus
372 3066 587 3115 officinam,
616 3069 654 3104 δε
684 3063 735 3104 ad
755 3062 1016 3118 pernoscenda
1039 3063 1230 3105 sacrorum
1257 3064 1439 3106 librorum
1457 3064 1580 3105 studia
1601 3065 1733 3106 nostro
1751 3066 1892 3115 etiam,

159 3158 185 3176 ,‚
214 3137 314 3178 quos
341 3121 556 3177 possumus,
586 3119 789 3160 invitamus
815 3118 1015 3171 exemplo·,
1044 3119 1149 3159 Inter
1179 3133 1277 3173 quae
1300 3119 1531 3174 jampridem
1552 3120 1746 3161 universos
1765 3121 1814 3162 V.
1843 3135 1888 3162 ac

159 3205 187 3231 2,
217 3178 274 3221 N.
301 3178 354 3221 T.
382 3177 498 3219 libros
516 3174 752 3217 librariorum
771 3174 960 3229 imperitia
980 3174 1230 3228 depravatos,
1259 3175 1350 3218 Deo
1367 3188 1439 3218 nos
1456 3175 1498 3217 in
1514 3176 1696 3218 omnibus
1705 3175 1887 3229 adjuvan-

1774 3256 1800 3281 ,‚
1829 3241 1889 3277 te,
