1976 3519
134 255 216 284 -200
519 232 1514 279 PROLEGOMENA;

138 357 164 380 ,‚
193 327 461 370 devineturus?
490 325 600 366 Talis
631 325 685 366 est
715 324 856 378 ubique
875 323 952 365 fere
973 323 1078 364 labor
1097 321 1168 362 W.
1196 322 1237 362 in
1256 320 1428 362 editione
1448 320 1504 362 N.
1533 320 1586 362 sui
1605 319 1678 373 T.,
1710 321 1786 364 ho'c
1803 317 1860 364 est

138 411 167 435 ,‚
196 383 288 424 illud
317 395 437 435 opuS‚
468 381 507 420 in
528 380 635 434 quod
651 380 771 420 multa
791 393 1034 419 nummorum
1062 377 1181 418 millia
1210 378 1405 431 erogavit,
1436 380 1475 416 ὃ(
1503 376 1635 417 oculos
1653 377 1856 420 hebetavit}

138 466 164 489 2,
194 439 287 480 Hoc
308 437 361 476 est
383 435 476 476 illud
495 449 616 490 opus,
644 437 692 475 ab
712 434 796 488 ipso
812 435 852 474 in
878 433 1073 488 Apologia
1093 431 1311 482 laudatum,
1340 431 1430 472 utile
1452 434 1491 471 &
1513 431 1777 484 necessarium,
1806 433 1857 474 ad

140 520 167 544 „
198 493 394 534 veritatem
418 490 626 532 eruendam
648 521 660 541 ,
699 493 738 528 ὅ(
769 488 973 529 calumnias
1001 501 1115 542 atque
1134 486 1408 528 controversias
1429 485 1626 527 tollendas.
1682 487 1780 528 Non
1799 489 1858 528 in-

139 576 166 599 „
194 547 367 589 videmus
387 546 455 600 ipsi
478 546 659 600 gaudium
680 543 774 584 illud
796 543 956 584 solidum
969 574 980 593 ,
1009 547 1047 582 &
1068 542 1324 596 voluptatem,
1355 555 1470 595 quam
1489 555 1535 582 ex
1554 542 1774 595 hujusmodi
1795 557 1859 584 cu-

139 631 165 654 „
197 603 320 657 pediis
339 602 594 656 grammaticis
612 600 737 654 capit,
765 598 961 639 mallemus
978 610 1105 638 tamen
1117 628 1129 648 ,
1146 609 1187 638 ut
1206 597 1502 637 obleetationem
1519 596 1620 637 suam
1631 628 1644 647 ,
1672 597 1861 652 fiquidem

139 686 166 709 ,‚
196 660 235 698 in
259 672 414 698 munere
435 656 539 697 sacro
560 667 708 696 tantum
728 653 797 707 ipsi
818 654 891 693 otii
912 653 1124 707 supererat,
1154 665 1235 691 non
1255 652 1296 692 in
1316 652 1457 692 Sansto
1477 652 1554 692 Dei
1575 653 1714 704 verbo,
1743 652 1859 694 sedin

140 738 167 760 2,
198 713 331 754 fabulis
362 712 523 765 AEsopi‚
553 723 618 751 aut
648 708 776 749 similis
805 708 994 763 scriptoris
1023 705 1268 762 quaesivisset.
1321 705 1397 747 Sed
1429 706 1665 761 reperiuntur
1682 709 1797 749 etiam
1817 708 1859 747 in

139 800 166 821 „
195 767 391 823 propolita
419 767 590 807 editione
617 765 674 805 N.
701 764 753 804 T.
782 763 869 803 licet
890 763 916 803 fi
935 777 1021 804 cum
1043 762 1229 816 prioribus
1248 773 1516 815 comparentur
1536 762 1776 816 pauciffimae
1795 763 1863 803 ali-

139 850 168 874 „
198 836 345 877 quanto
374 822 529 875 majoris
554 819 742 860 momenti
772 818 970 859 varietates
993 840 1005 867 ·‚
1046 817 1157 870 hujus
1185 817 1333 871 generis
1364 816 1604 870 pauciffimae
1633 818 1673 858 in
1701 830 1866 873 quatuor

143 907 171 930 ,‚
203 879 305 919 foliis
338 878 448 917 nobis
470 875 648 916 exhibitis
669 884 894 922 occurrunt,
913 872 1040 926 facile
1059 881 1189 912 tamen
1207 871 1458 927 conjicimus,
1487 871 1730 913 immodicam
1749 872 1864 913 illum

141 963 168 984 ‚‚
197 934 397 974 licentiam
420 931 496 982 sibi
533 928 797 983 permiffurum
830 932 868 967 &
893 929 1077 981 majorem
1097 958 1109 977 ,
1147 940 1262 980 quam
1298 939 1375 980 qua
1403 925 1569 967 editores
1597 927 1869 980 praecedentes

142 1017 169 1041 ,‚
197 989 311 1029 etiam
344 985 574 1027 audaciffimi
605 984 689 1025 sunt
713 983 777 1024 usl.
831 983 1092 1037 Doxologiam
1121 982 1322 1023 Orationis
1350 981 1580 1022 Dominicae
1599 983 1764 1032 omittit,
1793 986 1868 1024 &c.

145 1075 171 1095 ‚,
201 1042 322 1084 Nulla
350 1055 442 1095 ergo
473 1041 570 1080 ratio
597 1039 651 1080 est
671 1069 682 1088 ‚
709 1052 775 1079 cur
796 1053 817 1078 a
839 1038 957 1092 priori
975 1038 1105 1077 nostro
1124 1036 1283 1078 consilio
1306 1035 1543 1077 recedamus:
1571 1048 1705 1077 contra
1726 1037 1753 1078 fi
1775 1049 1868 1078 tunc

198 1097 406 1138 rationibus
435 1095 586 1135 idoneis
614 1094 711 1135 moti
740 1093 938 1148 petiimus,
968 1103 1010 1133 ut
1032 1092 1153 1133 editio
1184 1091 1500 1146 supprimeretur,
1538 1091 1620 1132 viso
1646 1092 1719 1132 isto
1748 1091 1868 1146 speci-

142 1186 168 1204 „
202 1154 304 1193 mine
336 1151 447 1192 novis
474 1150 682 1190 rationibus
710 1149 749 1189 in
780 1162 825 1188 ea
841 1147 1024 1188 sententia
1043 1147 1334 1193 confirmamur,
1364 1160 1451 1187 curn
1470 1145 1547 1187 fere
1565 1156 1668 1187 totus
1693 1147 1791 1188 illius
1819 1148 1870 1191 la-

144 1239 171 1261 „
202 1209 271 1248 bor
297 1208 336 1247 in
357 1207 490 1255 variis,
522 1204 714 1245 inutilibus
735 1208 773 1244 &
796 1202 998 1257 puerilibus
1018 1204 1199 1242 minutiis
1222 1202 1531 1252 Grammaticis,
1562 1199 1610 1247 ὠ·
1609 1200 1654 1254 st
1667 1202 1766 1257 quid
1774 1202 1872 1243 vili-

145 1295 172 1316 „
202 1277 248 1304 us
267 1262 372 1315 istis,
402 1260 620 1301 confistat'’.
678 1259 825 1299 Eadem
847 1268 1066 1311 repetuntur
1086 1257 1180 1299 Aci.
1210 1271 1246 1311 p.
1279 1270 1297 1296 2
1308 1270 1369 1309 30.

206 1318 298 1358 Hoc
321 1317 459 1357 scilicet
479 1315 645 1369 appellat
663 1316 704 1354 in
722 1316 859 1353 timore
881 1313 1055 1352 Domini
1073 1313 1239 1354 Novum
1261 1325 1388 1352 meum
1417 1311 1705 1354 Testamentum
1733 1313 1876 1354 exami-

147 1388 261 1424 nare,
291 1375 330 1412 ὃς
361 1385 434 1412 non
456 1369 660 1424 suamscd
674 1368 762 1409 Dei
780 1370 934 1422 causam
951 1381 1072 1421 agere.
1128 1367 1204 1408 Sed
1235 1381 1422 1421 ponamus
1439 1368 1644 1422 tantisper,
1673 1382 1754 1409 rem
1771 1370 1823 1409 ita
1841 1369 1881 1411 st:

147 1430 310 1478 habere,
342 1428 398 1468 uti
418 1426 531 1475 d1cit‚
562 1439 704 1479 quaero
722 1424 826 1477 cujus
846 1424 1013 1463 criminis
1038 1436 1100 1463 me
1127 1422 1230 1476 apud
1259 1423 1440 1464 Senatum
1466 1422 1632 1463 accuset?
1659 1424 1720 1465 cui
1745 1426 1878 1466 nocuit

148 1486 215 1525 hic
233 1483 339 1524 labor
359 1484 490 1523 meus?
519 1484 556 1519 ὃ(
578 1492 711 1520 contra
730 1492 844 1533 quam
863 1479 986 1532 legem
1006 1478 1170 1519 civitatis
1188 1478 1370 1532 peccavi?
1399 1477 1541 1518 Videat
1561 1489 1687 1519 autem
1697 1478 1759 1520 Cl.
1771 1479 1880 1526 (Σοῐι-Ι

147 1540 231 1590 sor,
260 1552 391 1579 annon
410 1535 489 1591 ipse
507 1535 708 1576 manifesto
729 1535 770 1575 in
791 1533 941 1588 publica
965 1531 1172 1574 commoda
1202 1532 1434 1587 peccaverit,
1465 1532 1559 1574 dum
1586 1533 1708 1589 longo
1731 1533 1880 1588 aliquot

148 1596 252 1636 mille
271 1593 451 1633 foliorum
465 1591 636 1632 sermone
657 1590 771 1643 (nam
789 1589 955 1643 'reliquae
972 1602 1106 1629 omnes
1126 1588 1210 1628 lites
1229 1602 1275 1628 ex
1295 1588 1362 1628 ista
1389 1587 1439 1628 de
1470 1588 1527 1629 N.
1546 1588 1596 1629 T.
1620 1589 1879 1631 controversia.
1935 1605 1939 1609 ·

151 1649 429 1705 proseminatae
455 1646 563 1698 sunt)
592 1649 766 1698 tempora
784 1643 966 1694 Senatus,
994 1643 1043 1684 ad
1065 1657 1180 1697 quem
1210 1643 1313 1683 istius
1340 1643 1393 1684 rei
1415 1643 1588 1697 cognitio
1610 1644 1772 1684 omnino
1798 1658 1882 1687 non

147 1704 363 1759 sperabat,
393 1701 465 1742 fuit
493 1702 686 1740 moratus?
717 1700 824 1739 Bene
852 1710 981 1739 tamen
1007 1699 1061 1738 est
1080 1729 1093 1748 ,
1123 1697 1230 1752 quod
1259 1697 1368 1738 fateri
1394 1699 1543 1751 cogitur
1572 1701 1612 1737 &
1640 1698 1809 1740 Millium
1839 1703 1881 1740 ὃς

150 1758 389 1813 WVhitbyum
427 1755 564 1797 eadem
592 1752 718 1795 fecisse
748 1767 846 1808 quae
872 1768 947 1809 ego
977 1752 1089 1795 facio.
1144 1753 1195 1794 Et
1221 1766 1350 1794 revera
1380 1752 1493 1802 velit,
1522 1753 1640 1800 nolit,
1661 1753 1768 1795 aliter
1785 1754 1882 1797 haec

152 1816 253 1856 sacra
275 1827 355 1853 non
378 1811 572 1853 constant.»
591 1810 701 1851 Idem
721 1808 892 1850 fecerunt
911 1820 1000 1849 ante
1021 1823 1083 1849 me
1094 1809 1272 1849 Erasmus
1292 1811 1332 1847 &
1353 1806 1590 1862 Stephanus,
1621 1809 1752 1862 postea
1766 1810 1883 1852 etiam

152 1870 358 1923 Bengelius
377 1871 413 1905 &
436 1866 702 1920 Breitingerus.
732 1863 842 1904 Idem
865 1863 1035 1904 fecerunt
1053 1867 1094 1903 &
1116 1863 1389 1909 Grammatici,
1419 1874 1534 1916 atque
1555 1863 1786 1905 scholiastae
1814 1880 1880 1907 ve-

155 1936 273 1974 teres,
302 1927 341 1962 &
361 1932 555 1976 quotquot
582 1932 731 1961 autores
759 1918 944 1959 Clafficos
974 1919 1145 1959 Graecos
1167 1919 1403 1972 Latinosque
1420 1917 1653 1959 ediderunt:
1682 1919 1883 1974 quodnam

155 1994 249 2034 ergo
269 1979 332 2018 hic
351 1978 405 2017 est
425 1976 608 2031 singulare
628 1985 827 2028 peccatum
845 1977 997 2014 meum?
1027 1973 1083 2013 Sit
1102 1986 1206 2013 meus
1223 1973 1329 2012 labor
1349 1987 1430 2012 non
1450 1972 1562 2014 valde
1582 1975 1705 2024 utilis,
1736 1989 1785 2015 an
1813 1977 1886 2017 uti-

156 2035 228 2075 lior
248 2033 444 2074 honestior
466 2035 505 2070 &
525 2030 748 2070 laudabilior
774 2029 829 2069 est
851 2042 968 2083 opera
996 2042 1111 2082 quam
1129 2029 1202 2070 Vir
1223 2028 1285 2068 Cl.
1307 2027 1432 2080 posuit
1449 2028 1490 2068 in
1509 2042 1571 2069 me
1589 2029 1802 2070 accusando
1831 2043 1886 2072 at-

156 2104 232 2144 que
250 2086 464 2129 deridendo
487 2089 502 2126 ?
543 2085 583 2125 id
604 2084 778 2130 credam,
808 2083 835 2124 fi
864 2084 1082 2137 probaverit
1109 2095 1172 2123 aut
1202 2081 1350 2134 λῃιῖεύειν
1380 2081 1454 2123 esse
1482 2083 1614 2124 melius
1633 2099 1748 2138 quam
1776 2085 1885 2126 κιθα-

156 2142 261 2197 ρῳδεῖν
279 2171 290 2190 ,
329 2154 393 2183 aut
421 2143 526 2182 litem
548 2168 559 2186 ‚
599 2154 714 2194 quam
745 2139 840 2179 mihi
869 2139 1073 2180 intentavit
1094 2138 1265 2191 publice,
1290 2137 1417 2184 fuiffe,
1445 2150 1488 2179 ut
1508 2139 1631 2180 verbis
1650 2139 1887 2195 Hieronymi

158 2212 263 2249 utar,
293 2197 601 2249 aedificatorium
633 2193 825 2245 Ecclefiae
839 2193 1034 2248 jurgium.
1091 2194 1130 2234 Si
1150 2194 1234 2246 quis
1254 2192 1303 2234 de
1324 2193 1540 2233 accentibus
1561 2194 1786 2248 punffisque
1806 2211 1886 2236 ma-

159 2254 356 2295 sorethicis
386 2251 545 2306 operose
571 2263 720 2306 ageret,
750 2263 897 2303 nosque
928 2249 1107 2297 doceret,
1135 2248 1336 2289 Hebraeos
1362 2248 1486 2302 legere
1516 2249 1678 2302 Mosche
1696 2263 1767 2303 pro
1795 2252 1887 2292 Mo-

155 2312 217 2363 ft,
257 2307 367 2353 Iiob‚
398 2321 469 2361 pro
500 2304 626 2358 Jobo,
656 2308 694 2345 &
726 2303 929 2359 Irmey'ahu
961 2318 1031 2357 pro
1064 2303 1264 2355 Jeremia,
1294 2302 1574 2357 hae-cupediae
1594 2303 1791 2356 Judaicae
1816 2320 1886 2347 no·

148 2359 236 2406 ⁴stro
260 2362 472 2417 Theologo
502 2360 755 2401 Hebraizanti
783 2359 975 2414 placerent
994 2390 1005 2408 ‚
1052 2359 1152 2398 hanc
1179 2358 1473 2412 occupationem
1502 2358 1541 2397 in
1571 2359 1720 2414 Lingua
1748 2360 1887 2403 Sans&

155 2418 323 2460 smitam
344 2418 633 2472 pronunciaret,
666 2415 725 2455 his
744 2426 924 2468 tanquam
947 2414 1090 2454 altioris
1110 2414 1269 2467 originis
1288 2413 1456 2467 apicibus
1475 2413 1626 2454 oculum
1647 2414 1819 2456 divinum
1832 2417 1891 2457 in·

160 2474 327 2530 vigilasse
349 2476 387 2512 &
412 2473 506 2513 haec
529 2470 868 2511 animadvertenda
885 2469 959 2510 effe
978 2469 1140 2509 diceret:
1169 2483 1266 2522 quae
1295 2482 1387 2509 vero
1408 2468 1446 2507 in
1478 2467 1534 2508 N.
1562 2469 1612 2509 T.
1641 2471 1722 2523 ejus
1741 2473 1890 2524 generis

158 2531 415 2584 reperiuntur,
444 2540 626 2580 tanquam
650 2526 848 2574 minutias,
879 2529 918 2564 &
953 2524 1094 2578 negligi
1111 2525 1216 2578 poste
1237 2527 1276 2563 ὃς
1297 2523 1439 2578 negligi
1459 2522 1606 2564 debere.
1648 2524 1738 2565 Nec
1759 2537 1888 2567 tamea

160 2585 274 2638 plane
301 2584 440 2623 nullam
473 2583 540 2621 has
566 2582 744 2621 minutias
776 2581 977 2620 utilitatem
1005 2581 1143 2620 habere
1171 2579 1344 2619 existimo
1365 2610 1376 2629 ‚
1406 2592 1495 2618 nam
1516 2592 1584 2631 per
1602 2579 1759 2620 nimiam
1780 2582 1889 2622 istam

154 2638 397 2693 ‚diligentiam
428 2637 477 2691 (si
497 2637 613 2676 nimia
635 2635 708 2676 ess'e
728 2634 874 2688 potest)
904 2635 1043 2674 Lestor
1063 2634 1234 2675 redditur
1251 2634 1410 2684 certior,
1440 2632 1592 2677 codices
1619 2646 1790 2675 accurate
1809 2637 1890 2677 col·

154 2694 257 2734 latos
279 2697 317 2733 δε
339 2693 432 2732 nihil
455 2692 610 2744 alicujus
631 2691 817 2730 momenti
833 2688 1009 2729 omissum
1032 2689 1158 2735 fuisse;
1190 2703 1307 2742 porro
1331 2702 1377 2728 ex
1404 2689 1573 2729 variante
1595 2690 1796 2729 verborum
1826 2706 1890 2731 or-

160 2749 252 2790 dine
274 2751 312 2787 &
332 2747 536 2800 scriptione
557 2746 728 2800 indagari
750 2745 875 2798 potest
903 2745 1014 2799 origo
1044 2745 1199 2796 alicujus
1226 2743 1390 2793 codicis,
1420 2756 1499 2796 quo
1527 2756 1751 2796 argumento
1780 2744 1890 2799 supra

161 2804 362 2857 aliquoties
391 2801 475 2842 usus
509 2801 587 2841 sum
608 2831 619 2850 ‚
657 2813 697 2840 ut
729 2800 930 2854 probarem
962 2799 1133 2839 Codices
1161 2798 1351 2852 quosdam
1379 2796 1429 2837 ad
1459 2795 1683 2838 Versionem
1714 2799 1890 2841 Latinam

159 2859 268 2899 fuisse
289 2859 530 2904 immutat083
560 2856 773 2895 observatio
804 2866 929 2895 autem
960 2854 1009 2894 de
1041 2854 1156 2893 literis
1187 2853 1225 2893 C
1256 2857 1295 2893 &
1324 2852 1392 2901 N,
1420 2852 1578 2892 vocibus
1609 2856 1648 2892 &
1666 2854 1789 2895 verbis
1807 2856 1890 2910 qui-

161 2914 321 2956 busdam
342 2913 381 2952 in
403 2911 479 2951 fine
497 2910 587 2950 addi
610 2910 748 2956 solitis,
777 2911 890 2949 etiam
912 2909 976 2948 ubi
996 2922 1071 2949 vox
1092 2908 1250 2961 sequens
1267 2906 1890 2961 aconsonanteincipit‚licetedi-

161 2969 237 3010 tori
266 2967 323 3008 N.
343 2967 394 3007 T.
425 2979 505 3005 non
532 2964 723 3006 conducat
744 2995 756 3014 ‚
802 2964 925 3018 potest
953 2977 1081 3004 tamen
1112 2963 1263 3003 Critico
1292 2961 1531 3002 occasionem
1567 2960 1666 3003 forte
1693 2965 1892 3017 praebere,

160 3025 288 3065 locum
306 3022 469 3075 aliquem
490 3020 641 3059 alterius
657 3020 798 3059 autoris
816 3017 1069 3067 emendandi,
1094 3021 1133 3057 &
1155 3018 1223 3057 has
1244 3017 1392 3066 literas,
1422 3017 1479 3056 vel
1512 3030 1639 3057 earum
1670 3018 1806 3060 ssmiles
1834 3026 1891 3066 O,

166 3079 215 3129 Ε,
247 3084 281 3117 Η
295 3105 304 3123 ,
334 3082 392 3122 Π,
421 3089 508 3116 curn
528 3075 640 3114 initio
660 3074 766 3115 vocis
784 3073 974 3127 sequentis
990 3072 1202 3126 jungendi,
1230 3086 1282 3112 eo
1301 3071 1378 3113 fere
1397 3071 1540 3123 modo,
1571 3087 1651 3127 quo
1672 3073 1777 3114 locus
1797 3074 1890 3114 Ma-

159 3133 340 3175 nethonis
368 3131 390 3170 l.
422 3130 493 3170 IV.
525 3142 617 3183 397.

322 3182 560 3231 Ναυσιβσίτας
578 3181 684 3233 <paim
701 3179 762 3224 ml
783 3182 810 3223 ἒν
827 3180 939 3222 ὕδασιν
958 3180 1104 3236 ἧκτοςας
1126 3178 1255 3234 ἄνδρας.

142 1131 169 1150 29

1774 3253 1796 3279 ἓ
1816 3211 1891 3280 ee·
