1976 3519
124 206 178 247 70
508 184 1502 230 PRoLEGoMENA.

127 293 178 320 ne
197 277 271 320 sese
291 276 455 318 invicem
476 274 579 329 apud
598 274 851 316 Ammonium
870 273 1131 328 excipiebant,
1160 275 1200 314 in
1226 272 1292 313 suo
1324 272 1530 313 Matthaeo
1561 274 1726 315 numeris
1757 287 1790 316 1.
1823 289 1858 318 2.

133 348 168 388 3.
198 347 317 386 usque
346 331 396 372 ad
425 329 599 371 ultimum
636 342 728 383 355.
757 341 930 378 notaret,
957 329 1089 383 postea
1109 328 1312 382 Segmenta
1337 327 1464 367 Marci
1489 340 1579 380 233.
1608 328 1734 370 Lucae
1765 342 1862 383 342·

130 388 300 441 denique
313 386 477 440 Joannis
499 399 591 439 232.
610 398 743 425 verum
761 397 843 423 non
862 398 909 424 eo
927 385 1087 429 ordine,
1117 398 1198 438 quo
1217 383 1257 421 in
1277 382 1489 437 Evangelio
1502 380 1561 422 διὰ
1582 380 1749 434 τεσσάρων
1767 387 1864 426 Am.

131 443 254 485 monii
283 441 551 490 occurrebant,
581 439 646 480 sed
674 453 753 493 quo
784 437 853 492 ipsi
881 438 1143 493 Evangelistae
1171 437 1413 490 scripserant,
1442 438 1581 491 pariter
1602 439 1766 480 numeris
1790 439 1865 481 suis

131 498 390 552 distingueret.
420 496 516 548 Qo
541 495 668 535 labore
701 494 856 547 pemito
884 493 1054 535 indicem
1086 493 1162 535 five
1192 491 1375 532 Canones
1401 492 1578 532 confecit.
1606 493 1740 534 Postea
1759 494 1864 535 idem

132 551 314 595 Eusebius
337 551 536 592 Ammonii
556 547 707 590 Τῖτλους
724 547 801 588 five
819 548 1002 589 breviaria
1019 547 1205 603 Capitum
1226 546 1381 601 fingulis
1400 547 1648 602 Evangelistis
1668 548 1866 601 praefixit,

132 619 197 649 aut
218 606 380 660 margini
399 605 596 660 apposuit,
625 604 734 656 saepe
757 603 798 642 in
819 615 982 657 quatuor
999 603 1218 658 Evangeliis
1237 602 1400 655 repetito
1419 601 1558 642 eodem
1581 602 1706 653 Τίτλῳ
1728 604 1866 644 iisdem

133 663 277 713 verbis,
308 661 375 716 qui
393 662 432 700 in
454 660 655 701 Ammonii
675 659 891 699 Harmonia
910 659 988 700 fine
1008 657 1127 699 dubio
1147 657 1258 698 semel
1280 668 1429 697 tantum
1452 668 1531 697 erat
1549 657 1714 711 positus,
1745 659 1868 712 cujus-

135 717 245 760 modi
271 720 310 757 in
343 715 545 756 Matthaeo
575 714 659 755 sunt
687 713 750 752 68.
774 713 815 753 in
837 713 974 755 Marco
995 713 1062 764 48.
1092 714 1133 753 in
1155 713 1259 753 Luca
1286 711 1348 764 83.
1378 712 1418 751 in
1430 711 1583 765 Joanne
1610 715 1672 753 18.
1700 713 1868 768 Reliqua

137 787 184 814 ex
210 771 446 826 inspeffi‘tione
466 770 634 824 ipsorum
664 768 873 808 Canonum
893 767 1111 822 Evangeliis
1131 766 1385 821 praefixorum
1407 769 1446 805 ὃς
1465 780 1708 808 numerorum
1730 770 1871 823 margi-

136 827 302 877 nalium,
331 839 429 880 quos
447 826 625 866 Erasmus
643 827 681 863 &
703 822 917 875 Stephanus
935 823 1212 877 expresserunt,
1239 821 1372 861 melius
1401 835 1517 875 quam
1555 836 1601 862 ex
1625 823 1772 876 prolixa
1804 824 1872 865 de-

137 883 343 936 scriptione
365 881 524 935 intelligi
547 888 737 933 poterunt.
765 878 882 918 Hanc
911 879 1205 933 explicationem
1234 876 1371 916 laboris
1392 877 1641 917 Ammoniani
1662 889 1775 932 atque
1796 879 1873 920 Eu-

137 937 279 978 sebiani
296 946 444 977 attento
461 934 596 975 le&ori
615 931 718 973 haud
740 933 854 986 paulo
870 934 1081 987 pleniorem
1099 947 1165 982 ea,
1195 945 1310 986 quam
1325 931 1388 970 alii
1409 930 1536 971 adhuc
1569 933 1870 986 proposuerunt,

140 992 283 1033 addere
318 990 438 1031 lubuit
448 1009 462 1035 ς
492 988 596 1030 unde
624 989 723 1028 inter
742 987 813 1028 alia
839 989 920 1041 jam
951 999 1076 1043 patet,
1106 1002 1172 1028 cur
1192 987 1260 1027 ista
1281 983 1466 1033 κεφάλαια
1486 1000 1566 1026 non
1588 988 1778 1041 aequalia,
1806 988 1872 1029 sed

139 1046 264 1089 modo
294 1045 470 1099 longiora
495 1042 617 1084 modo
646 1043 819 1083 breviora
848 1043 943 1095 fint‚
973 1055 1087 1097 prout
1107 1043 1286 1082 nimirum
1306 1041 1366 1082 vel
1383 1041 1423 1080 in
1443 1040 1609 1095 pluribus
1627 1043 1686 1083 vel
1713 1043 1752 1083 in
1782 1057 1876 1097 pau-

141 1101 306 1142 cioribus
342 1098 602 1153 Evangelistas
633 1098 730 1139 inter
760 1097 796 1138 se
827 1099 1102 1139 convenientes
1142 1097 1203 1138 vel
1234 1096 1492 1149 discrepantes
1531 1095 1876 1150 deprehenderant.

143 1158 327 1198 Ceterum
347 1154 528 1196 Eusebius
549 1153 718 1194 Codices
738 1152 862 1194 sacros
881 1153 1089 1208 Pamphili,
1119 1151 1341 1205 Pamphilus
1371 1162 1496 1191 autem
1525 1151 1730 1193 lestionem
1752 1153 1877 1194 Codi-

143 1225 231 1253 cum
263 1210 446 1265 Origenis
478 1209 622 1250 secutus
651 1208 726 1257 est,
756 1208 824 1262 qui
853 1219 982 1250 tantae
1014 1209 1248 1248 austoritatis
1278 1217 1408 1255 erant,
1435 1216 1477 1246 ut
1503 1205 1581 1260 ipse
1599 1207 1878 1249 Constantinus

143 1268 205 1308 M.
232 1265 375 1319 jusserit
403 1264 680 1319 quinquaginta
702 1261 873 1304 Codices
905 1263 1029 1304 sacros
1055 1277 1143 1303 cura
1166 1261 1316 1303 Eusebii
1343 1261 1534 1315 eleganter
1566 1273 1680 1316 atque
1706 1274 1880 1304 accurate

146 1330 327 1371 describi:
356 1328 449 1370 ‘Amos
469 1321 574 1368 div-v.—
589 1323 778 1376 σωμάτια,
808 1326 954 1380 inquit,
983 1325 1010 1366 ἒν
1033 1324 1193 1378 διφθέραις
1219 1321 1482 1374 ἐ’γκοιταςκεύοις
1509 1323 1735 1374 {varai-ymni
1758 1343 1799 1367 τε
1817 1324 1881 1366 καὶ

145 1383 233 1437 πρὸς
255 1381 313 1426 τῖιν
333 1382 449 1437 χςῖσιν
469 1379 758 1432 ἔυμετοικόμιᾷοι,
787 1378 857 1420 ὑπὸ
879 1381 1046 1433 τεχνιτῶν
1067 1378 1323 1436 καλλιγρσίφων
1345 1376 1405 1419 καὶ
1429 1378 1577 1431 ἀκριβῶς
1595 1378 1653 1423 τὴν
1666 1379 1787 1433 τέχνην
1805 1381 1881 1421 ἔπιέ

147 1438 323 1490 φαμένων,
352 1438 518 1490 γραφῖναι
540 1435 751 1482 κελεύσειοις,
781 1434 848 1476 τῶν
866 1434 962 1477 θείων
983 1435 1116 1483 δηλαδὴ
1135 1434 1297 1487 γραφῶν,
1328 1435 1378 1475 de
1400 1433 1492 1475 Vita
1511 1436 1713 1477 Constant.
1744 1450 1793 1488 4,
1816 1441 1882 1491 36.

151 1509 214 1550 37.
244 1496 340 1549 QJo
358 1494 541 1534 mandato
561 1504 721 1546 accepto
745 1491 925 1532 Eusebius
945 1493 1222 1547 quinquaginta
1245 1491 1329 1530 illos
1353 1489 1523 1531 Codices
1543 1491 1746 1545 magnifice
1773 1506 1884 1533 exor-

150 1562 262 1591 natos
291 1550 440 1590 duobus
468 1548 650 1590 vehiculis
681 1545 840 1601 publicis
872 1546 1244 1599 Constantinopolin
1275 1545 1396 1594 misit,
1424 1543 1452 1583 ἐν
1472 1545 1707 1596 πολυτελῶς,
1736 1548 1883 1600 inquit,

150 1602 334 1652 ἦσκημὲνοις
352 1601 504 1656 τεύχεσιν
522 1600 649 1655 τρισσαὶ
667 1598 728 1641 καὶ
746 1600 930 1653 τετρασσοὶ
950 1600 1227 1653 διαπεμψάντων
1244 1598 1343 1646 ἦμῶν.
1381 1599 1456 1640 Sed
1476 1603 1516 1639 ὃς
1533 1601 1667 1641 eadem
1685 1603 1887 1644 occasione

150 1660 327 1702 accidisse
348 1670 466 1713 puto,
497 1670 539 1700 ut
558 1658 641 1698 libri
659 1656 713 1696 illi
733 1657 845 1709 pauci
864 1667 1031 1707 veteres,
1061 1658 1129 1710 qui
1158 1670 1204 1696 ex
1231 1654 1414 1695 incendio
1443 1655 1677 1696 Diocletiani
1696 1657 1888 1698 manibus·

151 1730 229 1769 que
246 1714 499 1755 Traditorum
519 1712 611 1753 salvi
627 1709 842 1761 evaserant,
872 1725 962 1763 prae
982 1712 1094 1751 novis
1117 1711 1195 1750 istis
1214 1713 1254 1749 &
1275 1708 1448 1762 pretiosis
1467 1711 1655 1764 regiisque
1674 1711 1888 1753 Codicibus

150 1770 350 1812 sorderent
378 1779 493 1823 atque
521 1766 766 1815 vilescerent,
795 1765 1006 1820 passimque
1034 1765 1327 1820 seponerentur‚
1354 1762 1481 1818 sicque
1512 1765 1694 1819 paulatim
1722 1766 1886 1821 negleffi

152 1835 362 1867 interirent.

211 1877 455 1930 Athanastus
495 1878 710 1931 Episcopus
748 1875 1028 1918 Alexandrinus
1061 1890 1114 1929 ¹ex
1146 1875 1332 1917 Editione
1370 1873 1569 1916 Comelini
1605 1875 1890 1932 Heidelbergae

159 1940 286 1977 1601.
312 1934 449 1974 collata
468 1946 555 1973 cum
574 1932 661 1973 MS.
681 1930 834 1972 Codice
851 1931 1044 1973 Basilienfi
1064 1932 1266 1971 chartaceo
1283 1930 1326 1971 Ν
1330 1929 1442 1970 icolai
1464 1932 1683 1986 Doxopatri
1694 1933 1888 1974 Constan-

156 1988 416 2044 tinopolitani.
830 2024 832 2027 ,

213 2046 382 2094 Petrus,
412 2041 610 2084 Athanasii
639 2042 681 2082 in
711 2042 948 2096 Episcopatu
978 2041 1087 2083 Alex.
1118 2040 1323 2093 successor,
1354 2041 1459 2094 cujus
1480 2041 1653 2096 Epistola
1682 2042 1888 2098 Encyclica

157 2110 262 2143 extat
279 2099 383 2154 apud
400 2097 707 2138 Theodoretum.
1382 2137 1383 2140 ,

213 2154 381 2195 Marcus
408 2151 670 2199 Diadochus,
698 2163 740 2194 ut
759 2163 939 2204 vocatur,
969 2151 1112 2207 scripsit
1132 2152 1343 2194 sermonem
1364 2162 1499 2194 contra
1528 2153 1695 2194 Arianos
1723 2169 1745 2194 a
1765 2153 1803 2208 J.
1832 2153 1886 2196 R.

159 2210 383 2252 Wetstenio
402 2218 510 2262 patre
530 2208 566 2248 S.
595 2207 646 2248 T.
674 2207 717 2248 P.
746 2208 796 2248 ad
823 2209 991 2263 praelum
1015 2220 1209 2262 paratum,
1239 2212 1278 2248 ὃ(
1299 2208 1384 2262 post
1404 2208 1484 2262 ejus
1504 2207 1650 2249 obitum
1668 2212 1737 2251 ΑΟ.
1769 2212 1891 2261 1694.

159 2265 328 2308 Bafileae
353 2263 511 2304 editum.
538 2262 715 2303 Nomine
744 2263 857 2317 ipsius
878 2263 1087 2304 existimem
1117 2262 1317 2318 significari
1345 2263 1509 2316 aliquem
1536 2277 1582 2303 ex
1614 2264 1816 2318 Episcopis
1834 2264 1910 2306 A-'

160 2320 414 2364 lexandrinis‚
434 2318 561 2358 Marci
582 2318 844 2374 Evangelistae
862 2317 1150 2366 successoribus,
1180 2317 1319 2358 eodem
1339 2317 1445 2359 sensu
1458 2344 1469 2363 ‚
1499 2331 1579 2371 quo
1604 2317 1655 2358 de
1676 2318 1890 2359 Athanasio

159 2376 203 2416 in
223 2375 415 2416 Encomio
432 2373 512 2427 ejus
531 2373 691 2426 legitur,
721 2369 780 2412 ἐπὶ
801 2371 857 2412 τόν
877 2371 1024 2424 Μάρκου
1053 2372 1159 2424 θρόνον
1180 2371 1374 2423 ἀνοίγεται,
1405 2373 1482 2424 οὐχ’
1497 2370 1584 2415 ’ἦτἿον
1602 2372 1664 2414 τῖς
1682 2372 1849 2418 εὐσεβείας
1868 2371 1888 2416 ’ἢ

159 2428 337 2483 προεδρίας
354 2427 456 2468 {naim
475 2425 665 2479 Διάδοχος.
694 2428 784 2468 Nifi
807 2428 851 2469 fit
873 2427 887 2467 ὃ
908 2426 1074 2479 μακάριος
1093 2426 1302 2480 Διάδοχοςὸ
1325 2427 1475 2469 spana&
1493 2427 1668 2468 Maximo
1690 2430 1836 2470 citatus.

218 2486 449 2532 Macarius,
482 2483 702 2523 Monachus
726 2483 957 2538 AEgyptius;
987 2483 1080 2537 Ejus
1107 2484 1301 2524 Homilias
1328 2483 1374 2523 L.
1416 2487 1455 2522 8(
1486 2482 1683 2537 Opuscula
1713 2482 1804 2524 VII.
1835 2484 1891 2523 A-

161 2541 297 2581 scetica
324 2538 448 2580 edidit
467 2538 505 2590 J.
537 2538 589 2577 G.
618 2538 756 2578 Pritius
787 2538 935 2592 Lipsiae
961 2539 1080 2585 1698.
1110 2541 1149 2577 ὃς
1182 2543 1301 2589 1699.
1331 2538 1371 2577 in
1393 2538 1559 2579 Ostavo.
1587 2539 1692 2579 Loca
1713 2538 1748 2579 S.
1769 2537 1806 2579 S.
1835 2539 1893 2579 vi·

161 2596 301 2636 dentur
322 2592 562 2634 ad.Codices
584 2593 685 2646 typis
706 2593 853 2643 editos,
883 2592 1075 2635 interdurn
1097 2594 1214 2633 etiam
1233 2592 1282 2633 ad
1302 2592 1510 2648 Vulgatam
1531 2594 1707 2634 Latinam
1737 2593 1892 2634 confor-

162 2662 265 2691 mata
282 2649 341 2689 vel
363 2648 490 2701 potius
511 2647 662 2688 detorta
682 2648 779 2697 effe3
807 2662 932 2702 neque
946 2649 1050 2688 enim
1072 2649 1241 2689 Graecus
1261 2648 1461 2702 quisquam
1481 2661 1649 2702 unquam
1673 2648 1764 2701 legit
1776 2655 1892 2695 Μαμ-

161 2703 245 2757 βςῖς
279 2718 314 2744 2.
333 2703 439 2744 Tim.
467 2703 536 2742 ΠΙ.
570 2703 604 2742 8.
633 2717 759 2756 neque
787 2717 897 2743 verus
926 2706 966 2742 &
993 2703 1171 2757 antiquus
1199 2702 1392 2743 Macarius
1419 2717 1506 2742 curn
1539 2704 1658 2744 novis
1686 2703 1892 2758 Typogra-

161 2761 330 2815 phorum
357 2757 589 2798 editionibus
618 2758 833 2799 constanter
860 2758 1000 2812 ubique
1032 2757 1284 2812 conspiraret:
1311 2756 1395 2798 sunt
1423 2769 1549 2798 tamen
1573 2758 1656 2798 loca
1678 2758 1890 2812 quaedam,

162 2829 260 2870 quae
277 2827 409 2853 manus
429 2813 677 2865 corruptrices
698 2813 915 2859 evaserunt,
943 2813 1007 2853 ubi
1023 2813 1223 2866 ignorabat
1237 2811 1362 2853 forsan
1384 2842 1396 2862 ,
1426 2812 1538 2853 verba
1562 2812 1775 2867 Scripturae
1793 2813 1889 2864 esse,

161 2869 334 2925 quisquis
355 2866 544 2907 Codicem
559 2900 568 2915 ,
599 2867 650 2906 ita
676 2879 717 2907 ut
739 2868 862 2908 editus
881 2868 956 2918 est,
986 2867 1179 2909 recensuit.

216 2923 387 2977 Ephrem
418 2921 559 2973 Syrus,
588 2922 748 2974 plurima
772 2923 922 2977 Syriace
953 2922 1117 2976 scripsit,
1147 2923 1218 2964 alia
1245 2923 1285 2963 in
1318 2922 1510 2962 Graecum
1543 2921 1723 2962 conversa
1754 2925 1794 2961 ὃς
1825 2923 1892 2963 ΛΟ.

167 2991 287 3031 1709.
320 2977 469 3018 Oxonii
491 2975 594 3016 edita
614 2975 708 3016 sunt.
741 2977 888 3017 Omnia
910 2992 1002 3018 vero
1024 2979 1177 3018 Romae
1199 2980 1263 3018 ΑΟ.
1289 2979 1405 3030 1738.
1434 3000 1483 3008 -·-
1518 2989 1636 3029 1743.
1665 2978 1714 3019 V.
1738 2976 1826 3018 Vol.
1848 2978 1890 3017 in

162 3033 281 3075 folio:
303 3031 521 3085 expe&atur
540 3030 682 3071 sextum
704 3035 743 3070 δε
765 3032 939 3072 ultimum
960 3032 1151 3073 volumen.

217 3086 432 3128 Marcellus
456 3116 469 3137 ,
509 3086 686 3139 Ancyrae
713 3087 928 3140 Episcopus
964 3086 1193 3129 Sabellianus
1211 3118 1222 3136 ,
1263 3087 1310 3128 ab
1341 3085 1504 3128 Eusebio
1532 3085 1764 3128 Caesariensi
1792 3085 1891 3128 refu-

161 3153 272 3186 tatus.

1808 3195 1893 3238 Eu-
