1976 3519
451 199 1440 258 PRoLEGoMEN-A.
1785 231 1834 272 37

105 300 194 343 ἆυτὲ·
214 302 252 341 in
273 300 407 342 codice
426 303 463 346 β.
486 305 524 340 &
544 318 567 341 ε.
592 301 700 354 jungi
722 314 809 341 eum
827 301 894 351 iis,
923 314 1020 354 quae
1042 300 1293 353 praecedunt:
1324 303 1509 354 posterior
1534 302 1639 343 locus
1661 304 1834 344 continet

105 358 291 413 insignem
310 356 445 396 decem
466 370 604 396 vocum
623 355 886 402 additionem3
917 356 956 394 in
987 356 1078 395 osto
1100 355 1271 396 Vocibus
1302 356 1544 398 consentiunt
1572 357 1723 398 codices
1754 359 1834 398 Ste-

98 413 224 467 phani
251 429 286 451 α.
317 415 354 451 &
381 414 418 454 β.
447 411 488 450 id
519 411 572 450 est
600 410 721 450 editio
744 410 1030 464 Complutcnsis
1060 413 1097 449 ὃ(
1120 411 1260 450 Codex
1291 411 1633 465 Cantabrigiensis,
1657 414 1761 466 prior
1780 424 1834 452 ta-

104 482 192 507 men
214 467 323 507 addit
346 467 457 505 initio
479 465 700 518 particulam
718 466 948 519 expletivam
969 461 1007 503 εἰν
1028 468 1066 503 &
1088 467 1126 504 in
1151 465 1226 505 fine
1244 466 1347 503 ποίέιν
1368 478 1489 506 mutat
1520 468 1558 506 in
1587 469 1740 516 ποιεῖτε,
1769 481 1832 507 εσ-

91 522 193 562 'dem
222 533 398 562 manente
426 519 540 560 sensu.
594 535 626 572 3.
658 533 773 562 unum
804 520 930 560 locum
950 518 1040 559 Luc.
1070 519 1141 562 IV.
1173 533 1227 573 35
1265 521 1328 559 ubi
1348 521 1533 574 Stephani
1553 522 1736 563 secundus
1766 521 1833 562 ad-

103 578 182 618 dit:
212 573 272 615 καὶ
292 572 559 625 ἀνακριυγοίσοιν
581 590 589 614 :
619 575 940 629 Cantabrigiensis
957 588 1049 615 vero
1070 574 1182 615 habet
1210 573 1479 626 &vzzpoeuyoimv
1501 593 1551 617 τε.
1607 577 1746 617 Iterum
1778 591 1833 617 re-

102 631 296 686 spondeo,
327 629 566 670 Consensum
594 629 667 670 esse
698 644 877 684 magnum
902 630 939 668 in
966 643 1103 669 vocem
1134 631 1304 683 quinque
1333 630 1552 685 syllabarum
1580 665 1591 682 ‚
1630 631 1831 672 dissensum

101 701 193 728 vero
221 684 443 725 levissimum
471 685 568 724 intei-
596 701 637 724 τε
668 687 704 722 &
726 682 811 735 καὶ,
842 698 921 724 non
948 697 994 724 ex
1025 684 1174 724 diverso
1197 685 1370 735 Codice,
1402 686 1465 726 sed
1486 701 1507 725 a
1529 686 1727 739 Stephano
1750 686 1831 738 ipso

102 742 227 782 minus
255 751 402 779 attento
429 753 553 780 ortum
625 752 660 791 4.
691 738 841 793 Septem
869 740 973 787 loca,
1005 739 1045 778 in
1076 741 1210 792 quibus
1240 740 1454 794 Stephanus
1481 742 1607 780 codici
1635 744 1662 786 β
1702 741 1832 782 tribuit

101 796 324 843 Leti-iones,
353 795 505 847 quaein
530 794 835 848 Cantabrigienfi
859 808 939 834 non
960 792 1205 846 reperiuntur.
1264 795 1524 848 Respondeo:
1555 811 1641 837 cum
1672 794 1832 849 Stepha-v

100 864 172 891 nus
192 849 344 890 codices
363 850 448 889 suos
468 863 535 902 per
555 863 732 890 numeros
762 850 876 889 literis
900 850 1058 889 Graecis
1084 849 1275 903 expressos
1293 851 1512 904 compendii
1533 852 1640 892 causa
1660 851 1832 906 designa-

100 907 218 954 verit,
248 903 543 958 frequentissime
561 909 620 944 vel
642 905 688 944 ab
711 904 813 957 ipso,
844 905 900 943 vel
928 919 948 943 a
969 905 1242 958 Typographo
1262 903 1384 956 certe,
1415 906 1623 946 aberratum
1638 934 1648 952 ,
1679 912 1716 946 ὃ(
1742 907 1831 947 alre-

96 966 183 1000 r'um
203 973 402 1000 numerum
422 973 492 1013 pro
521 959 639 1000 altero
669 959 813 999 editum
845 958 960 1000 fuiss'e.
1020 959 1111 998 Hoc
1143 960 1287 1000 Millius
1317 960 1426 1014 saepe
1453 961 1694 1002 observavit:
1727 961 1830 1002 idem

98 1014 329 1063 observabit,
358 1015 419 1054 cui
449 1012 570 1054 edit'io
593 1013 877 1068 Complutensis
904 1014 952 1054 ad
983 1028 1138 1054 manum
1157 1016 1211 1055 est
1235 1015 1284 1054 ad
1306 1016 1448 1056 Matth.
1484 1017 1548 1056 VI.
1583 1031 1644 1067 24.
1673 1016 1833 1058 XXVI.

100 1075 166 1110 60.
200 1069 391 1109 XXVIII.
426 1083 486 1107 10.
517 1073 588 1108 &o
619 1070 657 1108 in
678 1070 813 1123 quibus
833 1069 926 1108 locis
947 1069 1090 1109 Codici
1111 1087 1146 1109 οι.
1175 1071 1212 1109 in
1234 1071 1406 1124 margine
1435 1071 1617 1112 editionis
1645 1072 1830 1121 Stephani

97 1125 336 1174 adscribitur,
366 1124 474 1178 quod
499 1124 538 1163 in
557 1124 738 1165 Editione
759 1124 1025 1177 Complutensi
1051 1139 1130 1164 non
1151 1126 1344 1178 reperitur.
1402 1126 1462 1165 Ut
1494 1142 1586 1167 vcro
1616 1127 1768 1180 pressius
1793 1142 1831 1167 a·

96 1194 186 1236 gam
206 1195 292 1219 cum
313 1193 529 1233 anonymo,
560 1180 595 1219 ei
616 1179 796 1219 indicabo
810 1210 820 1229 ,
839 1193 884 1219 ex
907 1193 986 1232 quo
1007 1179 1193 1232 Stephani
1216 1180 1367 1220 Codice
1384 1182 1584 1235 pleraeque
1606 1183 1829 1233 Lestiones,

93 1238 191 1289 'quas
209 1235 443 1274 aberratione
461 1235 684 1288 typothetae
703 1234 885 1288 deceptus
906 1234 1071 1274 secundo
1095 1235 1244 1280 tribuit,
1273 1248 1472 1289 excerptae
1507 1236 1656 1277 fuerint.
1688 1238 1830 1279 Matth.

95 1289 149 1331 X.
185 1305 246 1336 25.
276 1289 328 1329 est
349 1289 462 1329 lectio
482 1289 642 1338 Codicis
660 1306 695 1330 α..
725 1290 745 1329 i.
777 1304 808 1330 e.
841 1289 1032 1329 Editionis
1052 1289 1337 1343 Complutensis
1359 1322 1370 1339 ,
1402 1305 1498 1344 quae
1520 1291 1596 1331 sola
1620 1296 1658 1331 &
1680 1293 1831 1333 nonnisi

95 1344 208 1385 stmel
235 1357 368 1384 contra
396 1358 530 1384 omnes
563 1345 733 1385 Codices
754 1345 926 1385 Graecos
958 1359 1001 1384 ex
1033 1346 1302 1385 emendatione
1324 1346 1556 1400 Hieronymi
1580 1347 1670 1402 legit
1693 1342 1833 1404 Βεελζε-

94 1396 177 1446 βές.
234 1400 376 1439 Matth.
405 1400 476 1439 lx'.
509 1413 576 1439 20.
607 1403 642 1439 ἃ
675 1400 850 1441 XXVII.
886 1414 917 1452 3.
950 1401 1003 1440 est
1023 1400 1184 1441 Codicis
1215 1417 1242 1446 η.
1273 1414 1387 1454 quem
1418 1402 1495 1454 ipse
1525 1403 1694 1449 contuli·‚
1725 1403 1833 1457 quod

94 1456 211 1496 'etiarn
238 1455 340 1494 Beza
360 1454 408 1494 de
430 1454 548 1494 altero
570 1454 656 1495 loco
676 1456 714 1494 in
735 1454 919 1496 Editione
941 1456 1061 1508 prima
1083 1456 1247 1496 testatur.
1291 1457 1375 1497 ΛΗ.
1399 1457 1469 1497 IX.
1504 1471 1566 1510 31.
1594 1458 1648 1498 est
1670 1458 1833 1499 Codicis

94 1509 124 1549 δ’.
155 1509 259 1564 quod
280 1522 385 1563 patet
404 1524 449 1550 ex
468 1524 507 1550 re
528 1509 605 1563 ipsa
625 1525 633 1549 ε
662 1510 755 1564 quin
781 1514 819 1549 ὃ(
840 1510 987 1550 Millius
1009 1510 1129 1559 vidit,
1161 1511 1199 1550 in
1224 1512 1388 1551 numeris
1407 1513 1469 1552 hic
1499 1513 1545 1552 ab
1576 1512 1734 1553 Editore
1759 1514 1834 1554 esse

95 1577 313 1619 peccatum,
343 1565 430 1605 licet
450 1563 480 1603 δῖ
511 1579 709 1619 perperam
726 1566 764 1605 in
787 1567 824 1609 [Β.
856 1565 1082 1606 mutandum
1102 1565 1176 1606 esse
1194 1566 1434 1619 judicaverit.
1473 1567 1610 1608 Eidem
1630 1568 1757 1608 codici
1786 1583 1834 1610 ex

98 1621 317 1674 conjeRura
338 1620 525 1674 probabili
545 1621 670 1662 tribuo
690 1621 873 1661 leffiones
895 1621 1036 1661 Matth.
1068 1621 1159 1661 ΧΠ.
1195 1635 1258 1674 32.
1290 1625 1328 1661 ὃ(
1362 1623 1450 1674 Luc.
1482 1623 1591 1664 VIII.
1633 1625 1692 1665 18.

157 1689 188 1726 5.
221 1676 307 1715 Ast.
327 1676 435 1716 VIII.
465 1679 501 1715 6.
531 1676 643 1716 aliam
663 1677 888 1716 Leffionem
912 1676 1026 1716 habet
1046 1677 1261 1729 Stephanus
1281 1691 1327 1717 cx
1349 1674 1500 1718 Codice
1521 1679 1542 1716 C
1564 1709 1575 1728 ‚
1606 1678 1716 1719 aliam
1745 1677 1836 1718 Mil-

96 1730 168 1771 lius
187 1744 233 1770 ex
254 1730 580 1785 Cantabrigiensi:
609 1743 807 1784 utramque
834 1742 960 1770 autem
991 1731 1029 1769 in
1066 1730 1205 1770 eodem
1230 1731 1382 1771 Codice
1403 1733 1479 1771 vidi
1500 1763 1511 1781 ,
1544 1734 1642 1772 hanc
1666 1748 1686 1772 a
1719 1747 1834 1784 manu

97 1786 240 1839 prima,
271 1784 371 1824 illam
399 1799 421 1824 a
447 1798 563 1824 manu
594 1786 828 1824 correctoris.
885 1784 970 1837 Ipse
990 1785 1104 1824 etiam
1128 1785 1274 1827 Millius
1304 1785 1340 1825 se
1369 1785 1509 1840 duplex
1531 1787 1705 1828 leftionis
1726 1788 1837 1829 vesti-

94 1850 98 1852 '
128 1841 204 1882 ium
244 1839 307 1879 hic
335 1837 544 1880 observasse
575 1838 771 1893 significat.
832 1842 867 1878 6.
897 1839 1078 1892 Denique
1109 1840 1219 1879 affert
1249 1842 1416 1894 quinque
1453 1842 1536 1881 loca
1579 1842 1677 1882 Luc.
1708 1843 1755 1883 II.
1798 1857 1833 1896 3.

99 1855 208 1935 {lm
242 1907 304 1946 3²·
339 1906 398 1943 54.
429 1893 524 1935 Affz‘.
554 1894 604 1934 Χ.
640 1898 703 1934 26.
732 1894 803 1934 XI.
838 1906 911 1945 17,
943 1896 982 1932 &
1013 1894 1064 1932 ita
1095 1894 1252 1947 quidem
1286 1895 1396 1935 affert
1421 1927 1431 1945 ‚
1462 1908 1503 1936 ut
1537 1897 1700 1950 speciem
1730 1913 1837 1952 prae-

100 1951 216 1991 beant
247 1947 427 1989 dissensus
455 1949 585 2003 magni
614 1949 712 1989 inter
732 1947 925 1988 Codicem
948 1947 1134 2002 Stephani
1162 1949 1368 1989 secundum
1401 1954 1439 1989 &
1471 1952 1838 2006 Cantabrigiensem.

99 2006 197 2046 Satis
208 2015 331 2044 autem
344 2003 469 2043 mirari
480 2017 560 2043 non
573 2004 703 2057 potui,
723 2017 809 2044 cum
819 2002 1014 2052 viderem,
1037 2016 1086 2043 ne
1097 2003 1247 2044 Vocem
1262 2004 1419 2058 quidem
1431 2019 1494 2046 aut
1507 2007 1695 2061 Syllabam
1714 2010 1839 2049 omni-

99 2061 167 2101 bus
180 2060 254 2100 istis
266 2060 358 2099 locis
369 2059 408 2098 in
419 2059 588 2113 margine
601 2058 791 2099 Editionis
801 2058 986 2112 Stephani
996 2072 1041 2099 ex
1054 2058 1206 2099 Codice
1218 2062 1256 2103 β.
1269 2060 1394 2100 afferri
1408 2092 1418 2110 ,
1431 2076 1527 2115 quae
1540 2076 1619 2102 non
1632 2065 1837 2116 reperiatur

100 2117 140 2156 in
153 2113 468 2168 Cantabrigiensi.
481 2114 618 2154 Tribus
639 2114 795 2168 quidem
812 2113 1000 2167 prioribus
1018 2113 1113 2153 locis
1134 2115 1172 2154 in
1185 2114 1385 2156 manifesto
1408 2117 1612 2158 mendacio
1624 2118 1838 2172 deprehen·

100 2170 203 2211 ditur
218 2183 449 2224 anonymus,
480 2168 587 2223 quod
606 2169 759 2210 cuilibet
781 2169 950 2209 Millium
968 2168 1178 2210 consulenti
1197 2170 1369 2211 constare
1387 2172 1531 2225 potest:
1561 2174 1599 2212 in
1623 2174 1838 2227 posteriori-

99 2227 168 2267 bus
191 2239 280 2265 vero
302 2225 451 2264 duobus
472 2224 628 2265 recurrit
647 2225 696 2265 ad
720 2238 817 2265 artes
839 2225 1082 2265 veteratorias
1099 2254 1109 2273 ,
1140 2229 1198 2275 δε,
1229 2226 1337 2279 quod
1362 2227 1562 2280 Sophistae
1589 2240 1704 2283 atque
1726 2231 1838 2270 vitili-

101 2282 281 2334 tigatores
301 2279 420 2320 facere
443 2279 584 2330 solent,
613 2294 756 2332 magno
777 2280 930 2334 strepitu
954 2280 1130 2334 probavit
1149 2280 1190 2320 id
1210 2281 1317 2334 quod
1338 2296 1416 2321 non
1444 2295 1524 2322 erat
1544 2283 1583 2322 in
1606 2285 1836 2338 quaestione.

103 2337 205 2377 Cum
235 2335 336 2375 enim
365 2333 605 2388 probandum
634 2335 744 2385 esset,
776 2336 815 2374 in
849 2336 1021 2389 margine
1051 2334 1233 2376 editionis
1253 2336 1438 2390 Stephani
1469 2338 1613 2392 aliquid
1645 2340 1770 2380 afferri
1793 2356 1837 2381 ex

103 2390 256 2432 Codice
274 2392 300 2433 β
323 2424 333 2440 ,
364 2389 470 2443 quod
491 2403 569 2430 non
592 2392 816 2444 reperiretur
836 2390 876 2430 in
895 2390 1225 2443 Cantabrigienfi3
1253 2406 1468 2447 anonymus
1491 2394 1625 2435 statum
1651 2396 1839 2448 quaestio-

98 2448 163 2487 'nis
189 2446 416 2485 invertendo
442 2446 574 2484 iterum
598 2446 755 2497 probat,
784 2445 926 2499 aliquid
948 2447 986 2485 in
1019 2445 1171 2486 Codice
1193 2446 1500 2502 Cantabrigiensi
1527 2450 1699 2502 reperiri,
1729 2451 1838 2505 quod

89 2503 144 2541 ·in
175 2502 345 2555 margine
374 2500 556 2541 editionis
588 2500 773 2556 Stephani
805 2514 885 2540 non
915 2499 1027 2542 fuerit
1057 2512 1244 2543 notatum.
1298 2503 1392 2543 Hoc
1412 2517 1504 2544 vero
1527 2518 1645 2545 nemo
1668 2520 1837 2560 unquam

104 2557 267 2610 negavit.

157 2612 217 2652 En
239 2611 375 2665 viginti
395 2610 455 2650 illa
476 2611 560 2651 loca
579 2609 747 2655 excusla·,
779 2625 942 2665 quorum
970 2625 1129 2652 examen
1159 2626 1221 2652 me
1249 2611 1391 2653 diutius
1412 2612 1598 2664 detinuit,
1628 2629 1743 2669 quam
1770 2632 1840 2657 vo-

103 2666 233 2707 lebam.
265 2667 324 2705 En
345 2668 528 2719 anonymi
549 2666 688 2715 fidem,
718 2669 756 2705 &
780 2667 974 2718 peritiam!
1007 2667 1309 2718 Simplicioribus
1330 2668 1487 2722 quidem
1509 2701 1521 2719 ‚
1551 2671 1616 2723 qui
1649 2685 1713 2711 aut
1736 2673 1839 2714 libris

104 2736 185 2762 non
204 2722 287 2762 sunt
307 2721 475 2761 instruffi
490 2749 498 2762 ,
530 2733 593 2761 aut
612 2734 744 2761 contra
768 2722 963 2775 Sophistas
986 2736 1064 2763 non
1087 2722 1171 2763 satis
1195 2723 1354 2773 muniti,
1376 2723 1502 2764 fucum
1523 2724 1648 2765 feciss'e
1667 2741 1746 2766 non
1769 2729 1839 2767 mi-

105 2790 190 2825 ror·‚
218 2776 282 2817 sed
305 2776 443 2826 miror,
472 2776 685 2831 doleoque‚
709 2776 873 2817 libellum
895 2776 1080 2817 famosum
1104 2779 1153 2817 ita
1176 2778 1323 2832 placere
1345 2778 1507 2832 potuisse
1536 2780 1685 2821 duobus
1704 2782 1838 2822 Theo-

105 2831 222 2885 logis‚
252 2843 294 2872 ut
320 2832 410 2870 alter
441 2831 687 2886 Daishurgi‚
719 2832 939 2883 Greningae
967 2833 1059 2873 alter
1082 2833 1187 2872 illum
1214 2834 1316 2887 typis
1345 2834 1475 2874 recudi
1501 2847 1666 2885 curaret,
1699 2841 1735 2876 δε
1766 2838 1839 2879 stu-

107 2885 220 2927 diosis
241 2887 414 2940 inprimis
433 2887 734 2927 adolescentibus
755 2887 1052 2928 commendaret.
1113 2891 1191 2928 Aut
1208 2889 1310 2929 enim
1332 2888 1541 2940 sciverunt,
1571 2891 1762 2932 austorem
1795 2893 1839 2933 li-

108 2940 193 2980 belli
211 2941 283 2981 esse
303 2942 475 2995 ineptum
496 2942 714 2994 Sophistam
737 2945 774 2979 ὅ(
797 2943 996 2982 hominem
1021 2943 1266 2992 mendacem,
1294 2955 1359 2985 aut
1379 2959 1458 2984 non
1481 2945 1679 2986 sciverunt.
1711 2947 1750 2986 Si
1772 2947 1838 2987 sci-

108 3007 263 3045 verunt,
295 3000 332 3035 &
368 3008 496 3037 tamen
525 2997 680 3037 scientes
710 2998 882 3038 volentes
914 2998 1110 3038 veritatem
1142 2998 1346 3039 mendacio
1365 3030 1378 3050 ‚
1409 3000 1652 3041 mendacium
1680 3003 1837 3042 veritate

109 3062 407 3101 commutarunt,
438 3055 476 3091 ὃς
506 3052 733 3105 calumniam
762 3051 1069 3104 disseminarunt,
1100 3066 1141 3094 ut
1160 3055 1359 3094 innocenti
1392 3069 1503 3110 aegre
1538 3055 1707 3098 facerent
1733 3071 1837 3096 eum-

110 3119 185 3157 que
207 3106 489 3157 opprimerent,
519 3107 736 3163 graviffimo
766 3108 802 3148 se
822 3108 1072 3148 devinxerunt
1096 3109 1251 3159 scelere,
1279 3123 1358 3162 quo
1387 3110 1435 3149 ad
1457 3111 1559 3151 hunc
1581 3111 1682 3151 diem
1704 3111 1837 3150 devin-

110 3159 162 3202 fti
185 3159 364 3201 haerent:
392 3161 458 3201 Sin
478 3162 664 3205 autemid
681 3177 762 3205 non
780 3163 990 3215 sciverunt,
1023 3164 1126 3203 haud
1145 3164 1232 3205 sane
1250 3164 1458 3218 periculum
1476 3166 1552 3216 est,
1582 3180 1632 3205 ne
1650 3164 1687 3205 se
1708 3165 1837 3226 stupo-
1891 3175 1893 3177 ’

1022 3219 1056 3259 Ε
1087 3231 1108 3271 3
1785 3234 1837 3262 ris
