1976 3519
150 205 237 261 '138
556 197 1561 244 PROLEGOMENA.

152 294 271 335 bere:
303 288 368 331 ubi
400 286 450 329 ad
482 300 562 328 rem
593 286 713 340 ipsam
738 297 897 328 ventum
924 286 980 327 est
999 316 1011 336 ,
1042 299 1140 340 aqua
1181 283 1251 338 ipsi
1279 282 1397 325 haesit
1428 287 1468 323 &
1501 284 1692 326 obmutuit
1720 316 1734 337 ,
1773 287 1827 328 ita
1856 299 1897 330 ut

153 346 316 402 operosa
344 343 503 386 Autoris
541 342 670 384 nostra
709 341 927 383 eruditione
963 355 1045 381 non
1082 339 1174 381 facti
1207 339 1320 380 simus
1359 338 1554 382 doffiores
1593 354 1710 395 quarn
1749 356 1898 385 eramus

151 403 312 445 dudum.

209 462 275 499 ΑΟ.
310 467 382 508 17¹
395 468 430 496 2.
459 466 496 496 a.
522 451 559 494 d.
589 452 642 493 X.
675 451 760 492 Cal.
782 450 893 504 Maji
921 452 1118 491 recitavit
1139 449 1371 490 Orationem
1392 448 1600 503 funebrem
1623 451 1900 506 consecrandae

150 513 354 555 memoriae
383 511 469 550 viri
492 509 704 563 plurimum
735 505 956 548 Venerandi
987 514 1107 562 atque
1136 503 1440 556 excellenttffimi
1462 505 1668 558 Johannis
1689 506 1894 563 Rudolphi

152 567 352 615 Wtstenii
371 564 440 607 SS.
470 563 543 607 Th.
573 563 640 604 D.
671 560 719 608 dy·
749 561 861 602 Nov.
891 560 991 615 Test.
1021 563 1064 602 in
1091 559 1219 602 Acad.
1247 559 1345 614 Bafi
1369 559 1486 615 Profi
1513 559 1771 602 Celeberrimi.
1802 563 1894 605 Post

149 625 370 667 orationem
415 620 567 660 dieram
596 618 763 673 prolixas
794 630 924 671 preces
954 617 1114 658 attexuit
1143 650 1155 666 ,
1185 629 1347 669 quarum
1383 614 1460 655 hoc
1488 616 1542 656 est
1569 615 1723 657 initium
1761 630 1799 671 p.
1827 631 1898 670 49.

151 712 178 733 ‚,
208 680 291 733 Iam
320 689 358 718 te
387 690 540 718 oramus
566 671 1003 715 SACROSANCTA-
1025 669 1306 713 TRINITAS
1326 700 1340 720 ,
1377 670 1510 712 Tuum
1542 670 1628 712 sunt
1665 672 1894 714 beneficium

150 764 180 789 ,‚
209 733 372 777 faventis
391 731 630 785 amantisque
651 728 722 769 viri
742 727 907 783 egregii,
924 730 964 767 &
986 728 1129 782 pietate
1147 726 1387 780 praestantes,
1417 725 1494 767 Sed
1518 730 1557 766 &
1570 727 1771 768 EADEM
1788 727 1897 780 TU,

147 803 180 844 '‚,
208 790 311 832 vitiis
332 787 469 828 nostris
489 788 677 831 irritata,
707 782 875 824 adimere
895 782 980 824 illos
997 781 1161 830 rursum,
1186 783 1376 836 &‚quam
1394 780 1492 823 inter
1514 781 1692 823 homines
1714 782 1896 824 incassum

152 876 181 900 „
208 843 485 892 accenderant,
514 840 664 882 virtutis
692 837 967 892 do&rinaeque
995 837 1141 886 facem,
1170 835 1304 877 tollere
1332 835 1557 877 consuevisti
1567 839 1612 876 ”z
1641 837 1750 878 Finis
1768 849 1897 879 autem

152 916 191 958 p,
226 913 287 948 53.
345 928 371 949 „
401 896 581 950 Denique
602 895 652 935 sic
672 907 745 934 nos
763 895 891 934 vivere
908 893 968 933 his
986 894 1027 933 in
1051 893 1159 933 terris
1176 891 1275 932 doce
1296 913 1309 940 3
1336 891 1390 931 ita
1418 891 1514 946 Legi
1543 903 1630 933 tuae
1658 892 1712 933 illi
1742 891 1898 935 divinae

150 986 179 1011 ,‚
206 956 297 1011 jube
316 951 542 1000 auscultare,
571 951 623 990 ita
644 948 911 990 sanstiffimum
930 948 1136 989 salvatoris
1159 948 1300 997 nostri,
1327 945 1457 986 FILII
1477 958 1605 988 autem
1622 947 1754 998 TUI,
1772 947 1823 988 da
1842 947 1898 990 se-

151 1044 178 1065 „
209 1012 276 1066 qui
298 1013 338 1048 δε
365 1006 578 1059 exprimere
606 1004 846 1058 exemplum,
878 1014 920 1044 ut
941 1003 1028 1056 post
1047 1003 1198 1043 obitum
1227 1003 1390 1057 quisque
1409 1000 1514 1043 suum
1536 1001 1657 1043 rursus
1678 1017 1766 1044 cum
1788 1002 1899 1044 PVet-

153 1099 180 1119 „
197 1067 325 1120 stenio
354 1062 486 1102 nostro
504 1060 785 1114 conjungamur
815 1060 855 1100 in
887 1058 1019 1109 coelis,
1041 1061 1082 1098 δε
1100 1059 1201 1099 inter
1222 1056 1514 1099 innumerabiles
1533 1058 1731 1098 beatorum
1750 1059 1899 1100 animo-

152 1154 178 1174 „
209 1135 292 1162 rum
312 1116 454 1159 choros
473 1117 566 1157 Tibi
588 1115 724 1156 laudes
742 1114 987 1170 hymnosque
1008 1124 1204 1154 aeternum
1223 1113 1481 1154 concinamus.
1510 1112 1615 1154 Audi
1637 1113 1835 1154 DOMIN
1841 1114 1872 1154 E
1885 1143 1899 1164 ,

152 1209 178 1229 „
209 1172 411 1217 DOMIN
419 1173 450 1213 E
466 1171 558 1226 juva
577 1171 688 1212 PER
710 1168 896 1225 JESUM
919 1169 1232 1211 CHRISTUM
1252 1167 1576 1209 DOMINUM!
1608 1168 1736 1209 Amen
1747 1169 1780 1208 ’'.
1808 1169 1898 1210 Pre-

152 1247 215 1274 ces
245 1231 321 1272 istis
341 1227 478 1269 similes
499 1226 603 1281 prius
635 1240 715 1266 non
739 1225 957 1267 audiveram
987 1223 1060 1280 (&
1089 1225 1237 1265 utinam
1260 1237 1332 1266 nec
1353 1223 1485 1277 postea
1515 1221 1794 1277 audivissemt)
1823 1237 1896 1265 nec

153 1288 318 1344 legeram
343 1282 412 1325 nisi
432 1281 538 1338 apud
557 1281 853 1323 SYNESIUM
881 1281 922 1320 in
944 1280 1139 1334 Hymnis:

487 1335 529 1377 σὺ
558 1334 704 1389 πατὴρ,
724 1334 765 1376 σὺ
782 1333 886 1376 δ’ὲσσῖ
909 1332 1050 1386 μάτηρ,

486 1390 529 1433 σὺ
549 1389 697 1446 δ’έίςρεν,
728 1388 770 1432 σὺ
795 1389 831 1431 δὲ
853 1390 953 1434 Θῆλυς
981 1413 1047 1422 ----

485 1445 527 1488 σὺ
548 1444 591 1487 τὸ
615 1445 737 1487 τίκτον
757 1444 862 1497 1ἔφυς,

484 1501 526 1543 σὺ
544 1500 586 1543 τὲ
617 1501 810 1549 τικτόμενον
828 1525 898 1534 ----

485 1555 662 1608 ἀμερῖῖως
692 1555 833 1610 impio&
835 1574 852 1603 η
881 1576 948 1588 --·

483 1612 608 1665 πάτερ
640 1611 885 1663 ἇυτοπῖσίτωρ,

483 1666 714 1734 ῗροσοίτωρ,
744 1665 932 1719 ἀπάτωρ,

484 1741 530 1764 ωε
557 1739 687 1762 oeoev‘rss
718 1745 784 1755 “·--

484 1776 587 1819 &vrci-
616 1775 757 1829 μάτηρ,

483 1831 588 1874 ‹itm-ei.
610 1832 757 1884 γνωτοὶ,

487 1887 589 1929 &urai
607 1886 801 1941 θυγάτηρ,
828 1909 895 1920 --

211 1950 278 1991 A0.
315 1949 431 2000 1716.
462 1958 497 1987 a.
526 1945 563 1986 d.
598 1959 660 1985 ιο.
693 1957 756 1998 13.
792 1956 852 1995 17.
882 1940 930 1988 ὁ
955 1955 1020 1983 20.
1047 1938 1200 1982 Martii
1213 1939 1363 1994 publice
1380 1939 1610 1997 disputavit
1632 1941 1900 1997 ‘Differtatio-

149 2014 238 2049 “nem
257 2002 530 2057 Theologicam
556 2002 727 2054 primam
747 1997 794 2038 de
815 1995 1099 2048 Controverfiis
1120 1994 1314 2047 Ecclesiae
1334 1997 1604 2050 Anglicanae,
1635 1998 1718 2054 ejus
1737 2000 1899 2054 Epifcc-

143 2071 312 2118 patum,
340 2067 461 2114 atque
487 2056 583 2097 adeo
600 2054 883 2108 distinaionem
906 2051 1184 2107 Episcoporum
1203 2060 1323 2106 atque
1345 2051 1667 2106 Presbyterorum
1688 2050 1900 2108 expenden-

152 2129 243 2157 tem.
301 2114 512 2169 Postquam
541 2123 697 2152 centum
729 2109 888 2164 paginas
919 2105 1206 2162 complevisset,
1234 2118 1276 2148 ut
1309 2107 1487 2162 probaret
1514 2122 1628 2150 voces
1653 2107 1835 2150 ἒπισκὸπε
1859 2114 1900 2152 &

152 2168 370 2224 πρεσςυτέςυ
399 2171 440 2210 in
468 2167 616 2221 scriptis
648 2164 883 2220 Apostolicis
902 2164 977 2204 esst:
998 2159 1221 2214 ἷσοὲυνοίμες,
1250 2161 1410 2204 tandem
1429 2161 1529 2204 vidit
1550 2164 1840 2205 Hammondum
1857 2167 1899 2207 in

151 2227 293 2270 eadem
323 2224 398 2267 esse
429 2223 616 2265 sententia
644 2221 686 2261 in
718 2219 815 2262 Ac‘t‘.
844 2219 959 2261 XIV.
993 2231 1056 2271 30.
1085 2219 1151 2273 qui
1170 2218 1286 2259 etiam
1308 2218 1348 2257 in
1368 2219 1521 2259 Dissert.
1549 2219 1620 2261 IV.
1648 2234 1682 2261 c.
1710 2219 1800 2262 VII.
1836 2235 1899 2264 12.

153 2282 367 2338 scripserat:
407 2293 456 2320 ex
486 2276 657 2330 conceffa
689 2273 962 2316 vocabulorum
999 2272 1204 2322 ἷσοὸυναμῖῳ
1231 2272 1337 2313 nihil
1361 2272 1737 2327 Presbyteranorum
1759 2277 1901 2330 canfae

152 2338 362 2391 accrescere
384 2334 496 2390 poſje.
554 2332 731 2374 Peccavit
759 2344 854 2386 ergo
877 2330 1121 2386 ignoratione
1137 2327 1288 2370 elenchi
1307 2327 1458 2380 Iselius,
1488 2344 1576 2370 cum
1598 2331 1716 2385 Angli
1732 2346 1812 2372 uno
1830 2346 1898 2374 ore

153 2395 310 2442 dicant,
338 2404 421 2432 non
442 2388 493 2431 de
512 2388 669 2430 vocibus
690 2386 755 2428 sed
772 2386 822 2427 de
841 2399 881 2426 re
903 2384 978 2426 esse
997 2383 1305 2427 controversiam.
1362 2384 1431 2426 Ne
1459 2399 1552 2426 vero
1572 2385 1742 2439 peccasse
1754 2387 1900 2428 videre-

153 2457 233 2500 ter,
265 2444 564 2489 Hammondum
584 2441 772 2484 accusavit
792 2440 954 2482 scribens
976 2454 1014 2494 p.
1048 2453 1141 2481 100.
1182 2469 1207 2489 „
1236 2439 1393 2480 mutasse
1421 2439 1543 2495 ipsum
1574 2440 1821 2491 sententiam,
1854 2443 1901 2482 li-

153 2521 181 2556 „
209 2516 293 2550 cet,
332 2502 439 2543 aliter
466 2500 503 2541 se
530 2507 651 2539 antea
680 2497 846 2547 sensisse,
876 2496 1036 2538 minime
1067 2494 1134 2536 fibi
1162 2494 1434 2537 declarandum
1453 2495 1603 2536 duxerit
1614 2499 1648 2539 '’.
1677 2497 1717 2538 Si
1736 2512 1829 2538 vero
1848 2497 1900 2550 J.

155 2558 289 2610 Fello,
318 2556 495 2612 scriptori
513 2555 615 2596 vitae
636 2551 907 2602 Hammondi,
937 2550 1116 2605 operibus
1136 2550 1219 2604 ejus
1239 2549 1450 2605 praefixae,
1479 2550 1689 2601 credimus,
1718 2562 1837 2592 antea
1848 2553 1899 2594 de

156 2612 477 2657 annotationibus
502 2610 542 2651 in
574 2609 629 2651 N.
659 2608 709 2649 T.
738 2608 945 2663 cogitavit,
968 2620 1083 2661 quam
1105 2605 1156 2647 de
1173 2605 1506 2659 differtationibus
1526 2624 1537 2652 3
1577 2618 1780 2662 utrumque
1807 2622 1900 2648 vero

151 2680 256 2724 'opus
270 2668 393 2722 stmul
408 2671 448 2707 &
465 2665 606 2707 eodem
627 2676 802 2718 tempore
824 2662 1022 2709 tra&avit;
1050 2662 1138 2702 licet
1154 2660 1253 2702 istud
1271 2661 1420 2702 brevius
1441 2661 1598 2701 biennio
1609 2662 1719 2702 citius
1729 2663 1795 2702 illo
1811 2677 1901 2716 pro-

156 2726 289 2767 lixiore
319 2724 359 2763 in
384 2723 507 2763 lucem
525 2719 716 2775 publicam
739 2718 936 2773 prodierit.
992 2716 1084 2759 Nec
1102 2717 1203 2758 hanc
1217 2716 1353 2766 telam,
1383 2730 1499 2770 quam
1508 2716 1661 2757 exorsus
1675 2729 1777 2764 erat,
1807 2733 1902 2759 con-

154 2780 323 2822 tinuavit
353 2777 492 2819 Iselius.

217 2837 284 2878 ΑΟ.
317 2846 436 2884 1717.
464 2832 570 2872 venit
587 2829 771 2877 Parisios,
801 2828 850 2869 ad
869 2842 986 2882 quam
1002 2827 1133 2868 urbem
1142 2825 1282 2868 eodem
1294 2825 1371 2866 fere
1382 2837 1556 2880 tempore
1566 2841 1611 2867 ex
1625 2828 1765 2879 Anglia
1778 2827 1899 2869 redie-

157 2900 250 2932 ram.
295 2888 452 2930 Accidit
473 2885 682 2940 aliquando
704 2916 716 2935 ,
744 2899 830 2925 cum
853 2884 1023 2924 museum
1049 2883 1232 2923 Abbatiae
1251 2882 1288 2922 S.
1321 2881 1547 2923 Genovefae
1569 2878 1827 2933 lustraremus,
1857 2895 1900 2924 ut

160 2944 414 2987 Reverendus
433 2944 584 2984 Petrus
608 2939 842 2993 Francifcus
868 2939 1142 2992 Courrqyerius
1162 2936 1476 2978 Bibliothecarius
1497 2951 1694 2977 nummum
1708 2938 1900 2979 Graecum

157 3000 410 3048 monstraret,
438 3008 712 3052 quaereretque
731 3008 777 3034 ex
798 2993 932 3044 Iselio,
961 3007 1086 3034 utrum
1109 3007 1196 3033 eum
1207 2993 1415 3047 genuinum
1427 3006 1476 3032 an
1488 2992 1742 3032 adulterinum
1752 2993 1900 3047 judica·

155 3069 215 3097 ⁴ret
235 3059 250 3096 ?
287 3055 325 3095 Is
352 3054 431 3094 sine
462 3050 710 3093 haesitatione
730 3049 928 3103 respondit
948 3050 1157 3102 genuinum
1186 3047 1262 3088 esse
1280 3077 1292 3097 ,
1330 3051 1370 3087 &
1390 3047 1528 3087 habere
1547 3049 1677 3087 omnia
1700 3047 1802 3103 signa
1823 3065 1902 3097 γνη-

156 3109 311 3155 σιότητος
332 3140 346 3161 ,
374 3108 632 3149 chara&erem
657 3106 847 3145 literarum
870 3134 882 3153 ,
920 3105 1134 3158 rubiginem
1167 3107 1205 3142 ὃ(
1236 3104 1360 3143 rimas.
1418 3102 1522 3142 Cum
1552 3117 1645 3143 vero
1667 3103 1769 3143 idern
1791 3117 1901 3143 num·

156 3178 240 3210 mus
269 3167 311 3207 in
333 3177 470 3208 manus
487 3160 674 3207 Andreae
703 3158 907 3213 Faeschii,
930 3172 1047 3214 quem
1073 3159 1277 3213 aliquoties
1301 3157 1696 3211 laudavimus‚fuiffet
1715 3158 1900 3254 traditRs,

967 3247 970 3249 i
1864 3227 1903 3254 a·
