1976 3519
153 240 223 287 VI.

597 243 818 281 KATA
901 244 1374 282 ΜΛΤΘΑΙΟΝ

1764 257 1845 300 323

125 331 148 370 8
180 326 241 370 Mis
272 324 321 367 οὖν
354 323 526 375 {floreffia-e
555 325 683 368 αὐτοῖς·
723 324 784 366 οἶδε
811 324 882 378 ’γὰρ
911 323 926 364 ὃ
954 323 1080 377 πατὴρ
1119 325 1211 374 ὑμῶν
1237 361 1248 377 ,
1287 323 1328 367 liv
1364 327 1483 396 ᾗρεῖοιν
1510 327 1647 382 ’ixei-e}
1683 327 1755 382 arpi
1783 329 1848 370 τοῦ

121 397 149 434 9
178 382 271 433 ὑμᾶς
300 380 441 423 african
471 381 584 422 αὐτόν.
642 380 769 423 Οὕτως
806 379 853 420 οῧν
895 379 1123 433 προσεύχεσθε
1151 380 1255 430 ὑμεῖς·
1292 388 1493 424 ΠΑΤΕΡ
1533 385 1625 432 ὑμῶν
1662 383 1686 431 ᾇ
1717 387 1748 425 ἐν
1777 384 1849 427 τοῖς

127 451 178 480 10
207 436 352 492 οὐρανοῖς.
384 435 585 487 ἁγιασθήτω
617 433 656 477 τὸ
687 434 789 485 ὅγομοί
818 447 887 475 σου·
944 434 1096 477 Ἐλθέ-τω
1118 434 1134 479 ἦ
1153 434 1322 482 βασιλεία,
1342 451 1410 477 σου·
1449 438 1612 490 ’γενηθίιτω
1639 437 1682 482 τὸ
1712 437 1849 487 θέλημά.

161 589 192 618 8.
211 588 302 625 ὖμιέῐν]
322 587 389 624 ἐμιὸι
407 598 432 625 3.

122 656 124 659 ,
160 628 269 660 ahiem
282 626 354 654 ariri»
398 623 488 658 ἐνόιξοιι
507 623 536 649 τὸ
549 621 625 658 criptam
642 625 678 651 D.

120 699 123 703 ,
164 675 207 694 10.
227 662 343 700 ἐλθέτω]
362 661 465 691 ἐλθάτω
487 665 524 691 D.
547 662 593 690 vid
612 662 680 690 infra
695 664 733 691 X.
754 673 797 702 ¹3·

162 742 275 772 Terent.
292 739 457 771 Heautont.
468 739 506 771 V.
522 748 550 769 1.
570 737 659 779 Ohe,
676 739 738 778 jam
758 738 856 772 desine
870 741 961 782 deos,

123 793 218 824 uxor,
233 781 405 824 gratulando
421 781 603 821 obtundere,
618 781 718 812 Tuam
735 782 791 813 effe
808 785 961 815 inventam

120 833 250 866 gratam,
273 825 325 855 nisi
352 824 416 855 illos
436 832 491 855 tuo
518 833 552 854 ex
579 824 700 864 ingenio
713 825 826 863 judicas
848 826 898 857 Ut
921 827 961 856 nil

124 867 224 898 credas
245 867 402 907 intelligere
417 888 428 904 ‚
457 866 510 897 nisi
531 865 610 896 idem
634 865 749 898 dietum
775 868 818 898 est
841 869 962 899 centies.

122 912 252 949 Propert.
272 908 312 939 II.
345 909 392 938 16.
435 908 559 949 Qidve
584 917 651 939 mea
673 908 709 940 de
735 909 835 941 fraude
862 910 962 950 Deos,

119 951 220 983 'insana
234 976 246 992 ,
272 950 372 992 fatigas
390 951 403 981 ?
432 951 517 988 Quid
543 952 699 991 quereris}
724 952 817 983 Valer.
840 953 963 989 Flaccus.

122 992 179 1025 IV.
200 994 251 1034 69.
293 993 393 1034 Ipsum
416 995 504 1025 etiam
533 994 645 1034 gemitu
668 994 838 1034 moestaque
863 993 963 1036 fatigat

115 1035 209 1076 ,Voce
219 1036 341 1076 Jovem.
363 1039 474 1066 Statius
490 1034 590 1067 Theb.
611 1035 651 1067 ΙΙ.
672 1045 744 1076 244.
766 1035 891 1069 Certant
904 1038 963 1068 lae-

120 1080 205 1118 titia,
225 1079 400 1120 superosque
421 1080 453 1109 in
478 1088 548 1110 vota
570 1077 692 1120 fatigant
706 1078 882 1120 Inachidae,
902 1083 962 1110 Ho-

118 1128 179 1152 rat.
202 1120 307 1152 carm.
329 1120 351 1151 I.
374 1130 403 1151 2.
424 1121 474 1151 26.
517 1120 620 1159 Qem
636 1129 727 1152 vocet
745 1120 851 1152 divum
865 1133 965 1164 popu-

116 1163 165 1195 lus
182 1165 289 1195 ruentis
306 1162 414 1204 Imperi
430 1163 516 1193 rebus
535 1163 547 1192 ?
569 1171 656 1202 prece
671 1173 729 1203 qua
746 1164 870 1205 fatigent
889 1165 958 1196 Vir-

119 1207 202 1247 gines
220 1205 334 1237 sanciae
356 1205 454 1236 minus
469 1204 639 1236 audientem
656 1205 799 1237 Carmina
813 1206 957 1239 Vestam?

117 1251 232 1278 Statius
247 1247 347 1279 Theb.
368 1245 429 1279 IX.
451 1257 521 1287 722.
542 1247 581 1278 Et
597 1258 678 1279 nunc
695 1249 743 1280 illa
760 1259 838 1281 meas
855 1251 959 1292 ingen-

117 1298 180 1322 tem
197 1290 308 1332 plangit
322 1289 359 1321 ad
375 1300 435 1321 aras
450 1289 617 1328 invidiam,
638 1290 794 1333 surdasque
807 1293 902 1334 fores,
923 1294 958 1325 &

116 1333 220 1364 limina
243 1332 332 1364 laffat.
358 1334 449 1363 Tacit.
475 1332 518 1364 H.
547 1332 571 1364 1.
600 1342 652 1373 29.
694 1333 816 1374 Ignarus
839 1337 959 1367 interim

117 1374 234 1413 Galba,
261 1375 294 1406 &
307 1374 391 1407 sacris
405 1375 551 1415 intentus,
569 1375 707 1417 fatigabat
723 1376 809 1408 alieni
816 1380 882 1419 jam
899 1380 959 1409 im-

115 1419 190 1460 perii
205 1418 299 1450 Deos.
319 1417 482 1449 Berachoth
504 1420 587 1450 Hier.
605 1427 636 1458 4.
666 1419 834 1461 quicunque
849 1421 959 1453 multus

119 1460 162 1491 est
187 1461 215 1491 in
240 1460 375 1491 oratione
391 1484 401 1501 ,
429 1460 549 1492 vacillat
567 1478 632 1485 ·—-
653 1463 825 1503 quicunque
848 1464 960 1495 multus

117 1502 163 1534 est
178 1504 209 1533 in
224 1504 357 1534 oratione
368 1525 377 1541 ,
396 1503 556 1545 affligitur,
571 1523 637 1528 -—
658 1506 709 1544 qui
726 1506 858 1547 prolixus
871 1505 913 1536 est
928 1507 959 1537 in

117 1545 302 1577 orationibus
317 1546 416 1576 multis
431 1548 563 1587 pervenit
579 1545 615 1576 ad
632 1546 871 1579 observationem
887 1559 961 1580 coe-

115 1587 148 1619 li.
169 1587 331 1620 Berachoth
358 1588 379 1619 f.
409 1597 458 1629 32.
491 1598 520 1620 2.
541 1598 590 1629 55.
615 1598 642 1620 1.
685 1588 772 1622 Dixit
797 1591 837 1621 R.
861 1591 957 1631 Juda:

117 1631 175 1662 tria
191 1631 340 1672 longiores
356 1630 483 1662 reddunt
499 1630 559 1661 dies
575 1631 610 1662 &
625 1640 720 1662 annos
735 1632 877 1665 hominis.
895 1634 962 1665 Pri-

119 1682 174 1703 mo
190 1673 210 1703 si
229 1673 293 1713 quis
305 1672 435 1712 prolixus
453 1672 484 1703 sit
500 1673 531 1703 in
545 1673 682 1713 precibus
702 1693 767 1699 —
790 1674 811 1705 fi
827 1676 893 1716 quis
908 1686 962 1707 au-

119 1723 182 1746 tem
199 1714 327 1756 prolixus
343 1714 377 1745 sit
392 1716 423 1745 in
440 1716 576 1754 precibus
592 1714 665 1751 suis,
676 1715 705 1745 id
721 1715 762 1746 est
779 1717 963 1756 praestanti&

119 1757 238 1788 fimum.
284 1756 371 1787 Dixit
397 1756 439 1787 R.
465 1755 561 1787 Chaia
582 1756 604 1787 f.
631 1756 762 1794 Abbae,
793 1758 894 1790 dixiffe
918 1760 961 1791 R.

116 1798 484 1840 johannem,quicunque
501 1797 681 1840 prolixusest
690 1799 720 1829 in
737 1801 872 1841 precibus
888 1801 962 1843 suis,

118 1843 154 1874 &
172 1842 245 1873 dicit
260 1844 292 1872 in
308 1841 398 1872 corde
412 1841 475 1879 suo,
485 1840 511 1871 se
526 1840 594 1872 ideo
610 1841 780 1873 exauditum
797 1844 850 1884 iri,
862 1844 895 1875 ὃς
911 1854 964 1885 pe-

119 1884 258 1916 titionem
274 1880 354 1914 suam
372 1883 599 1914 consecuturum
617 1882 675 1913 effe
685 1905 695 1921 ‚
721 1886 789 1925 quia
805 1894 872 1917 oret
889 1896 961 1917 cum

117 1925 428 1966 intentione,tandem
439 1926 558 1957 venitin
575 1925 748 1965 potestatem
765 1928 876 1958 doloris
893 1937 962 1959 cor-

121 1969 184 2007 dis,
202 1970 270 2010 quia
287 1968 391 2010 petitio
407 1969 468 2008 ejus
482 1977 544 1998 non
561 1966 604 1999 fit.
639 1967 726 1998 Nam
743 1968 849 2000 dicitur
870 1972 959 2002 Prov.

120 2010 198 2044 XII.
225 2021 269 2042 12.
299 2012 432 2052 precatio
455 2009 602 2052 protrach
623 2010 666 2040 est
683 2010 771 2042 dolor
788 2011 897 2043 cordis.
919 2013 959 2045 ib.

120 2052 144 2084 f.
164 2055 214 2084 61.
239 2063 268 2084 1.
311 2053 397 2084 Dixit
421 2053 462 2084 R.
490 2052 620 2093 Chuna,
636 2051 737 2084 dixisse
754 2053 823 2085 Rab
837 2056 962 2087 nomine

120 2095 162 2128 R.
175 2095 280 2127 Meiri:
297 2095 406 2136 semper
424 2095 477 2126 fint
498 2095 587 2126 verba
599 2095 731 2126 hominis
747 2106 840 2136 pauca
858 2107 961 2130 coram

117 2137 193 2170 Deo
209 2138 239 2170 S.
254 2138 288 2170 B.
309 2139 376 2178 quia
393 2138 499 2169 dicitur
521 2136 626 2179 Ecclqfi
644 2137 680 2169 V.
702 2148 724 2169 1.
745 2139 887 2180 Josephus
903 2140 962 2171 Al-

121 2180 156 2210 bo
172 2191 181 2210 .·
202 2181 237 2212 In
254 2181 423 2222 precatione
439 2190 512 2221 quae
527 2181 658 2221 placeat,
681 2181 735 2211 tria
751 2184 960 2223 requiruntur,

119 2223 266 2264 brevitas,
289 2223 442 2254 consensus
466 2224 526 2254 oris
542 2233 614 2253 cum
629 2223 739 2262 corde,
756 2226 789 2256 &
808 2225 960 2257 modestia.

122 2267 249 2297 Ikkarim
268 2265 324 2297 IV.
347 2275 396 2306 23.
436 2265 501 2297 Elia
517 2264 672 2305 Caraeus,
694 2276 730 2296 ne
755 2267 819 2308 quis
841 2269 960 2299 inanem

122 2308 288 2340 sermonem
310 2309 341 2339 in
358 2309 493 2348 precibus
509 2308 563 2339 suis
580 2308 774 2349 multiplicet,
790 2310 868 2351 apud
885 2311 960 2342 Tri-

122 2351 220 2392 gland.
243 2353 329 2381 Sirac.
353 2350 420 2381 VII.
445 2360 472 2390 5.
514 2350 691 2391 Demophilus
709 2353 740 2382 in
757 2351 878 2384 sentent.
901 2353 961 2394 Py-

125 2393 240 2434 thagor.
260 2394 440 2429 γλωσσαλγὸς
455 2393 598 2432 ἄνθρωπος,
617 2411 681 2417 ——
701 2395 831 2433 εὐχόμιενος
931 2397 962 2426 τ),

124 2439 187 2466 θεῖον
201 2436 299 2474 μιιαιῖνει.
319 2438 387 2465 Luc.
404 2435 523 2467 XVIII.
535 2445 561 2476 ς.
584 2434 698 2466 Samuel
713 2439 747 2467 R.
772 2437 811 2468 Π.
828 2437 900 2468 dixis
918 2438 959 2469 R.

122 2478 193 2509 Aba
213 2478 235 2509 f.
258 2477 298 2508 R.
321 2477 394 2519 Papi
413 2479 445 2509 &
468 2478 508 2508 R.
530 2478 619 2516 josua
637 2478 818 2510 Sacaniensis
839 2480 962 2512 nomine

122 2519 165 2552 R.
189 2521 264 2552 Levi
291 2522 382 2550 Prov,
405 2519 490 2551 XIV.
509 2529 559 2560 23.
578 2530 648 2551 ecce
667 2522 736 2561 quia
752 2522 962 2563 multiplicavit

121 2564 306 2604 orationem,
329 2564 470 2603 amputati
492 2562 557 2593 sunt
576 2582 637 2587 -—-
659 2563 720 2594 dies
735 2564 887 2596 Samuelis.

167 2605 193 2636 8.
210 2606 294 2637 Prius
309 2614 403 2645 egerat
420 2604 554 2636 Christus
572 2605 609 2635 de
625 2606 659 2636 iis
676 2628 686 2644 ,
711 2607 762 2646 qui
778 2616 865 2638 orant
883 2615 915 2638 ut
929 2618 963 2639 a-

123 2648 180 2680 lios
201 2648 365 2689 decipiant,
379 2649 443 2687 jam
461 2647 497 2677 de
521 2649 554 2678 iis
575 2649 627 2689 qui
647 2658 762 2680 orantes
777 2650 866 2681 semet
885 2650 963 2691 ipsos

125 2689 248 2727 fallunt,
275 2691 326 2731 qui
342 2690 371 2719 in
389 2690 573 2721 orationibus
590 2691 705 2722 verbofi
726 2691 791 2723 sunt
809 2693 843 2723 &
859 2693 962 2724 eadem

128 2740 263 2773 repetunt
277 2755 287 2771 ,
315 2742 370 2763 nec
394 2742 425 2763 ea
447 2734 609 2764 reverentia
624 2757 634 2773 ‚
661 2743 718 2774 qua
742 2733 906 2775 debebant,
925 2735 961 2766 ad

129 2775 312 2815 colloquium
327 2784 397 2806 cum
420 2775 487 2806 Deo
503 2774 666 2816 accedunt,
688 2775 735 2807 sed
752 2785 860 2809 temere
876 2786 963 2819 atque

131 2817 340 2848 inconsiderate
352 2817 444 2848 muira
453 2816 719 2860 effutiunt,lingua
734 2829 864 2851 mentem
881 2829 963 2861 prae-

131 2866 284 2898 currente,
302 2869 393 2900 porro
416 2860 455 2890 ita
479 2868 569 2901 agunt
584 2870 618 2891 ac
637 2861 659 2891 si
674 2861 840 2894 dubitarent
858 2863 905 2894 vel
927 2863 964 2893 de

132 2899 251 2932 scientia
277 2901 354 2942 Dei,
373 2901 452 2941 quafi
476 2911 550 2943 opus
572 2902 605 2933 fit
625 2903 705 2933 idem
723 2906 831 2936 centies
846 2904 964 2946 dicere,

129 2950 164 2972 ut
179 2942 335 2983 intelligat,
353 2952 403 2974 aut
416 2953 452 2974 ne
469 2944 660 2976 obliviscatur
676 2967 687 2984 ,
709 2946 757 2976 vel
772 2948 809 2978 de
823 2948 910 2987 ipsius
923 2948 966 2978 sa-

132 2984 259 3024 pientia,
279 2993 312 3014 ac
328 2985 348 3015 fi
366 2985 487 3016 flumine
501 2986 673 3018 Verborum
690 2988 784 3029 posset
798 2990 910 3030 abripi,
930 2991 965 3021 &

135 3027 253 3056 moveri
268 3025 304 3056 ad
320 3026 447 3058 dandum
463 3028 544 3068 quod
560 3029 627 3060 alias
643 3041 706 3061 non
715 3031 836 3063 dedisset
846 3033 915 3069 ‚vel
929 3031 966 3064 de

133 3067 221 3108 ipfius
237 3068 439 3109 bonitate‚qui
455 3070 631 3111 importunis
646 3072 900 3106 sollicitationibus
916 3083 966 3105 ex-

134 3109 306 3150 pugnandus
330 3109 407 3142 effet.
436 3112 560 3152 Xenoph.
590 3113 763 3146 Memorab.
796 3117 912 3148 Socrat.
940 3117 964 3148 I.

134 3152 226 3190 ἵυχετο
242 3152 299 3188 πρὶς
314 3151 360 3187 τὶς
372 3152 431 3187 θεὶς
445 3155 533 3189 ἁπλῶς
545 3155 667 3190 τ’ἰινκθὲι
684 3156 829 3194 saiivam&
845 3159 890 3198 ῖὲς
906 3159 966 3193 θεὶς

1768 511 1825 536 σου
1835 527 1849 548 ,

507 588 545 618 -Ι-
562 586 574 612 o‘
590 582 690 619 οὐράνιος
703 585 798 615 versio
813 591 868 626 Syr.
884 586 1026 624 posterior.

1003 739 1122 772 κάλλιςοι
1139 740 1237 776 §.iia-005
1246 765 1254 777 ,
1268 747 1341 774 ὅποῖὁι
1355 743 1455 779 ἁγαθοὶ
1471 747 1517 775 ε’ςῚ.
1537 742 1630 776 Poeta
1645 753 1688 786 ap-
1705 745 1781 778 plat.
1800 747 1846 776 Ζεῧ

1003 783 1176 819 βασιλεῦ,τᾶ
1191 784 1237 823 ,wia
1253 785 1342 815 ἐσθλὰ
1358 786 1405 816 κα)
1420 787 1563 825 ἒυχομιένοις
1577 787 1622 817 xxi
1635 790 1758 821 ἀνεύκτοις
1774 787 1846 826 ''Afas-

1003 839 1038 863 μιι
1061 825 1127 856 ὡδὶ·
1151 825 1187 856 *tiz
1207 827 1232 857 δὲ
1247 827 1311 858 &aba
1328 828 1373 858 xxi
1388 829 1528 867 ἐυχομένοις
1541 829 1681 866 ἄπαιλέξειν.
1701 829 1847 861 Heliodor.

1005 865 1060 904 IV.
1075 878 1103 908 p.
1124 868 1191 898 188.
1211 870 1278 899 ἀλλ’
1292 869 1315 902 ’ἦν
1328 870 1378 910 ἄρα.
1396 871 1442 901 καὶ
1457 873 1482 901 vi
1498 872 1593 904 παν-τὶς
1610 874 1711 911 ὖξύτερον
1726 872 1755 902 τὶ
1767 875 1848 907 θεῖον,

1005 909 1052 939 xxi
1076 916 1126 944 τοῖς
1149 910 1221 941 xxvix
1237 913 1345 947 βάλῃσιν
1372 917 1442 952 αὐτῷ
1465 913 1592 953 ἣνμιένοις
1612 914 1719 952 ἔπιίκκρον
1732 916 1850 949 ’γίγνεται

1001 952 1052 981 ‘nai
1068 951 1193 988 ἄκλητον,
1209 955 1319 993 {niumaga
1334 956 1467 988 πολλάκις
1481 955 1582 991 φθάνων
1600 955 1639 987 τὴν
1656 955 1765 988 Sirena-u.
1780 956 1848 996 Ju-

1006 992 1076 1026 lian.
1100 995 1184 1027 Orat.
1212 1005 1260 1027 11.
1283 996 1408 1033 φθάνειν-ιι
1424 1003 1446 1027 οἱ
1460 997 1513 1027 Stoi
1528 997 1574 1031 ‘ring
1591 997 1677 1035 εὐχὶκς.
1698 998 1845 1038 Juvenal.

1007 1035 1050 1068 X.
1075 1047 1104 1076 7.
1146 1038 1286 1070 Evertere
1301 1039 1411 1071 domos
1428 1048 1503 1071 totas
1520 1041 1692 1081 optantibus
1713 1040 1777 1081 ipsis
1802 1041 1848 1072 Di

1005 1079 1109 1110 faciles
1127 1100 1191 1105 —-
1213 1080 1245 1111 Si
1268 1081 1426 1113 confilium
1451 1083 1515 1122 vis,
1538 1083 1689 1113 Permittes
1712 1083 1778 1123 ipsis
1797 1092 1848 1114 ex-

1005 1122 1132 1162 pendere
1149 1123 1320 1154 numinibus
1331 1146 1340 1161 ,
1357 1123 1428 1164 quid
1446 1126 1604 1155 conveniat
1621 1125 1725 1165 nobis,
1748 1125 1850 1156 rebus-

1005 1174 1062 1204 que
1088 1165 1121 1195 fit
1144 1165 1215 1196 utile
1231 1166 1357 1198 nostris:
1379 1166 1466 1196 Nam
1480 1175 1535 1207 pro
1547 1167 1689 1207 jucundis
1705 1167 1848 1208 aptiffima

1001 1215 1135 1248 quaeque
1152 1208 1264 1239 dabunt
1281 1207 1321 1238 di.
1362 1208 1469 1239 Carior
1487 1208 1529 1239 est
1545 1209 1600 1239 illis
1618 1210 1733 1251 homo,
1755 1219 1846 1250 quam

1001 1249 1076 1287 fibi,
1097 1259 1151 1281 nos
1167 1252 1338 1289 animorum
1358 1250 1509 1292 Impulsu,
1527 1251 1561 1281 &
1578 1260 1666 1282 caeca
1682 1260 1848 1293 magnaque

1002 1291 1142 1333 cupidine
1166 1292 1248 1324 ducii
1273 1292 1461 1334 Conjugium
1485 1294 1614 1335 petimus
1628 1316 1639 1333 ,
1669 1302 1846 1335 partumque

1002 1335 1119 1365 uxoris:
1137 1341 1166 1366 at
1181 1335 1238 1367 illis
1253 1335 1399 1374 Notum,
1415 1337 1467 1376 qui
1484 1337 1567 1377 pueri
1581 1336 1732 1377 qualisque
1751 1337 1850 1369 futura

1002 1377 1037 1408 fit
1063 1387 1139 1408 uxor
1159 1397 1224 1405 —-
1248 1377 1408 1409 Orandum
1430 1377 1490 1418 est,
1512 1386 1545 1411 ut
1569 1378 1603 1411 fit
1627 1387 1710 1410 mens
1733 1379 1798 1411 sana
1816 1381 1849 1411 in

1003 1429 1132 1460 corpore
1145 1420 1225 1452 sano.

1043 1472 1074 1502 9.
1103 1463 1186 1494 Tota
1210 1463 1281 1495 haec
1305 1464 1402 1496 oratio
1425 1473 1460 1495 ex
1483 1463 1619 1496 formulis
1640 1463 1849 1497 Hebraeorum

1003 1505 1183 1542 concinnata
1196 1505 1238 1536 est
1255 1515 1318 1537 tam
1333 1515 1401 1549 apte
1410 1515 1462 1546 ,ut
1477 1508 1580 1538 omnia
1597 1509 1749 1539 contineat
1759 1518 1850 1550 ,quae

1002 1557 1020 1578 a
1036 1547 1108 1578 Deo
1128 1549 1188 1589 peti
1213 1547 1333 1590 possunt
1357 1559 1429 1581 cum
1451 1550 1600 1590 agnitione
1616 1549 1780 1587 Majestatis
1803 1551 1851 1582 di-

1004 1591 1111 1632 vinae,
1133 1591 1167 1622 &
1190 1590 1378 1632 subjectionis
1402 1591 1528 1623 nostrae.
1558 1592 1720 1623 Berachoth
1737 1591 1851 1635 Hieros:

1005 1642 1034 1663 2.
1053 1632 1094 1663 R.
1112 1633 1199 1674 Aba,
1217 1635 1340 1665 nomine
1358 1634 1400 1666 R.
1419 1633 1515 1665 Chaia
1534 1634 1555 1666 f.
1579 1635 1664 1667 Levi.
1705 1635 1781 1667 Tres
1797 1637 1851 1667 be-

1005 1674 1187 1706 nedictiones
1213 1678 1325 1717 primae
1351 1679 1386 1709 ὃς
1410 1686 1465 1707 tres
1490 1676 1658 1717 postremae
1686 1679 1843 1711 continent

1006 1716 1123 1747 laudem
1138 1718 1217 1757 Dei,
1236 1718 1348 1749 mediae
1363 1718 1563 1749 necessitatem
1582 1727 1792 1752 creaturarum.

1044 1761 1205 1794 &tyran-&am
1223 1760 1252 1789 vi»
1267 1759 1348 1798 ἔναμμα.
1363 1761 1424 1802 cz]
1445 1760 1531 1791 Haec
1548 1761 1659 1798 verba,
1673 1771 1706 1793 ut
1723 1764 1758 1794 δί
1776 1772 1851 1803 quae

1006 1808 1158 1831 commate
1181 1800 1311 1842 sequenti
1335 1801 1497 1839 habentur,
1519 1811 1582 1834 non
1607 1811 1668 1833 tam
1685 1807 1851 1845 petentium

1006 1842 1072 1874 sunt
1087 1853 1177 1884 quam
1203 1843 1410 1885 adorantium,
1431 1845 1466 1876 δε
1482 1845 1542 1876 Dei
1561 1845 1739 1886 majestatem
1755 1857 1851 1887 agno—

1005 1884 1149 1916 scentium
1165 1885 1396 1928 colentiumque.
1417 1887 1579 1918 Berachoth
1601 1889 1621 1919 f.
1643 1897 1695 1929 40.
1713 1897 1741 1919 2.
1753 1891 1787 1922 &
1800 1900 1849 1922 12.

1008 1936 1036 1957 1.
1057 1927 1145 1958 Dixit
1172 1927 1242 1959 Rab
1260 1954 1271 1969 ‚
1301 1929 1412 1960 Omnis
1443 1929 1614 1961 benedicito
1638 1930 1667 1960 in
1698 1941 1756 1971 qua
1785 1943 1850 1964 non

1005 1967 1038 1999 fit
1052 1971 1166 2001 mentio
1182 1972 1314 2002 nominis
1331 1971 1412 2010 Dei,
1431 1981 1494 2004 nou
1508 1970 1549 2003 est
1566 1971 1749 2005 benedictio.
1790 1974 1851 2006 Sed

1006 2021 1042 2042 ex
1073 2012 1213 2044 sententia
1242 2013 1286 2045 R.
1312 2014 1497 2054 Jochanan:
1527 2013 1638 2045 Omnis
1661 2015 1848 2058 benedictio,

1005 2053 1036 2084 in
1064 2063 1120 2095 qua
1143 2065 1206 2086 non
1234 2055 1267 2088 fit
1294 2058 1408 2088 mentio
1433 2057 1540 2098 regni,
1576 2066 1639 2087 non
1664 2057 1707 2089 est
1730 2059 1852 2090 benedi-

1004 2096 1079 2128 ἃίο.
1121 2096 1157 2129 In
1183 2097 1314 2140 Epilogo
1339 2108 1396 2140 pro
1421 2099 1581 2135 &ayma-Sim
1605 2100 1634 2129 τὶ
1647 2099 1726 2139 ἕνομιοὲ
1743 2115 1778 2132 τε
1795 2102 1851 2134 ha-

1004 2139 1110 2170 bemus
1133 2143 1169 2170 ara}
1192 2145 1240 2171 ἐςιν
1262 2145 1275 2174 ἡ
1296 2141 1366 2180 δόξα.
1406 2142 1585 2181 Utrumque
1601 2151 1672 2180 ergo
1688 2142 1732 2174 est
1747 2144 1850 2181 θοξολο-

1003 2182 1060 2216 νγία.
1082 2182 1175 2212 Exod.
1199 2181 1324 2215 XXIX.
1347 2193 1400 2225 43.
1419 2187 1511 2215 Deut.
1529 2183 1674 2216 XXXII.
1693 2194 1742 2223 51.
1764 2186 1849 2228 Eshj.

1003 2223 1089 2256 VIII.
1122 2234 1170 2266 13.
1199 2224 1327 2257 XXIX.
1357 2236 1409 2267 23.
1441 2226 1548 2258 Ezech.
1579 2226 1767 2259 XXXVIII.
1794 2239 1848 2271 23.

1003 2267 1083 2308 Efizj.
1106 2267 1146 2299 V.
1173 2268 1221 2299 16.
1244 2268 1297 2300 VI.
1320 2278 1347 2310 3.
1367 2272 1423 2300 Sir.
1444 2268 1605 2301 XXXVI.
1619 2279 1650 2310 4.
1668 2272 1739 2302 Luc.
1757 2271 1779 2302 Ι.
1796 2282 1849 2312 49.

1003 2313 1092 2349 Apoc.
1124 2309 1197 2342 XV.
1219 2319 1250 2351 4.
1281 2311 1422 2342 Kobeleth
1442 2312 1481 2343 R.
1504 2311 1542 2343 11.
1567 2320 1610 2352 15.
1655 2312 1720 2344 Cur
1744 2313 1850 2346 tradidi

1003 2354 1135 2383 animam
1160 2362 1260 2383 meam
1287 2353 1324 2384 ad
1348 2353 1613 2391 san&ificationem
1638 2356 1771 2387 nominis
1788 2356 1848 2388 Dei

1003 2394 1036 2425 S.
1055 2395 1090 2426 B.
1112 2397 1147 2427 ὃ(
1170 2394 1313 2427 admonui
1339 2397 1373 2427 δι’,
1400 2396 1479 2428 dixi:
1503 2407 1568 2428 non
1592 2396 1635 2428 est
1662 2397 1746 2429 Deus
1771 2399 1847 2431 ficut

1003 2437 1052 2468 ille
1069 2439 1100 2468 in
1117 2438 1249 2479 supernis
1266 2439 1300 2469 &
1318 2439 1437 2470 infernis
1455 2439 1468 2469 ?
1488 2440 1568 2471 Ruth
1587 2439 1630 2471 R.
1653 2439 1677 2470 I.
1699 2450 1727 2472 2.
1750 2441 1849 2473 Abra-

1004 2479 1108 2511 hamus
1128 2480 1323 2511 sanffificavit
1347 2491 1459 2513 nomen
1483 2484 1543 2522 ejus
1568 2484 1599 2513 in
1621 2484 1741 2514 fornace
1763 2485 1846 2524 ignis.

1005 2523 1039 2553 &
1062 2523 1165 2564 Esther
1185 2523 1227 2553 R.
1250 2523 1273 2554 Ι.
1304 2534 1329 2555 1.
1351 2523 1532 2555 Thanchuma
1552 2535 1582 2566 p.
1609 2534 1677 2566 117.
1704 2535 1730 2557 1.
1752 2526 1850 2557 Abra-

1005 2564 1111 2596 hamus
1145 2565 1262 2596 tradidit
1292 2567 1423 2597 animam
1452 2566 1533 2598 suam
1556 2567 1593 2598 ad
1617 2567 1848 2600 conburendum

1005 2616 1127 2647 propter
1149 2607 1409 2640 sanctificationem
1433 2611 1566 2641 nominis
1588 2611 1631 2642 tui
1653 2630 1714 2635 —-
1734 2610 1849 2643 Isaacus

1005 2650 1141 2690 praebuit
1150 2650 1265 2681 collum
1280 2652 1366 2681 suum
1383 2651 1419 2682 ad
1436 2652 1631 2685 mactandum
1647 2661 1768 2694 propter
1783 2654 1850 2685 san-

1007 2692 1222 2723 &cificationem
1251 2694 1382 2724 nominis
1405 2695 1458 2725 tui.
1486 2695 1508 2726 f.
1539 2695 1588 2736 78.
1621 2706 1650 2728 2.
1693 2696 1847 2728 Abraham

1005 2734 1199 2766 sanctificavit
1223 2745 1334 2767 nomen
1358 2745 1460 2767 meum
1484 2738 1515 2767 in
1540 2738 1653 2770 mundo
1678 2738 1750 2770 hoc.
1778 2741 1848 2770 Sota

1006 2779 1057 2817 qui
1081 2776 1276 2809 sanctificavit
1296 2788 1409 2809 nomen
1433 2779 1493 2810 Dei
1508 2779 1642 2819 secreto,
1662 2782 1847 2822 promeruit,

1007 2829 1039 2850 ut
1061 2819 1212 2850 adderetur
1236 2819 1278 2850 illi
1302 2820 1384 2852 litera
1405 2830 1463 2852 una
1487 2832 1503 2853 e
1526 2825 1651 2854 nomine
1676 2823 1734 2853 Dei
1760 2823 1792 2854 S.
1810 2822 1846 2855 B.

1002 2861 1092 2901 judas
1118 2871 1189 2894 vero
1214 2864 1265 2902 qui
1288 2872 1401 2894 nomen
1424 2863 1484 2894 Dei
1500 2865 1618 2905 publice
1634 2865 1850 2907 sanctificavit„

1007 2906 1114 2935 meruit
1137 2912 1169 2934 ut
1194 2911 1261 2936 toto
1278 2907 1402 2937 nomine
1419 2905 1477 2937 Dei
1492 2906 1682 2948 insigniretur.
1725 2907 1777 2938 De
1788 2907 1849 2947 Jo-

1006 2945 1097 2988 sepho
1135 2949 1207 2979 Gen.
1240 2946 1404 2979 XXXIX.
1436 2958 1483 2979 11.
1511 2949 1548 2980 de
1571 2949 1648 2990 Juda
1670 2950 1740 2991 Hofi
1773 2949 1846 2981 XII.

1012 2999 1038 3020 1.
1060 2992 1097 3018 In
1111 2989 1240 3029 precibus
1263 2990 1460 3030 Judaeorum,
1481 3000 1555 3030 quae
1578 2991 1752 3023 sanctiffima
1770 2992 1849 3032 apud

1008 3031 1074 3062 illos
1095 3032 1139 3063 est
1154 3034 1360 3074 precationum
1384 3033 1533 3075 formula,
1554 3033 1705 3065 Kaddisch
1719 3033 1798 3065 dicia
1812 3035 1849 3064 δε

1010 3074 1041 3104 in
1071 3075 1158 3105 initio
1187 3074 1220 3105 &
1246 3074 1304 3106 fine
1331 3075 1452 3107 actuum
1478 3085 1666 3117 quorumque
1694 3076 1848 3107 sacrorum

1008 3116 1157 3148 recitanda
1173 3138 1184 3155 ‚
1221 3118 1270 3148 cui
1307 3118 1395 3148 etiam
1429 3127 1567 3158 magnam
1599 3118 1763 3149 efficaciam
1792 3119 1850 3147 tri-

1007 3159 1355 3234 buunt28magnificetur
1379 3160 1413 3203 ὅς
1438 3159 1635 3195 sanctificetur
1662 3168 1773 3203 nornen
1787 3159 1850 3197 ejus

1158 3211 1171 3232 s
1191 3209 1211 3233 2
1785 3208 1848 3232 ma-

1459 3244 1477 3251 .-
