1976 3519
480 191 1472 243 PROLEGO'MENA·
1821 208 1849 244 9

115 294 213 347 Cap.
243 288 402 331 XXIV.
431 291 467 328 6.
496 285 510 327 ὅ
544 283 679 335 νυμφίος
707 281 863 334 ἔρχεται.
904 279 1059 321 Deinde
1088 277 1280 319 mutilatus
1312 279 1366 319 est
1395 278 1496 332 aJO.
1525 277 1596 321 VI.
1632 290 1694 329 50.
1721 276 1774 317 ἵνα
1795 278 1850 321 τὶς

114 348 166 400 ἐξ
186 343 278 387 ἄυἻοῧ
299 344 350 385 ad
370 342 482 386 VIII.
519 354 580 392 52.
611 337 639 379 οἶ
657 337 836 390 &pavitat
854 331 915 376 nal
936 332 998 379 σὺ,
1029 334 1197 388 denique
1219 336 1258 372 &
1278 347 1299 372 a
1322 344 1359 372 2.‘
1371 333 1467 373 Cor.
1488 333 1539 376 V.
1576 346 1637 385 13.
1665 331 1851 377 'wlff-eum

113 403 165 444 ad
182 400 274 442 XII.
307 412 341 451 7.
380 397 549 439 Praefert
580 395 644 435 hic
673 393 795 435 codex
824 393 864 432 in
894 390 946 432 V.
975 389 1028 430 T.
1061 389 1211 430 Eusebii
1240 387 1488 442 Hypotheses
1520 390 1561 428 in
1590 388 1778 436 Psalmos‚
1810 391 1851 430 in

114 455 332 511 Evangeliis
362 467 453 495 vero
485 449 657 504 ejusdem
679 446 831 488 Τίτλους
848 450 889 486 &
908 442 1112 494 Κεφάλαια.
1167 442 1324 484 Psalmis
1343 442 1509 495 praefixa
1527 443 1582 483 est
1601 458 1676 485 una
1698 444 1852 485 eadem-

114 526 191 567 que
222 524 337 551 manu
366 503 576 547 'ASavoeci'ou
603 500 891 556 Ἀρχιεπισκόπε
918 496 1178 551 Ἀλεξανδρείας
1206 495 1363 541 ἒπιτολὴ
1379 494 1480 548 ’πρὶς
1512 497 1767 566 Μαξκελλῗνοκ
1797 499 1852 540 se-

115 577 283 622 quuntur
312 574 429 617 porro
459 558 594 602 Κανόνες
624 555 751 610 ἦμερινοῖ
779 554 840 597 καὶ
871 552 1020 607 νυκἼερινοῖ
1047 552 1116 595 τᾶν
1135 552 1321 602 Ψαλμῶν,
1350 552 1443 593 item
1462 550 1588 604 ὃρθρινοι
1610 557 1650 593 &
1671 551 1850 605 λυχνικοῖ,

116 619 427 676 praescribentes,
456 616 615 671 quinam
642 613 781 656 Psalmi
810 611 963 665 singulis
982 610 1062 651 diei
1082 609 1284 662 noitisque
1303 608 1431 658 horis,
1461 608 1554 648 item
1576 622 1688 648 mane
1715 612 1754 647 ὃ(
1787 621 1861 650 ve·-

116 676 213 730 speri
234 674 306 714 fint
327 673 367 713 in
388 671 542 713 Officiis
569 669 712 710 divinis
730 665 983 709 decantandi:
1001 666 1044 705 in
1061 664 1139 706 fine
1158 678 1251 704 vero
1273 662 1409 717 legitur
1429 660 1606 714 Προσευχῗη
1629 662 1770 713 Μαρίας
1788 664 1851 705 τῆς

117 727 287 771 Θεοτὸκες.
343 728 389 768 In
412 726 580 767 Cantico
604 724 859 765 Canticorum
885 720 1070 776 personae
1099 719 1362 772 colloquentes
1382 717 1520 771 Sponsi
1538 722 1577 757 &
1595 718 1765 772 Sponsae
1782 720 1853 758 mi-

115 787 184 826 nio
213 784 517 838 distinguuntur,
546 779 655 835 quod
686 779 802 820 etiam
829 778 870 817 in
900 774 1127 830 quibusdam
1159 772 1374 814 Codicibus
1393 773 1541 813 Latinis
1558 772 1705 827 scriptis
1724 773 1852 814 editis-

116 853 192 895 que
221 834 450 880 observavi.'
483 836 663 889 Denique
701 833 816 874 habet
842 831 1098 886 Epistolarum
1117 828 1428 882 subscriptiones,
1457 839 1499 868 ut
1516 825 1853 879 πρὸςΚολασσαὲῖς

117 892 195 940 ἀπὸ
220 892 359 940 Ρῶμης,
387 888 476 944 πρὸς
498 887 756 931 &eoo-emovunt}
778 904 815 928 οι.
845 884 981 938 ἐγράφη
1000 882 1077 925 ἀπὸ
1097 882 1267 933 Ἀθηνῶν,
1297 879 1385 934 πρὸς
1403 882 1660 925 &em-amrin&
1676 886 1714 928 β.
1745 882 1852 933 ἐγρά-

117 963 164 999 φη
193 947 269 990 ἀπὸ
299 946 454 998 Ἀθηνῶν,
482 942 571 998 πρὶς
600 943 761 994 Τιμόθεον
781 960 817 982 α..
846 939 983 995 ἒγςοίφη
1011 935 1089 980 ἀπὸ
1109 936 1332 986 Λαοῶκεῖας,
1362 935 1633 991 πρὸςῖιμὸθεον
1650 941 1688 983 β.
1717 937 1852 991 ἐγράφη

117 1004 196 1047 ἀπὸ
217 1002 440 1053 Λαοδικείας,
470 999 558 1053 πρὸς
577 997 678 1041 Τίτον
701 995 836 1051 ἒγροίφη
857 994 935 1038 ἀπὸ
958 993 1194 1037 Νικοπόλεως.

174 1061 215 1101 Si
253 1060 308 1101 P.
337 1059 534 1112 Junium,
561 1056 611 1097 B.
642 1055 884 1104 Waltonum,
921 1051 971 1105 J.
1001 1051 1054 1092 E.
1085 1050 1300 1096 Grabium5
1332 1049 1383 1104 J.
1413 1048 1613 1102 Millium,
1645 1051 1698 1091 R.
1727 1051 1852 1092 Bent-

119 1116 262 1172 lejum,
296 1115 344 1159 G.
374 1111 612 1165 Whistonum
644 1114 684 1152 δε
715 1110 918 1165 plerosque
945 1107 1097 1162 Anglos
1113 1105 1308 1156 audimus,
1340 1105 1480 1146 Codex
1501 1106 1568 1146 iste
1587 1107 1766 1149 omnibus
1785 1122 1851 1148 nu-

119 1172 232 1213 meris
260 1171 313 1211 ita
340 1168 528 1210 absolutus
557 1167 633 1217 est,
671 1177 714 1207 ut
734 1164 784 1206 ad
805 1165 905 1204 hanc
926 1176 1102 1204 normam
1122 1174 1258 1202 omnes
1278 1161 1439 1201 aliorum
1460 1161 1664 1202 Leffiones
1685 1162 1757 1203 fint
1775 1163 1853 1202 exi-

119 1225 269 1283 gendae
298 1236 414 1279 atque
438 1221 714 1265 emendandae.
771 1219 934 1260 Millius
961 1218 1058 1272 prol.
1092 1230 1215 1271 134¹·
1260 1246 1287 1266 „
1315 1216 1506 1266 Textum,
1550 1216 1697 1270 inquit,
1728 1217 1851 1271 ipsum

117 1313 146 1334 ‚,
175 1280 284 1336 quod
305 1280 472 1334 spectat,
499 1289 540 1319 ut
555 1277 610 1319 est
630 1275 855 1330 exemplaris
875 1273 933 1315 N.
963 1273 1014 1315 T,
1042 1272 1218 1313 omnium
1238 1283 1325 1312 toto
1355 1271 1448 1312 orbe
1467 1270 1583 1325 longe
1604 1273 1853 1323 vetustissimi,

116 1367 144 1389 ,‚
174 1338 228 1378 ita
245 1347 346 1377 certe
362 1335 442 1389 jam
463 1333 510 1374 ab
528 1332 617 1387 ipfis
639 1332 716 1373 fere
736 1330 913 1372 Canonis
933 1328 1168 1370 incunabulis
1189 1328 1254 1368 vix
1269 1326 1430 1367 extitiss‘e
1440 1326 1599 1377 censeo,
1628 1328 1694 1380 qui
1708 1328 1854 1369 Arche·

118 1423 146 1445 „
176 1404 311 1447 typum
332 1389 657 1445 Evangelistarum
677 1391 716 1427 &
736 1385 1014 1440 Apostolorum
1035 1383 1120 1438 ipso
1141 1382 1291 1423 fidelius
1310 1380 1527 1436 expresserit
1547 1405 1611 1413 ----
1628 1382 1669 1422 T
1669 1395 1777 1423 extus
1800 1386 1854 1424 A-

119 1474 148 1499 „
177 1445 419 1488 lexandrinus
446 1443 605 1484 mirifice
633 1454 827 1483 accuratus
858 1439 1030 1490 videtur,
1062 1443 1102 1478 &
1123 1437 1176 1478 ad
1194 1437 1314 1492 ipsam
1335 1436 1635 1491 Apostolorum,
1664 1449 1706 1478 ut
1726 1439 1777 1479 ita
1797 1438 1854 1478 di-

119 1533 148 1554 „
176 1516 283 1552 cam,
312 1498 481 1541 amussim
510 1497 788 1552 compofitus'’.
845 1496 940 1536 Hoc
970 1494 1189 1549 Anglorum
1221 1491 1324 1534 aestu
1341 1491 1744 1545 abreptus,fateor‚in
1766 1507 1856 1535 ean-

119 1557 212 1600 dem
245 1555 473 1597 inclinabam
492 1554 739 1602 sententiam,
767 1565 856 1593 cum
875 1552 941 1592 A0.
976 1562 1095 1601 1729.
1125 1547 1406 1602 Prolegomena
1425 1547 1645 1595 scriberem;
1675 1548 1769 1590 dum
1792 1563 1856 1591 ve-

121 1628 167 1654 ro
196 1612 366 1668 praelum
392 1621 632 1659 exercerent,
660 1608 786 1649 variae
815 1606 912 1647 mihi
939 1617 1050 1646 natae
1080 1603 1166 1644 sunt
1198 1603 1450 1657 suspiciones,
1479 1603 1616 1656 quibus
1637 1616 1856 1657 permotus,

121 1680 164 1711 ut
193 1669 332 1709 nimiae
350 1666 463 1720 hujus
482 1664 645 1706 Codicis
664 1662 794 1704 laudes
812 1661 1086 1711 resecarentur,
1116 1659 1256 1700 curavi.
1312 1657 1554 1712 Suspiciones
1574 1658 1732 1712 quidem
1752 1673 1857 1701 meas

122 1734 212 1769 ante
242 1723 315 1763 hos
333 1721 468 1763 decem
492 1733 637 1768 annos,
667 1729 803 1772 rogatu
822 1718 874 1760 V.
905 1716 968 1757 Cl.
995 1714 1141 1767 Jacobi
1161 1714 1348 1763 Porteri,
1379 1714 1505 1766 Regis
1525 1714 1688 1767 Angliae
1708 1715 1758 1755 ad
1778 1716 1857 1756 Im-

124 1789 340 1833 peratorem
366 1774 581 1815 Turcarum
600 1773 676 1812 hoc
695 1783 869 1824 tempore
889 1771 1048 1823 Legati,
1065 1771 1168 1807 ‘cum
1199 1767 1357 1806 eruditis
1376 1766 1604 1819 quibusdam
1625 1770 1763 1822 Anglis
1774 1800 1785 1819 ‚
1814 1773 1856 1809 δε

123 1847 213 1874 cum
241 1831 325 1886 ipso
344 1829 651 1883 Archiepiscopo
669 1823 935 1866 Cantuariensi
956 1821 1258 1864 communicavi:
1288 1834 1391 1860 nunc
1412 1833 1539 1861 autem
1559 1835 1639 1863 rem
1657 1834 1779 1869 totam
1800 1838 1857 1865 re-

123 1887 283 1930 tranare
309 1884 511 1935 constitui,
546 1880 791 1936 inquisiturus
821 1881 844 1921 a
863 1893 943 1933 quo
963 1907 976 1929 ,
1017 1877 1105 1924 ubi,
1134 1874 1315 1930 quando,
1347 1877 1384 1913 &
1404 1875 1609 1928 quomodo
1628 1877 1693 1919 hic
1714 1879 1857 1921 Codex

121 1942 236 1985 fuerit
254 1951 435 1983 exaratus.

181 2011 214 2038 1.
243 1995 385 2038 Codex
412 1994 564 2044 noster,
592 1992 679 2047 post
698 1989 924 2033 recensitum
941 1986 1147 2029 Librorum
1167 1986 1369 2028 Sacrorum
1389 1986 1581 2038 indicem,
1611 1988 1741 2031 Verba
1762 1992 1859 2033 Ara-

123 2051 208 2099 bica
235 2051 445 2094 recentiore
474 2063 590 2090 manu
610 2048 747 2100 scripta
766 2045 921 2088 exhibet
934 2075 946 2095 ,
970 2057 1135 2098 quorum
1154 2042 1218 2083 hic
1236 2042 1292 2083 est
1311 2041 1436 2083 sensus
1472 2074 1498 2094 „
1510 2045 1734 2086 Memorant
1754 2045 1858 2089 hunc

124 2139 152 2160 „
181 2108 317 2149 librum
336 2106 516 2161 scriptum
534 2104 608 2144 esse
627 2103 774 2144 calamo
802 2099 965 2143 Theclae
991 2098 1166 2153 martyris
1175 2100 1210 2139 ”.
1266 2096 1392 2152 Qlod
1420 2098 1475 2138 est
1505 2098 1728 2150 absurdum,
1769 2117 1857 2143 cum

123 2163 274 2208 Thecla
294 2161 402 2203 Pauli
431 2158 610 2214 Apostoli
639 2156 823 2212 discipula
853 2165 1113 2210 protomartyr
1134 2164 1224 2194 ante
1245 2152 1338 2198 esset
1356 2166 1526 2203 mortua,
1557 2168 1672 2207 quam
1693 2156 1778 2196 libri
1797 2158 1856 2199 N.

125 2218 178 2260 T.
206 2219 246 2258 in
267 2230 387 2259 unum
407 2215 587 2257 volumen
615 2213 903 2268 colligerentur:
932 2210 1146 2264 Epistolam
1165 2220 1267 2249 certe
1283 2208 1533 2248 Athanasii&
1547 2209 1732 2252 Canones
1743 2212 1859 2254 Euse-

124 2274 179 2315 bii
198 2273 405 2315 describere
425 2284 507 2312 non
525 2270 705 2324 potuerit.
757 2268 878 2308 Hunc
898 2265 1233 2307 anachronismum
1254 2275 1296 2304 ut
1317 2264 1455 2304 vitaret
1475 2264 1510 2302 C
1499 2264 1649 2316 yrillus
1669 2266 1858 2320 Lucaris‚

126 2343 208 2372 rem
241 2329 294 2369 ita
323 2327 489 2369 narravit
530 2355 557 2376 „
584 2324 698 2365 Liber
727 2322 795 2364 iste
822 2321 1037 2376 Scripturae
1068 2320 1203 2361 Sacrae
1224 2318 1280 2360 N.
1309 2321 1349 2357 &
1372 2318 1421 2359 V.
1451 2318 1712 2372 Testamenti,
1742 2336 1860 2376 prout

125 2412 154 2437 „
182 2399 229 2426 ex
250 2382 456 2425 traditione
477 2381 682 2430 habemus,
710 2378 764 2420 est
785 2377 943 2431 scriptus
964 2389 1081 2416 manu
1100 2374 1273 2416 Theclae
1292 2373 1432 2414 nobilis
1452 2373 1618 2416 feminae
1630 2376 1858 2431 AEgyptiae,

126 2471 156 2492 „
184 2450 272 2481 ante
303 2437 405 2479 mille
426 2440 465 2477 &
486 2447 676 2477 trecentos
695 2446 819 2475 annos
836 2432 1005 2482 circiter,
1032 2430 1148 2486 paulo
1167 2429 1253 2484 post
1274 2428 1500 2470 Concilium
1516 2429 1561 2470 N
1564 2430 1716 2472 icenum
1727 2435 1762 2473 ''.
1802 2436 1858 2476 At

128 2496 206 2536 hoc
235 2508 316 2535 non
349 2504 429 2534 erat
453 2490 704 2533 Traditiones
731 2489 914 2538 retinere,
941 2486 1008 2528 sed
1036 2499 1156 2527 novas
1186 2488 1226 2524 δε
1253 2484 1442 2526 veteribus
1469 2486 1679 2527 contrarias
1700 2486 1856 2542 fingere.

127 2550 278 2592 Thecla
298 2549 403 2590 enim
421 2557 680 2601 protomartyr
701 2558 782 2584 non
803 2542 875 2584 fuit
896 2542 1034 2583 nobilis
1053 2540 1195 2582 femina
1217 2539 1430 2595 AEoyptia‚
1454 2539 1526 2580 sed.
1537 2540 1661 2581 Iconii
1682 2554 1794 2592 nata,
1817 2549 1858 2585 &

127 2605 321 2647 Seleuciae
340 2606 380 2645 in
400 2602 539 2643 Pisidia
558 2600 780 2655 martyrium
796 2598 899 2652 passa
916 2596 1023 2638 fuisse
1042 2596 1192 2637 dicitur.
1245 2573 1336 2636 bfec
1351 2595 1484 2636 melius
1494 2594 1531 2636 se
1548 2595 1746 2650 expedivit
1756 2599 1860 2639 Gra-

131 2659 237 2710 hius,
267 2660 333 2714 qui
362 2657 671 2700 commenticiam
697 2653 835 2709 Cyrilli
852 2652 1043 2694 Theclam
1061 2651 1129 2692 diu
1149 2650 1261 2691 anxie
1278 2664 1463 2705 quaerens
1485 2663 1570 2690 eam
1586 2651 1859 2707 fibiinveniffe

131 2716 243 2769 visits
268 2714 318 2767 est
347 2712 450 2770 apud
476 2712 707 2765 Gregorium
737 2708 1079 2756 Nazianzenum,
1109 2706 1334 2746 scribentem
1354 2705 1404 2746 de
1422 2706 1648 2760 Virginibus
1668 2707 1859 2751 Seleuciae

131 2772 172 2811 in
194 2770 424 2811 monasterio
447 2768 482 2808 S.
511 2766 683 2808 Theclae
711 2764 840 2805 dicato
861 2762 1098 2810 viventibus,
1129 2762 1191 2803 cui
1210 2761 1453 2814 conjec‘turae
1472 2760 1578 2802 l'ocus
1594 2761 1669 2802 effe
1687 2777 1768 2803 non
1788 2778 1861 2818 po.

132 2827 203 2867 test
218 2857 229 2874 ,
258 2825 327 2865 nis1
359 2828 395 2864 &
415 2811 903 2876 Theclanspromartyrem
923 2817 1035 2859 seculi
1052 2817 1167 2871 primi
1186 2830 1274 2857 cum
1295 2816 1526 2857 monasterio
1548 2817 1647 2858 circa
1667 2817 1785 2858 finem
1805 2819 1862 2861 se-

79 2901 83 2905 *
133 2881 207 2922 culi
237 2880 361 2934 quarti
390 2878 517 2920 eidem
536 2877 666 2917 dicato
683 2874 985 2923 confundamus,
1017 2877 1056 2912 &
1078 2886 1149 2926 pro
1168 2871 1287 2912 nobili
1306 2871 1462 2912 muliere
1480 2871 1670 2926 AEgyptia
1689 2872 1862 2916 substitu-

134 2949 238 2976 amus
259 2936 439 2988 Virgines
469 2933 658 2973 Seleuciae
688 2930 870 2985 degentes
889 2961 902 2979 ,
940 2928 1108 2982 denique
1135 2926 1347 2976 Theclam,
1375 2940 1421 2967 ex
1452 2927 1598 2967 calculo
1619 2928 1752 2969 Grabii
1773 2943 1860 2970 cen-

133 3000 215 3030 tum
242 3004 363 3030 annos
394 3001 545 3038 natam,
566 3003 586 3027 a
605 2986 866 3028 Nazianzeno
885 2983 1047 3038 potuiss'e
1063 2982 1192 3023 vocari
1212 2980 1301 3033 κόρην
1319 2982 1343 3022 i.
1370 2995 1402 3021 e.
1431 2992 1583 3023 tenerae
1603 2983 1737 3024 aetatis
1754 2984 1860 3036 puel-

133 3044 209 3083 lam
229 3044 481 3085 admittamus.
538 3042 745 3083 Caeterum
765 3053 852 3081 cum
870 3039 924 3089 is,
954 3039 1022 3092 qui
1043 3038 1145 3078 hunc
1165 3036 1341 3077 codicem
1357 3036 1548 3086 exaravit,
1577 3038 1779 3078 verborum
1799 3051 1861 3078 or-

133 3098 266 3139 dinem
298 3099 474 3140 claritatis
502 3096 610 3138 causa
631 3097 740 3150 saepe
760 3107 904 3136 mutare
924 3093 1032 3134 ausus
1052 3092 1118 3143 sit,
1148 3091 1292 3132 fatente
1306 3091 1438 3132 Millio
1456 3092 1551 3145 prol.
1586 3105 1726 3144 1341„
1757 3105 1863 3132 cum.

132 3168 208 3208 que
236 3165 458 3196 contextum
486 3153 588 3197 varie
616 3150 902 3207 interpolaverit
918 3180 931 3202 ,
970 3159 1164 3245 pgieterea
1187 3147 1305 3191 etiam
1334 3147 1495 3190 Latinae
1513 3146 1688 3201 linguae,
1702 3157 1743 3187 ut
1762 3145 1862 3188 infra

1775 3215 1864 3256 pro-
