1976 3519
708 111 720 124 0

122 246 173 295 ’29
180 247 204 283 6

580 225 1408 274 ΕΥΑΓΓΕΛῙΟΝ

1792 220 1842 275 νς

120 327 241 382 διδάξῃ
270 324 356 366 οὕτω
387 318 466 362 τοὺς
497 316 685 371 ἀνθρώπους
704 350 715 368 ,
755 315 938 369 ἒλοίχιτῖος
977 315 1185 363 κληθήσεται
1223 314 1251 355 ἓν
1290 315 1337 366 τῇ
1358 313 1532 365 βασιλεῖῳ
1554 319 1620 356 τεῒν
1641 317 1780 367 οὐρανῶν·

113 383 153 427 ’ὲς
181 383 213 422 δ’
240 381 280 421 ἀῖν
311 375 432 427 wetsten
464 371 526 414 >aad
554 372 674 428 Σιδὶίξῃ
692 406 705 425 ,
742 372 838 414 agros
866 371 983 422 μέγας
1002 371 1222 418 κληθήσεται
1243 369 1270 409 ἒν
1292 370 1338 421 τῖἱ
1359 369 1531 419 βασιλεῖᾳ.
1554 374 1619 411 τῶν
1639 373 1782 425 οὗρσινὶἰν.

119 437 226 487 Λέγω
256 434 328 487 γὰρ
358 431 454 482 ὑμῖν,
480 429 536 470 ’ὅτι
566 429 621 470 {otu
645 427 693 478 μὴ
723 426 923 480 περισσεύσῃ
952 426 968 470 ἦ
1000 425 1179 472 δικαιοσύνη
1200 424 1426 474 ὑμόνπλεῖον
1447 424 1513 466 τᾶν
1535 425 1774 479 γραμματέων
1808 440 1863 468 Ξαν

119 491 172 545 2454*
202 488 404 545 Φαρισαίων,
435 487 469 526 οὗ
489 482 537 535 μὴ
555 483 742 533 εἰσέλθητε
761 483 806 526 εἷς
822 481 881 527 τὴν
896 481 1079 529 βασιλείαν
1098 480 1165 523 τᾶν
1185 479 1325 534 obponat

155 646 216 684 aa]
237 662 288 669 —-
307 647 345 674 D.
366 655 381 674 a
394 645 484 684 prima
498 643 593 672 manu.
730 671 732 676 ,

155 687 202 712 τῶν
219 685 389 720 secundum]
415 700 463 705 -——
483 685 519 710 D.
540 693 555 710 a
580 681 668 720 prima
685 688 778 708 manu.

153 725 344 770 ‘'J'WAEYIJ—
364 726 399 752 D.
425 733 465 750 12.
489 730 531 757 ¹5·

1573 549 1594 579 2
1606 550 1621 577 1
1656 535 1781 589 Ἠκούξ

1000 672 1086 712 οἵην]
1105 690 1155 696 —-
1173 677 1211 704 D.

996 715 1044 740 τῶι
1061 715 1179 752 οὐρανῶν]
1197 714 1242 740 roi?
1255 712 1350 749 ρῦραινοῖ
1364 714 1404 741 bls
1423 715 1464 742 M.

154 761 244 800 εἶτος]
266 775 341 794 ουτως
356 762 483 800 sequente
497 765 711 794 commate‚44.
733 754 829 784 Versio
843 754 920 784 Goth.
938 755 1057 793 Cyprian.
1075 754 1212 791 Angustia.
1231 752 1362 790 probante
1376 752 1409 792 J.
1426 753 1591 782 Marklando.

156 812 200 830 20.
223 803 235 838 ]
258 818 308 823 -—-
327 803 363 830 D,

153 840 166 870 ἦ
187 838 327 869 δικαιοσύνη
349 837 437 877 ὑμῶν]
454 836 544 874 ὐμῶνῆ
558 832 709 863 auxumam.
725 833 757 860 E.
778 843 805 861 2.
827 842 852 869 3.
872 840 918 874 24.
937 830 984 858 80.
1005 830 1048 858 86.
1070 829 1116 864 89.
1136 839 1183 864 90.
1206 830 1267 858 106.
1287 830 1357 858 Edit.
1380 830 1495 867 Rufini,
1525 831 1633 867 segardi
1646 850 1653 861 ,
1674 832 1702 859 &
1727 833 1844 869 Bengelif„

113 879 240 916 constitut
264 881 302 907 ΙΙ,
327 887 371 914 35.
397 881 479 907 ciem.
501 878 604 903 strom.
621 874 674 900 VI.
692 881 720 909 p.
741 870 807 906 825.
825 872 902 908 Bafil.
921 872 953 899 de
979 871 1055 907 Bapt.
1075 869 1099 897 I.
1123 871 1151 897 ὃς
1177 869 1216 897 ΙΙ.
1235 878 1270 904 5,
1293 868 1320 897 8.
1336 873 1439 898 Macar.
1461 869 1498 896 Η.
1522 877 1565 905 ¹3·
1583 868 1669 905 lstdor.
1685 870 1708 897 I.
1729 879 1776 906 79.
1797 874 1847 901 lv.

115 928 181 953 204.
199 920 262 946 216.
281 920 397 946 Maxim.
417 914 506 943 Ascet.
527 913 589 949 38¹.
605 911 724 940 Antioch.
744 919 790 944 72.
808 913 922 939 Nice-tas.

153 953 220 987 λέγω
237 955 286 990 «sap
299 954 357 989 u‘sAEv
373 951 431 988 ἀ’τι]
452 968 503 974 -—
518 950 618 988 Erasmi
639 960 665 977 2.
682 948 755 975 Edit.
784 957 808 975 ι.

152 1004 198 1022 21.
216 992 321 1030 ἐρρεθη]
339 992 422 1029 ἐρρϊὶθη
445 992 508 1018 DE.
524 999 571 1025 44.
591 998 636 1021 72.
659 988 763 1024 Evang.
782 995 811 1021 9.
835 996 878 1014 ιο.
901 995 944 1014 12.
966 995 1008 1022 ¹3.
1034 994 1076 1020 ¹7.

997 942 1057 981 gh]
1078 961 1136 968 --
1157 945 1230 974 Edit.
1245 946 1356 983 Erasmi.
1488 973 1492 975 .

1104 984 1178 1013 Edit.
1197 986 1310 1014 colinam·
1327 992 1357 1012 ut
1372 989 1443 1013 Rom.
1464 984 1519 1012 IX.
1542 994 1585 1013 iz.

153 1042 198 1060 22.
218 1029 288 1069 είκῧ]
308 1045 358 1052 -—
381 1032 410 1058 Β.
426 1029 474 1064 48.
497 1028 592 1056 Versio
618 1031 717 1054 saxon.
755 1026 872 1061 AEthiop.
899 1024 981 1052 Arab.
1006 1025 1081 1060 Vulg.
1110 1024 1216 1052 Luther.
1235 1029 1298 1058 χαλ.
1319 1033 1364 1052 21.
1379 1021 1438 1052 τινὲς
1464 1019 1489 1049 ἐξ
1504 1018 1597 1055 oxu-lu.
1619 1021 1656 1048 ’ὅτι
1670 1023 1757 1058 μίγη,
1773 1017 1849 1054 ῃπτξ.

109 1068 160 1097 εἶπέ
181 1080 247 1096 τινων
269 1064 410 1103 προσ-ἐτέθη
426 1066 455 1094 ‘'t‘o
471 1066 533 1096 εὐίῆ,
552 1062 588 1092 ab),
602 1064 740 1096 ἀναγκαῖοι
753 1060 802 1091 {riv
816 1060 881 1098 μηδὲ
898 1062 959 1092 ‘cinus
975 1059 1124 1097 ὀργίζεσθαι.
1164 1064 1264 1090 Hieron.
1284 1062 1312 1089 in
1327 1060 1345 1089 l,
1381 1062 1413 1088 In
1436 1060 1597 1098 quibusdam
1614 1062 1761 1091 codicibus
1777 1066 1852 1093 midi-

110 1117 155 1137 tur
178 1109 232 1137 fine
255 1108 350 1136 caussa.
388 1107 533 1134 Caeterum
559 1105 587 1131 in
602 1103 672 1131 veris
687 1101 795 1129 definita
811 1101 942 1128 sententia
956 1101 1011 1132 est;
1033 1101 1061 1128 &
1077 1100 1113 1127 ira
1122 1101 1230 1137 penitus
1245 1099 1362 1132 tollitur,
1385 1099 1491 1127 dicente
1506 1099 1649 1137 scriptura:
1668 1101 1715 1138 qui
1733 1101 1851 1132 irascitur

112 1148 187 1177 fratri
208 1147 268 1175 suo.
308 1147 335 1174 Si
358 1145 433 1174 enim
456 1144 583 1181 jubemur
607 1141 754 1169 verberanti
778 1139 887 1168 alteram
904 1139 1027 1177 praebere
1046 1138 1200 1172 maxillam,
1221 1138 1392 1167 &inimicos
1406 1139 1512 1165 nostros
1527 1148 1632 1171 amare,
1654 1141 1683 1167 &
1702 1149 1780 1169 orare
1797 1152 1849 1178 pro

109 1184 347 1225 persequentibu53
367 1184 459 1212 omnis
480 1184 532 1211 irae
557 1180 663 1209 occasio
685 1179 798 1208 tollitur.
838 1178 1001 1206 Radendum
1025 1178 1063 1205 est
1089 1187 1156 1215 ergo
1171 1177 1226 1206 sine
1253 1177 1344 1210 causa,
1375 1177 1437 1215 quia
1453 1177 1491 1205 ira
1506 1177 1556 1205 viri
1570 1177 1702 1214 justitiam
1721 1180 1774 1208 Dei
1790 1190 1848 1209 non

113 1263 170 1297 θεὶς
194 1262 328 1296 πεπέιητοιι
351 1259 444 1294 ivr->Dm
462 1259 584 1299 μενά-ην,
607 1256 662 1297 περῖ
685 1259 726 1290 τῆς
754 1258 802 1286 τίὕν
820 1255 905 1291 γονέων
919 1270 959 1285 τι-

107 1308 167 1345 μι”ς·
187 1305 311 1343 ἑπομένως
334 1304 360 1334 δὲ
385 1303 423 1336 τὴν
439 1306 486 1334 τόν
501 1302 578 1339 φίλων
595 1300 691 1339 ἐγκρίνει
706 1299 821 1332 ahiam-n
836 1312 962 1338 προσῇωνο-

108 1348 206 1386 μιάνας
227 1348 279 1379 im
304 1349 339 1389 τῇ
359 1347 440 1386 ψυχῇ
453 1345 491 1375 τὶν
508 1342 587 1381 φίλον.
606 1342 658 1373 inf.
681 1340 787 1373 XXII.
813 1342 859 1381 36.
885 1340 959 1380 Eph.

107 1390 166 1421 VI.
200 1400 226 1420 1.
257 1392 391 1420 2.Macc.
419 1387 492 1419 XV.
527 1386 573 1416 18.
604 1388 660 1415 Cic.
688 1383 723 1414 ad
748 1385 840 1414 Attic.
865 1383 901 1414 V.
923 1392 956 1422 4.

107 1432 282 1463 Gratiffima
299 1432 342 1463 est
362 1431 440 1462 mibi
453 1438 579 1461 tuacura
587 1427 623 1458 de
641 1426 693 1457 illo
710 1435 780 1457 meo
796 1427 897 1467 primo
920 1428 956 1458 ὃς

106 1476 242 1506 maximo
258 1473 409 1506 mandato.
426 1476 515 1502 Bava
532 1469 651 1500 Bathra
660 1469 681 1500 f.
705 1468 731 1498 8.
742 1479 772 1499 2.
793 1468 957 1500 Redemtio

108 1519 301 1558 captivorum
324 1516 368 1548 est
386 1519 578 1557 praeceptum
594 1519 748 1552 magnum.
770 1510 874 1541 Abath
891 1513 957 1540 Na-

106 1560 182 1591 than
201 1559 244 1592 ΙΙ.
264 1561 347 1600 Fuge
356 1560 513 1601 peccatum
523 1562 670 1598 parvum,
691 1563 728 1584 ne
737 1562 765 1585 te
774 1553 957 1594 perducatad

103 1611 266 1645 peccatum
275 1599 606 1643 magnumfflersequere
612 1605 802 1638 praeceptum
811 1596 957 1634 leve,nam

104 1655 135 1677 te
157 1645 285 1677 adducet
307 1644 342 1675 ad
358 1650 551 1686 praeceptum
569 1647 722 1680 magnum.
766 1637 879 1678 Jalkut
894 1640 954 1669 Ru.

105 1687 169 1719 ben.
191 1688 213 1718 f.
239 1696 287 1718 11.
311 1697 341 1717 2.
379 1685 556 1722 Procreatio
573 1681 694 1713 sobolis,
708 1679 750 1710 est
766 1688 955 1721 praeceptum

103 1737 258 1772 magnum.
309 1728 447 1759 Debarim
469 1729 504 1757 R.
527 1723 583 1757 VI.
610 1722 647 1754 ad
674 1724 769 1753 Deut.
792 1721 901 1753 XXII.
921 1723 952 1754 6.

105 1771 241 1814 Qando
265 1772 396 1802 invenies
416 1768 523 1800 nidum
543 1766 646 1799 avium
663 1764 726 1796 &a
768 1763 842 1796 Hoc
856 1764 953 1805 ipsum

102 1815 146 1847 est
167 1813 250 1857 quod
268 1813 410 1856 scriptura
425 1811 499 1843 dicit
517 1813 608 1842 Prov.
631 1807 669 1840 V.
693 1809 721 1839 6.
764 1807 853 1839 Viam
871 1807 952 1839 vitae

102 1868 167 1889 non
198 1857 319 1888 librabis
335 1882 345 1898 ,
372 1854 515 1897 pulchrae
535 1853 617 1884 enirn
638 1852 706 1882 sunt
729 1849 846 1881 semitae
870 1851 950 1890 ejus,

102 1900 186 1941 quod
204 1909 235 1931 tu
251 1910 313 1930 non
329 1898 475 1938 intelligIs.
517 1893 674 1936 Qidnam
689 1892 744 1923 fibi
760 1892 949 1924 volunthaec

101 1943 212 1974 verba:
244 1942 335 1974 Viam
359 1942 437 1972 vitae
462 1948 526 1970 non
553 1935 694 1968 librabis?
716 1935 802 1966 Dixit
816 1934 860 1966 R.
883 1935 950 1966 Aba

103 1985 160 2017 Bar
184 1984 323 2016 Cahana:
347 1983 435 2015 Dixit
451 1981 522 2012 deus
538 1980 569 2010 S.
591 1978 624 2010 B.
647 1988 709 2010 non
726 1977 848 2008 librabis
865 1986 947 2017 prae-

103 2036 193 2069 cepta
209 2028 279 2069 legis
305 2026 336 2058 S.
356 2025 398 2057 D.
420 2024 488 2066 Jeſs
508 2022 582 2055 XL.
605 2031 654 2052 11.
684 2021 718 2052 &
742 2019 845 2051 statera
860 2020 947 2051 librat

102 2078 232 2103 montes.
274 2069 329 2100 Ne
352 2068 451 2108 dicas,
481 2066 550 2107 qula
581 2071 772 2106 praeceptum
795 2062 857 2092 hoc
883 2072 948 2094 ma-

102 2122 197 2155 gnum
212 2112 255 2144 est
266 2137 276 2153 ,
299 2111 404 2142 faciam
424 2108 515 2147 illud,
535 2117 605 2138 nam
623 2115 736 2138 merces
752 2104 812 2143 ejus
827 2104 869 2135 est
885 2115 950 2136 ma-

102 2166 177 2196 gna,
201 2156 235 2186 &
259 2156 327 2195 quia
352 2160 542 2195 praeceptum
567 2150 629 2180 hoc
657 2148 720 2188 leve
735 2147 794 2189 est,
815 2157 877 2178 non
893 2148 951 2178 ob-

103 2199 228 2230 servabo
247 2197 328 2228 illud.
370 2195 456 2235 Qid
474 2204 546 2225 vero
562 2193 633 2223 fecit
648 2190 732 2222 Deus
741 2190 771 2221 S.
795 2189 847 2221 Β..)
871 2189 950 2221 Non

102 2241 243 2272 revelavit
265 2239 454 2278 horninibus,
484 2244 628 2277 quaenam
651 2234 781 2274 cujusvis
804 2234 952 2274 praecepti

103 2293 220 2314 merces
244 2281 341 2313 futura
365 2282 455 2317 esset,
476 2279 562 2318 idque
577 2277 668 2316 ideo,
688 2284 719 2306 ut
728 2276 865 2306 homines
880 2285 952 2307 om·

103 2327 152 2357 nia
178 2333 333 2367 praecepta
357 2324 471 2364 integre
488 2320 676 2352 observarent
692 2319 721 2351 S.
748 2318 789 2349 D.
810 2318 950 2359 pulchrae

102 2369 169 2400 sunt
193 2368 311 2399 semitae
333 2368 411 2406 ejus,
431 2364 512 2405 quod
528 2373 561 2394 tu
578 2372 640 2393 non
658 2361 802 2402 intelligis.
846 2359 895 2393 Ut
915 2361 950 2391 s1-

102 2412 167 2442 rnili
182 2410 313 2452 quodam
331 2418 393 2439 rem
409 2406 602 2444 illustremus,
623 2414 672 2435 rex
688 2402 759 2444 fuit,
779 2403 830 2443 qui
846 2412 951 2444 opera-

102 2455 162 2484 rios
188 2452 351 2490 conduxit,
371 2460 479 2490 eosque
497 2451 526 2480 in
544 2449 667 2480 bortum
683 2445 768 2478 suum
785 2445 951 2476 introduxit

103 2496 292 2537 simpliciter,
317 2495 350 2525 &
370 2491 536 2524 mercedem
554 2500 609 2530 pro
623 2489 738 2521 cultura
747 2488 875 2519 hortieis
887 2498 951 2519 non

101 2539 232 2578 aperuit>
251 2547 288 2568 ne
305 2546 416 2576 unum,
438 2535 521 2573 cujus
531 2533 634 2573 exigua
645 2541 754 2562 merces
763 2539 841 2569 erat,
862 2532 955 2561 omit-

102 2589 218 2618 terent,
237 2578 314 2609 aliud
339 2588 429 2615 vero,
451 2578 533 2616 cujus
552 2584 658 2614 magna
675 2583 786 2604 merces
804 2581 882 2612 erat,
899 2583 954 2604 co-

101 2624 205 2653 lerent.
251 2620 379 2661 Vespere
402 2627 500 2650 autem
525 2617 653 2657 singulos
676 2617 814 2656 vocavit,
836 2616 888 2646 uni
905 2615 954 2645 di-

103 2676 190 2697 cens:
211 2664 264 2695 sub
281 2672 408 2703 quanam
425 2662 529 2692 arbore
546 2669 579 2691 tu
588 2659 750 2691 laborasti?
769 2657 947 2698 Respondit:

102 2709 156 2741 sub
172 2709 237 2739 hac.
262 2706 328 2737 Rex
343 2704 433 2736 dixit:
456 2704 539 2745 piper
556 2703 633 2741 fuit,
656 2710 769 2733 merces
798 2700 885 2741 ipsius
908 2699 951 2730 est

102 2760 205 2782 aureus
224 2758 308 2779 unuS.
354 2747 490 2779 Alterum
507 2753 597 2776 vocat
611 2744 730 2774 dicens:
753 2743 806 2773 sub
823 2751 952 2783 quanam

101 2794 208 2824 arbore
229 2800 261 2821 tu
278 2789 435 2824 laborasti}
466 2786 652 2828 Respondit,
674 2785 726 2817 sub
742 2785 800 2816 illa.
824 2784 892 2816 Rex
907 2784 953 2815 di·

101 2838 161 2867 xit:
187 2834 306 2865 Merces
321 2834 382 2872 ejus
403 2831 444 2861 est
459 2840 560 2862 aureus
575 2827 732 2868 dimidius,
754 2836 824 2858 nam
843 2837 951 2868 cappa-

103 2880 141 2909 ris
163 2877 229 2908 alba
253 2876 328 2913 fuit,
349 2874 490 2904 Tertiiim
519 2871 727 2912 interrogavit.
751 2870 804 2900 sub
819 2879 949 2910 quanam

102 2922 209 2953 arbore
226 2928 258 2950 tu
274 2912 433 2948 laborasti?
455 2913 638 2954 Respondit:
660 2912 712 2943 sub
728 2912 785 2942 illa.
822 2912 891 2942 Rex
908 2912 951 2942 di-

101 2965 161 2995 xit:
183 2961 256 2992 ficus
274 2960 347 2998 fuit,
368 2966 490 2988 mercesv
505 2956 590 2996 ipsius
609 2954 672 2985 sunt
688 2954 809 2985 ducenti
825 2954 950 2985 Zuzim.

102 3007 252 3039 Dixerunt
267 3010 365 3034 autem
383 2999 526 3039 operarii:
552 2995 800 3037 nonnepotuiffes
809 2995 897 3025 nobis
907 2996 953 3026 di-

103 3059 189 3087 cere,
210 3045 292 3083 cujus
316 3043 429 3075 arboris
445 3049 559 3072 merces
575 3048 679 3079 magna
693 3038 782 3077 esset,
803 3045 836 3067 ut
852 3036 905 3067 sub
920 3047 953 3068 ea

101 3085 322 3123 laboraremus?
345 3084 413 3117 Rex
435 3094 508 3116 vero
531 3081 699 3122 respondit:
719 3080 752 3110 Si
765 3079 795 3110 id
817 3079 905 3109 vobis
920 3090 952 3109 a·

102 3131 257 3176 peruissem
268 3153 277 3169 ,
304 3126 463 3169 quomodo
481 3133 561 3157 totus
578 3125 681 3154 hortus
699 3132 782 3154 meus
798 3123 893 3151 cultus
905 3121 951 3151 fu-

103 3176 188 3212 jss'et?
210 3173 260 3205 Sic
284 3179 405 3214 quoque
430 3169 514 3203 Deus
539 3166 708 3199 mercedem
724 3172 951 3209 praeceptorum

1002 1255 1123 1285 suorum
1147 1264 1211 1286 non
1237 1253 1349 1294 aperuit
1364 1278 1374 1294 ,
1410 1254 1540 1295 exceptis
1562 1252 1698 1294 duobus,
1719 1265 1850 1296 quorum

1001 1297 1126 1327 alterum
1134 1298 1270 1337 gravium
1281 1295 1484 1337 gravissimum
1493 1320 1503 1335 ,
1510 1296 1634 1326 alterum
1641 1296 1754 1328 levium
1763 1299 1852 1331 levis-

1003 1339 1110 1370 fimum
1137 1339 1190 1370 est.
1233 1338 1395 1370 Honorare
1418 1346 1531 1379 patrem
1548 1339 1581 1370 ὅ(
1606 1347 1732 1370 matrem
1750 1343 1850 1372 maxi-

1004 1391 1090 1412 mum
1115 1381 1155 1412 est
1177 1388 1370 1423 praeceptum
1386 1404 1396 1420 ,
1423 1381 1456 1411 &
1483 1390 1596 1411 merces
1619 1382 1680 1421 ejus
1703 1383 1763 1413 viia
1777 1383 1849 1414 lon-

1000 1434 1105 1464 gaeva:
1128 1433 1252 1455 matrem
1267 1434 1341 1455 vero
1354 1424 1456 1454 avium
1471 1424 1501 1454 in
1517 1422 1590 1453 nido
1606 1424 1730 1455 invento
1745 1423 1849 1458 diii-iit-

1001 1467 1062 1497 tere
1077 1466 1119 1497 est
1135 1475 1324 1508 praeceptum
1339 1465 1537 1506 leviffimum,
1557 1466 1590 1496 &
1601 1475 1713 1496 merces
1727 1469 1787 1506 ejus
1795 1469 1847 1500 iti-

1001 1509 1071 1548 dem
1090 1508 1130 1538 est
1150 1511 1210 1540 vita
1225 1509 1377 1550 longaeva.
1394 1509 1427 1540 δί
1447 1507 1566 1539 Medras
1576 1506 1718 1542 Schemuel
1723 1508 1792 1541 VH.
1803 1510 1846 1544 R⁸

1005 1551 1128 1583 Simeon
1146 1552 1165 1582 f.
1184 1551 1303 1591 Jochai.

1008 1623 1026 1633 -,
1042 1593 1188 1627 Ufitatior
1203 1603 1303 1625 tamen
1320 1592 1396 1635 apud
1411 1593 1487 1634 ipsos
1503 1593 1544 1624 est
1561 1594 1753 1626 dIstinffioin
1762 1605 1844 1638 prae-

1000 1643 1087 1676 cepta
1110 1637 1210 1675 gravia
1228 1638 1261 1668 ὃς
1278 1636 1371 1676 levia,
1387 1636 1450 1667 vid.
1472 1636 1547 1666 infra
1566 1636 1678 1668 XXIII
1708 1648 1760 1679 23.
1776 1641 1845 1679 ‚qui-

997 1677 1053 1708 bus
1069 1678 1158 1709 etiam
1174 1678 1328 1709 accensent
1346 1677 1475 1708 instituta
1492 1678 1730 1720 Pharisaeorum,
1752 1689 1784 1712 ut
1793 1689 1844 1722 pa.

997 1727 1037 1749 tet
1059 1729 1095 1750 ex
1119 1719 1237 1751 Codice
1268 1719 1404 1760 Edajoth.
1439 1719 1631 1751 Manifestum
1656 1730 1754 1754 autem
1779 1716 1845 1763 est,³

997 1760 1152 1793 Christum
1179 1762 1230 1793 hic
1254 1773 1316 1794 non
1341 1762 1553 1794 commendare
1577 1773 1748 1806 praecepta,
1767 1775 1844 1807 quae

996 1802 1156 1836 Pharisaeis
1171 1814 1243 1837 tunc
1266 1805 1341 1836 levia
1363 1813 1413 1837 aut
1436 1815 1524 1846 parva
1541 1807 1742 1838 vocabantur:
1761 1810 1844 1840 mul-

993 1855 1058 1878 tum
1075 1849 1156 1878 enim
1175 1848 1287 1889 abfuit,
1310 1857 1343 1879 ut
1358 1847 1412 1879 illis
1428 1848 1584 1889 discipulos
1598 1849 1665 1881 suos
1681 1850 1843 1892 adstringe-

993 1899 1023 1938 re
1040 1890 1138 1922 vellet.
1182 1890 1240 1922 Sed
1259 1890 1392 1932 intelligit
1411 1900 1586 1932 praecepta,
1606 1902 1679 1933 quae
1696 1903 1778 1927 erant
1788 1896 1842 1935 ju-

992 1942 1030 1962 ris
1053 1934 1205 1973 perpetui,
1226 1933 1262 1963 de
1285 1934 1392 1974 quibus
1410 1935 1439 1964 in
1454 1934 1697 1965 antecedentibus
1710 1936 1745 1968 δε
1762 1945 1841 1968 con-

990 1973 1174 2015 sequentibus
1193 1976 1290 2007 sermo
1308 1975 1366 2013 est,
1389 1978 1436 2005 τόν
1452 1979 1568 2011 inoffi,
1590 1979 1621 2007 in
1641 1987 1772 2017 quorum
1780 1989 1840 2010 nu-

991 2025 1075 2048 mero
1097 2026 1198 2058 erant,
1230 2028 1302 2059 quae
1324 2029 1387 2049 non
1413 2028 1554 2057 magnum
1572 2019 1679 2050 habere
1699 2029 1840 2052 momen-

990 2067 1056 2091 tum
1073 2060 1248 2092 hominibus
1263 2061 1309 2093 vel
1327 2071 1415 2101 prava
1429 2060 1615 2092 institutIOne
1629 2061 1675 2094 vel
1685 2064 1759 2094 vitio
1767 2073 1840 2095 cor-

992 2103 1085 2143 ruptis
1104 2103 1196 2143 videri
1215 2111 1360 2145 poterant.
1393 2104 1463 2144 Jac.
1485 2102 1524 2134 11.
1548 2113 1596 2133 ιο.
1639 2105 1840 2138 BemidbarR.

994 2141 1037 2175 X.
1080 2145 1231 2178 Dixerunt
1256 2145 1409 2187 sapientes:
1432 2146 1522 2187 longe
1539 2145 1603 2177 esto
1619 2157 1634 2177 a
1650 2157 1777 2188 peccato
1796 2149 1845 2181 le-

995 2189 1046 2228 vi,
1066 2198 1102 2218 ne
1118 2196 1145 2219 te
1163 2188 1284 2220 inducat
1302 2190 1332 2220 in
1349 2199 1448 2229 grave.
1836 2186 1841 2190 ’

1032 2230 1155 2278 ἐλᾴχιςος
1163 2231 1499 2274 κληθήσεται](ἰτεεσὴυ5
1509 2231 1585 2272 apud
1597 2231 1783 2266 A.Gell.XV.
1791 2244 1840 2267 12.

993 2282 1132 2303 omnium
1157 2276 1313 2306 nationum
1335 2274 1599 2313 postremissimum
1614 2276 1841 2315 nequiffimum-

994 2325 1051 2355 que
1076 2316 1281 2348 existimatote.
1324 2316 1561 2353 contemnetur,
1584 2317 1666 2348 nullo
1690 2319 1762 2349 loco
1787 2320 1841 2351 ha-

995 2358 1123 2391 bebitur.
1163 2362 1227 2399 Sap.
1260 2358 1312 2390 VI.
1334 2360 1363 2389 6.
1384 2361 1517 2390 2.Macc.
1536 2358 1624 2391 VIII.
1648 2368 1695 2401 35.
1723 2375 1843 2392 wasna-

995 2400 1046 2436 θεὶς
1061 2401 1104 2433 {aar}
1120 2406 1165 2432 τῶν
1181 2402 1244 2432 κατ’
1258 2402 1332 2431 aar&
1347 2402 1509 2441 νυμιιζομιένων
1527 2402 1651 2438 ἔλαχέ-ων
1667 2402 1732 2434 asma.
1773 2404 1839 2436 Mi·

994 2443 1070 2473 nimi
1091 2445 1284 2475 aestimantur
1305 2443 1410 2483 Judaei
1433 2454 1450 2474 a
1474 2443 1651 2484 Nicanore,
1671 2446 1723 2485 qui
1737 2455 1787 2477 eos
1803 2455 1840 2478 ut

994 2485 1132 2517 viliffima
1156 2487 1302 2526 mancipia
1327 2486 1497 2518 venditurus
1519 2495 1648 2517 venerat.
1669 2487 1721 2518 inf.
1744 2487 1839 2520 XIX.

997 2537 1045 2569 30.
1069 2529 1204 2570 Chrysost.
1225 2528 1348 2565 ἔλσίχιςης
1363 2528 1423 2559 ‘tgr'
1438 2532 1485 2559 ἐςιν
1499 2529 1692 2568 ἇπερῤιμιμαίνις,
1710 2529 1838 2566 ’lezana-oe.

994 2570 1189 2611 Demosthenes
1199 2581 1227 2602 c.
1251 2571 1391 2602 Midiam.
1403 2570 1536 2604 ἐλάττονος
1547 2570 1615 2608 ’ἄξιος
1623 2575 1659 2602 ἐςι
1668 2584 1700 2601 τε
1709 2573 1837 2611 μικροτά-

995 2628 1039 2644 του
1056 2618 1075 2642 ἐν
1093 2616 1147 2652 ὑμῖν
1170 2613 1259 2644 vilior
1274 2614 1327 2645 erit
1343 2614 1467 2644 homine
1482 2613 1557 2654 apud
1567 2622 1619 2643 vos
1628 2613 1835 2653 abjedh‘ffimo.

1035 2657 1144 2687 Livius
1168 2656 1206 2688 V.
1238 2666 1286 2698 17.
1336 2655 1444 2696 Ingens
1475 2656 1542 2685 inde
1580 2655 1678 2686 haberi
1702 2658 1838 2698 captIvus

994 2707 1075 2738 vates
1099 2707 1234 2739 coeptus.
1283 2698 1363 2729 Plut.
1393 2697 1525 2738 Pelopid.
1547 2707 1617 2736 294.
1642 2696 1674 2728 B.
1694 2702 1705 2726 ό
1723 2700 1839 2739 affigi?-

994 2744 1036 2777 ξης
1057 2741 1168 2780 ἕχοιιρενς
1189 2741 1235 2771 κει)
1260 2741 1299 2770 τὶν
1323 2739 1460 2770 Πελοπῖθσιν
1480 2738 1520 2769 1ἔτι
1539 2733 1790 2782 μᾶλλονιῖθειᾶμιιζι
1804 2743 1842 2785 τί

995 2783 1070 2825 δόξῃ,
1091 2783 1137 2814 καὶ
1152 2783 1238 2821 μέγαν
1255 2785 1326 2813 {nasia
1341 2787 1396 2815 ταῖς
1412 2785 1511 2818 τιμαῖς.

1034 2835 1085 2855 20.
1106 2830 1192 2855 πλεῖον
1214 2827 1262 2855 r&
1285 2822 1462 2862 γραμματέων
1486 2823 1530 2853 καὶ
1546 2825 1708 2868 papae-octbr]
1730 2824 1838 2857 Phari-

992 2866 1047 2899 saei
1072 2867 1192 2908 possunt
1218 2866 1341 2906 spectari
1365 2873 1415 2896 aut
1439 2864 1537 2905 quales
1551 2874 1652 2907 erant,
1673 2876 1721 2898 aut
1738 2869 1838 2909 quales

991 2910 1180 2941 videbantur.
1224 2908 1358 2947 Plerique
1389 2915 1424 2937 ex
1455 2906 1575 2938 illorum
1609 2918 1735 2941 numero
1757 2919 1840 2942 erant

994 2953 1168 2983 mortalium
1194 2949 1331 2991 pessimi,
1358 2950 1512 2989 progenies
1533 2951 1699 2992 viperarum
1740 2952 1779 2993 hy
1803 2964 1841 2984 o-

995 2995 1103 3030 critae‚
1132 2991 1267 3029 scelesti3
1296 2993 1335 3023 ita
1358 2990 1556 3033 depinguntur
1574 2993 1678 3024 Mmh
1710 2963 1837 3027 XXIII.

998 3036 1155 3070 Pauciores
1171 3044 1243 3066 vcro
1259 3042 1308 3066 aut
1324 3043 1423 3074 erant,
1444 3043 1493 3066 aut
1510 3035 1622 3076 populo
1639 3035 1738 3068 saltem
1755 3037 1839 3069 vide-

996 3079 1103 3110 bantur
1126 3077 1269 3116 inculpati
1285 3075 1395 3115 justitia
1419 3077 1449 3106 in
1472 3076 1536 3118 lege
1563 3076 1633 3117 sita,
1662 3079 1696 3110 ὅ(
1713 3088 1748 3111 ex
1764 3079 1839 3111 reeta

993 3119 1144 3159 religionis
1174 3119 1314 3159 judaicae
1353 3117 1531 3151 exactissima
1561 3121 1703 3152 vIventes.
1764 3121 1839 3152 Aa.

994 3161 1119 3197 XXVI.
1144 3171 1172 3202 5.
1192 3159 1268 3195 Phil.
1291 3160 1345 3194 111.
1370 3162 1397 3194 6.
1422 3162 1495 3194 Luc.
1517 3161 1636 3195 XVIII.
1660 3171 1710 3196 ιι.
1732 3163 1839 3196 12.18.

1795 3214 1845 3247 ¹9³
