1976 3519
441 278 1437 327 PROLEGOMENA.·
1722 289 1800 337 169

77 381 157 411 tum
175 383 197 409 a
217 369 368 410 nemine
386 380 561 409 vexatum
582 368 708 413 fuisse,
736 366 800 408 sed
817 370 868 408 eov
885 367 999 420 pasto
1022 366 1089 407 fibi
1109 368 1209 406 viam
1229 368 1279 408 ad
1299 368 1464 411 honores
1484 373 1522 410 ὃς
1543 369 1592 410 ad
1614 385 1692 412 rem
1721 373 1798 414 lau*

76 438 176 473 tam,
207 424 246 464 in
276 438 350 477 qua
380 423 496 474 vivit,
527 424 714 463 stravisse?
743 434 807 462 aut
837 423 920 476 quis
949 421 1054 461 illum
1082 422 1304 463 describeret
1326 451 1337 468 ‚
1367 438 1547 479 tanquam
1579 426 1798 479 hominem,

75 480 141 532 qui
161 492 240 519 rem
261 480 299 518 vi
319 490 442 533 gerat,
473 478 554 517 aliis
575 477 655 517 suas
673 478 876 531 opiniones
896 476 1097 527 obtrudat,
1126 477 1219 517 alios
1247 478 1369 518 oculis
1395 479 1467 520 suis
1494 481 1548 520 uti
1566 495 1676 535 aegre
1703 485 1798 527 ferat

74 538 145 573 &e
175 565 186 584 ,
216 548 302 574 cum
330 534 410 587 ejus
438 533 490 573 rei
519 532 661 572 nullum
691 545 851 586 usquam
880 531 1063 571 indicium
1091 532 1336 573 ostendisset?
1367 537 1447 574 Cur
1469 549 1543 590 ego
1565 535 1730 593 denique
1747 541 1798 581 de

75 589 114 628 vi
135 593 171 628 ὃ(
193 589 372 636 violentia
391 589 470 641 ejus
489 600 738 640 conquererer
754 617 766 636 ,
797 601 911 641 quem
932 586 1027 626 mihi
1046 598 1108 627 aut
1129 601 1267 627 nocere
1289 589 1394 640 posse
1423 602 1487 630 aut
1516 604 1654 632 nocere
1681 595 1796 646 velle,

75 657 156 683 non
183 646 262 684 era't
288 641 559 682 metuendum?
598 641 713 682 Adde
739 642 797 682 his
825 643 931 695 paria
960 641 1035 696 legi
1061 643 1101 681 in
1127 641 1204 683 fine
1231 642 1596 697 Prolegomenorum
1627 649 1799 700 priorum

74 711 112 751 p.
146 711 235 737 201,
263 710 358 751 quae
376 709 476 737 certe
496 697 720 750 Bengelium
738 711 819 736 non
845 696 1037 750 petebant.

134 766 152 792 2
160 765 195 805 7.
224 752 271 792 ib.
301 752 461 804 Censor,
494 764 568 790 non
593 760 676 791 tam
707 752 805 791 male
825 760 864 791 te
889 752 1010 805 ipsum
1028 750 1073 791 de
1091 766 1149 791 me
1171 752 1387 805 existimare
1409 780 1421 800 ‚
1441 754 1563 806 firma
1570 757 1671 810 fiint
1693 759 1797 799 india

74 810 157 847 cia:
203 805 251 845 ed
270 804 317 845 id
343 806 493 846 laboras
516 835 528 855 ,
556 815 602 845 ut
630 806 703 846 alii
734 820 849 861 quam
865 805 1016 860 peffme
1045 806 1090 846 de
1120 821 1175 846 me
1195 807 1425 860 existiment.
1481 810 1589 852 Haec
1608 813 1693 854 sunt
1712 813 1797 855 ἀσό-

73 877 203 910 ςατοι,
226 861 349 914 neque
369 875 536 916 unquam
558 872 622 901 aut
640 862 784 907 extitit,
813 873 878 902 aut
898 861 1028 901 existet
1048 863 1106 902 vir
1127 863 1287 914 probus,
1314 864 1374 903 cui
1395 863 1488 904 haec
1510 865 1714 921 descriptio
1734 882 1799 911 tua

71 916 274 956 convenire
288 915 410 968 possit.
466 915 617 957 Vellem
624 915 749 967 firma
767 916 839 956 illa
857 916 1027 966 indicia,
1057 918 1192 970 quibus
1221 932 1283 958 me
1312 932 1392 958 non
1414 920 1511 960 male
1529 920 1579 962 de
1611 934 1648 963 te
1673 926 1798 965 existi-

71 984 173 1011 mare
203 970 361 1024 probas,
391 969 590 1018 edidisses3
619 986 667 1011 eo
693 972 797 1011 enirn
826 972 938 1024 pacto
969 971 1153 1025 posterius
1180 975 1232 1012 tui
1254 972 1376 1013 ass'erti
1407 974 1544 1015 lemma
1571 979 1795 1021 evertissem.

71 1024 242 1066 Laudavi
260 1025 438 1078 equidem
458 1029 494 1065 ἃ
515 1026 630 1066 laudo
650 1026 887 1080 diligentiam
907 1038 1010 1067 tuam
1023 1053 1033 1071 ‚
1056 1027 1223 1080 gratulor
1245 1028 1412 1068 felicitati
1440 1042 1547 1076 tuae,
1577 1033 1685 1086 quod
1704 1036 1798 1076 mul-

71 1092 108 1120 ta
129 1080 265 1134 partim
285 1081 427 1134 primus
446 1081 593 1130 eruisti,
614 1081 752 1134 partim
772 1083 915 1134 primus
933 1081 1095 1122 edidisti.
1126 1083 1191 1122 Est
1213 1094 1339 1123 tamen
1360 1084 1467 1137 quod
1487 1085 1526 1124 in
1542 1098 1579 1126 te
1596 1087 1794 1136 desidero,

71 1147 151 1176 tum
181 1135 286 1189 quod
314 1135 354 1174 in
382 1135 576 1175 credendo
603 1150 736 1190 parum
765 1148 895 1176 cautus
926 1137 1200 1177 malevolorum
1226 1138 1504 1191 suggestiones,
1534 1144 1727 1194 convicia,
1757 1151 1797 1186 δε

71 1190 266 1230 mendacia
286 1191 561 1244 propagavffli,
583 1191 689 1244 cujus
708 1192 855 1246 generis
875 1192 1058 1231 nonnulla
1079 1193 1241 1232 invitum
1260 1207 1320 1232 me
1340 1194 1407 1233 tibi
1429 1195 1594 1246 objicere
1613 1200 1796 1254 coegisti;

70 1245 163 1285 haec
181 1260 202 1284 a
219 1244 378 1299 persona
394 1249 506 1285 tua&
525 1260 545 1285 a
566 1247 733 1286 moribus
754 1247 827 1286 tuis
850 1246 933 1286 sunt
954 1247 1093 1287 aliena:
1120 1259 1201 1287 tum
1221 1247 1329 1302 quod
1349 1248 1389 1287 in
1410 1249 1567 1290 alterum
1585 1264 1797 1295 extremum

69 1299 239 1353 delapsus
269 1313 313 1339 ea
331 1299 476 1350 scribis,
507 1315 605 1355 quae
633 1301 679 1341 ab
702 1302 859 1341 homine
889 1301 1056 1342 fanatico
1077 1304 1204 1356 potius
1233 1316 1348 1356 quam
1369 1303 1520 1344 Critico
1549 1307 1719 1359 prestita
1745 1311 1799 1350 vi-

68 1354 149 1395 deri
168 1354 317 1408 posfint.
348 1354 450 1409 Des.
481 1369 517 1409 p.
546 1368 611 1409 43.
640 1356 781 1409 Censor
803 1358 843 1395 in
866 1357 1083 1396 rationibus
1103 1357 1326 1397 decidendae
1353 1357 1556 1400 lectionum
1577 1365 1796 1405 varietatis

68 1409 357 1463 infiiffi'cientem
384 1409 569 1450 admittit
595 1413 918 1451 enumerationem
939 1414 1137 1466 partium,
1168 1410 1215 1457 ὠ
1245 1412 1290 1452 id
1309 1417 1529 1468 praeterit,
1559 1418 1662 1471 quod
1679 1433 1795 1460 imum

68 1467 233 1505 omnium
260 1466 430 1505 maxime
457 1465 513 1506 ad
541 1464 757 1518 decisionem
787 1466 988 1506 conducere
1006 1467 1101 1523 jam
1122 1467 1289 1522 jamque
1319 1467 1548 1510 videbimus.
1585 1472 1635 1513 Et
1665 1488 1701 1527 p.
1734 1487 1797 1524 51.

68 1519 135 1559 Ab
164 1519 336 1559 omnibus
367 1528 496 1560 tamen
525 1521 709 1571 ejusmodi
738 1521 986 1561 adminiculis
1018 1536 1078 1560 res
1108 1522 1263 1562 tandem
1294 1522 1378 1562 abit
1405 1524 1460 1564 ad
1479 1538 1616 1566 munus
1635 1527 1798 1569 divinae

70 1574 357 1616 GRATIAE.
414 1575 504 1615 Hoc
533 1576 748 1630 magisterio
770 1575 1145 1618 CHARACTER
1167 1577 1233 1617 ille
1248 1577 1480 1631 fingularis‚
1503 1594 1610 1634 quem
1632 1588 1800 1637 quaevis

59 1632 228 1682 genuina
248 1629 383 1679 let't'io,
411 1629 625 1684 lacestta,
650 1632 840 1684 uofizpore
865 1634 1122 1682 comitatum,
1138 1646 1272 1686 gerere
1287 1633 1416 1686 solet,
1447 1632 1523 1676 IN
1526 1636 1603 1678 TE
1609 1638 1748 1681 RDU
1745 1640 1805 1681 ΔΙ

67 1683 407 1735 CERNJTUR,
437 1684 699 1727 SAEPIUS
726 1685 1066 1731 GUSTATUR‚·
1095 1687 1167 1726 hoc
1173 1687 1338 1742 jubare,
1370 1691 1557 1745 quicquid
1575 1694 1798 1734 mortalium

68 1752 171 1788 mos,
189 1740 345 1791 sensus,
377 1739 585 1789 voluntas,
604 1740 809 1793 socordia,
846 1740 1071 1790 monstras,
1100 1741 1191 1781 olim
1220 1742 1292 1781 vel
1316 1754 1431 1796 nuper
1450 1775 1461 1794 ,
1491 1748 1533 1785 in
1565 1748 1703 1788 multis
1731 1749 1801 1789 vel

62 1796 200 1847 paucis
219 1793 350 1844 libris,
376 1793 592 1849 plerumque
611 1795 788 1839 addidit,
821 1795 867 1839 (J
897 1796 1093 1834 interdum
1121 1796 1275 1849 dempsit
1308 1798 1380 1837 vel
1403 1802 1675 1851 permuta-vit,
1706 1812 1796 1844 tan-

69 1862 185 1902 quam
213 1847 323 1894 fucus
350 1849 572 1902 discutitur.
602 1851 694 1891 Var.
724 1849 810 1889 leti.
843 1863 879 1902 p.
911 1863 1004 1901 770.
1035 1850 1083 1891 de
1112 1851 1201 1891 loco
1237 1865 1269 1892 1.
1288 1850 1358 1904 Jo.
1389 1851 1436 1892 V.
1469 1867 1518 1905 7,
1553 1857 1587 1895 8.
1642 1857 1704 1897 Et
1736 1868 1798 1899 ta-

70 1917 154 1942 men
183 1905 303 1942 etiam
332 1913 450 1957 atque
469 1906 589 1943 etiam
608 1905 767 1958 sperare
799 1904 916 1954 licet,
938 1905 977 1955 fi
1003 1919 1076 1945 non
1105 1907 1386 1959 autographum
1414 1908 1686 1958 Johannaeum
1706 1945 1719 1964 ,
1751 1923 1798 1954 at

69 1958 167 1997 alios
197 1957 462 2008 vetustisstmos
483 1958 639 1998 Codices
659 1960 827 1998 Graecos
848 1989 859 2008 ‚
890 1962 958 2012 qui
987 1960 1089 1999 hanc
1109 1961 1326 2014 periochem
1352 1962 1523 2004 habeant
1543 1996 1554 2014 ‚
1583 1967 1625 2005 in
1655 1969 1800 2010 ocultis

65 2012 341 2066 providentiae
359 2013 519 2053 divinae
538 2013 680 2062 forulis
701 2013 828 2053 adhuc
847 2012 1038 2064 latentes,
1086 2029 1130 2054 uo
1154 2024 1319 2066 tempore
1342 2017 1570 2068 produt—tum
1594 2023 1658 2062 iri.
1689 2026 1728 2063 &
1757 2038 1795 2078 p.

67 2068 166 2124 688.
196 2068 233 2107 in
266 2069 353 2108 Gal.
381 2069 450 2110 IV.
483 2069 546 2109 28.
578 2068 717 2109 Totum
737 2069 960 2122 verfitmsic
979 2069 1179 2121 constituit
1209 2071 1434 2125 Bentlejus;
1466 2069 1519 2114 τὸ.
1539 2071 1574 2114 δὲ
1594 2070 1715 2130 ’Άγαρ
1744 2098 1802 2118 συ-

174 2134 304 2144 mmm

74 2151 188 2187 ςοιχει
206 2152 250 2187 τῃ
273 2153 317 2174 νυν
337 2133 563 2184 Ἱερεσοιλῆμ,
581 2134 710 2175 &minet
726 2134 800 2188 γεὶς
821 2146 881 2176 κλ.
895 2168 905 2185 ,
935 2145 979 2176 ut
1003 2135 1089 2176 2sz
1108 2135 1173 2187 ’ὄρος
1195 2135 1264 2181 {Tar
1287 2135 1313 2176 ἓν
1343 2138 1390 2189 τῆ
1412 2139 1570 2191 Ἀραβίᾳ
1588 2142 1646 2196 stt
1666 2145 1804 2199 gloffa,

74 2191 274 2243 Approbat
292 2191 460 2240 Millius,
479 2191 646 2244 sednon
667 2192 877 2244 intrepide,
906 2202 1061 2244 propter
1089 2196 1310 2232 unanimem
1337 2194 1508 2234 codicum
1536 2200 1579 2237 in
1606 2199 1678 2239 hoc
1706 2203 1804 2241 inci.

71 2247 111 2297 [ὸ
131 2247 356 2299 confinfitm.
384 2247 524 2287 Minus
544 2247 691 2300 trepide
719 2246 845 2288 editor
874 2245 1099 2295 δίγλωττος,
1130 2250 1197 2303 qui
1225 2262 1454 2289 communem
1472 2252 1631 2304 sensnm
1659 2260 1804 2308 quovis

75 2300 343 2354 Manufcripto
364 2303 621 2356 antiquiorem
642 2303 844 2352 causatus,
870 2313 939 2355 pro
959 2302 1042 2341 illis
1066 2302 1196 2342 verbis
1217 2300 1258 2342 τὸ
1282 2302 1541 2358 γσῖς-συτῖοιχεῖ
1555 2306 1590 2347 δὲ
1603 2340 1613 2359 ,
1629 2318 1803 2351 tantum-

76 2351 305 2408 modo'legit
333 2354 582 2407 ἦσυς-οιχέσοι.
644 2358 831 2410 ATQUI
864 2357 1021 2397 HAEC
1050 2357 1184 2398 NON
1215 2359 1511 2402 COMMUNI
1541 2363 1643 2404 SED
1673 2367 1806 2407 APO-

75 2410 320 2451 STOLICO
349 2411 527 2451 SENSU
557 2412 890 2452 CONSTANT.
945 2413 1021 2453 His
1042 2412 1172 2452 similia
1190 2413 1262 2468 legi
1286 2415 1324 2453 in
1346 2415 1393 2455 C.
1426 2416 1484 2456 Μ.
1517 2418 1682 2471 ῬῘιιῄῖἑ,
1711 2422 1806 2463 civis

76 2465 152 2511 tui,
182 2465 355 2517 Differt.
377 2466 422 2505 de
445 2469 575 2506 variis
596 2466 653 2506 N.
685 2466 728 2507 T.
754 2467 981 2507 lectionibus
1009 2481 1045 2520 p.
1079 2481 1171 2515 225.
1206 2483 1238 2508 2.
1259 2469 1344 2509 Cor.
1378 2468 1424 2508 V.
1457 2484 1489 2524 3.
1525 2474 1711 2526 Vulgaris
1737 2476 1804 2515 ha—

76 2519 139 2558 bet
160 2520 296 2560 let‘iio:
325 2519 396 2569 εἴγε
415 2517 475 2560 καὶ
497 2520 697 2570 ἐνδυσάμενοι
714 2553 724 2572 ‚
747 2525 768 2560 ε’
789 2519 906 2570 ’γυμνοὶ
926 2520 1189 2573 εὑρεθησόμεθα.
1221 2523 1447 2566 SENSUS
1475 2528 1807 2571 COMMUNIS

78 2574 210 2628 utique
228 2576 356 2626 docet,
386 2590 492 2622 eum,
520 2580 587 2631 qui
609 2576 710 2627 vesle
729 2577 891 2616 indutus
911 2578 981 2628 est,
1010 2591 1083 2617 non
1103 2577 1171 2629 effe
1190 2578 1342 2620 nudum.
1401 2579 1498 2623 Non
1524 2586 1657 2639 itaque
1670 2585 1808 2639 proba-

78 2629 151 2668 bile
173 2629 245 2682 est,
275 2631 376 2670 talia
399 2632 519 2686 ipfitm
535 2631 693 2684 pofiuffe
714 2631 948 2686 Apostolum.
988 2633 1064 2673 His
1084 2632 1210 2683 addo,
1243 2648 1339 2687 quae
1359 2634 1530 2689 scripfisti
1554 2640 1592 2678 in
1616 2640 1811 2681 Gnomone

78 2697 113 2738 p.
150 2686 238 2733 198.
275 2685 324 2726 ad
365 2686 491 2725 filare.
520 2685 634 2727 XVI.
672 2699 729 2737 17.
761 2684 943 2728 Γλῶσσαιις
974 2685 1151 2728 >tanlquam
1179 2688 1306 2730 καιναῖς
1337 2691 1470 2742 novis)
1503 2694 1586 2735 IIS
1605 2726 1616 2744 ,
1645 2697 1811 2749 ⁴QU'AS

77 2737 302 2781 NULLA
339 2739 534 2781 NATIO
574 2740 796 2783 ANTEA
837 2741 1193 2784 HABUERAT.
1251 2758 1280 2784 1.
1301 2745 1386 2784 Cor.
1428 2747 1520 2788 XII.
1570 2763 1631 2789 10.
1698 2751 1808 2792 Nam

79 2794 172 2835 Att‘.
200 2795 248 2835 ΙΙ.
279 2807 317 2846 4.
346 2795 499 2850 linguae
516 2796 783 2847 Parthorum,
805 2797 1009 2838 Medorum
1035 2797 1115 2841 &a
1138 2798 1231 2838 aliae
1253 2799 1459 2852 dicuntur,
1488 2816 1562 2843 non
1580 2819 1713 2846 novae.

136 2850 198 2890 28.
227 2864 263 2903 p.
298 2863 360 2899 55.
416 2881 442 2901 ,‚
471 2851 510 2891 Si
531 2853 695 2905 primum
713 2852 902 2906 specimen
923 2853 1025 2905 ejus,
1058 2864 1099 2892 ut
1131 2855 1170 2892 ὅ(
1198 2854 1475 2908 Prolegomena
1493 2888 1505 2908 ,
1534 2858 1676 2899 deinde
1708 2861 1809 2902 hanc

81 2928 108 2952 2,
137 2903 215 2955 ejus
234 2905 444 2955 censuram,
474 2907 665 2959 postremo
684 2921 728 2947 ea
748 2921 844 2961 quae
865 2907 914 2947 ad
935 2907 1151 2948 Gerardum
1177 2922 1198 2947 a
1219 2909 1422 2950 Mastricht
1453 2915 1615 2954 contulit
1632 2946 1643 2964 ,
1671 2918 1812 2957 exami-

81 2986 108 3006 ‚,
137 2971 222 3005 nes;
251 2959 533 3012 deprehendas,
562 2975 649 3002 eum
679 2963 777 3002 intra
788 2964 867 3015 sex
888 2976 1009 3002 annos
1029 2963 1194 3003 rationes
1225 2963 1326 3014 suaS,
1356 2969 1685 3022 typographorum
1715 2971 1813 3012 dun-

84 3038 110 3056 „
141 3024 241 3051 taxat
257 3027 374 3067 opera
394 3017 670 3069 promulgatas,
700 3026 761 3056 ter
789 3016 983 3057 retexuisse
1000 3048 1011 3066 ,
1038 3020 1076 3057 &
1100 3017 1255 3071 quidem
1278 3019 1316 3059 in
1346 3021 1389 3060 iis
1419 3024 1605 3075 partibus,
1637 3039 1733 3078 quae
1761 3026 1812 3066 ad

83 3096 109 3115 „
139 3066 313 3107 interiora
334 3070 386 3108 rei
407 3071 607 3122 pertinent.
639 3071 913 3126 Undecunque
932 3071 1008 3112 hoc
1029 3072 1297 3125 proficiscitur,
1321 3074 1517 3117 firmitudo
1538 3079 1664 3118 cordis
1684 3079 1810 3124 deest,

84 3150 109 3169 ,‚
140 3124 179 3159 &
195 3120 296 3161 casus
315 3125 457 3163 externi
478 3126 601 3165 varios
621 3127 799 3176 affeftus,
823 3126 1005 3167 fincerum
1022 3127 1206 3180 judicium
1227 3129 1513 3180 obnubilantes,
1540 3136 1809 3186 pepererunt’'.

84 3175 182 3216 Non
202 3186 278 3226 ter,
306 3188 346 3218 ut
363 3177 444 3229 jam
463 3179 651 3221 ostensum
668 3182 743 3233 est,
771 3181 837 3224 sed
866 3181 976 3222 semel
1006 3182 1231 3276 {emendam
1251 3185 1412 3235 mutavi,
1441 3186 1658 3228 recedendo
1681 3202 1702 3227 a
1729 3187 1812 3226 sen-

1733 3253 1815 3283 ten-
