1976 3519
488 214 1488 259 PROLEGOMENA.
1793 236 1841 265 11

105 302 176 345 ubi
198 312 300 343 certa
318 302 535 344 testimonia
554 302 713 351 desunt,
741 301 887 343 duetus.
942 301 1074 341 Primo
1096 300 1216 356 figura
1234 300 1426 343 literarum
1448 303 1503 344 est
1516 303 1670 359 elegans
1683 309 1728 346 ὃς
1756 309 1846 351 Ale.

107 357 306 399 xandrina.
361 358 471 399 Licet
491 369 620 398 autem
638 371 776 412 negare
797 357 917 397 nolim
930 391 940 406 ,
967 357 1140 410 juniores
1158 356 1274 397 etiam
1294 357 1382 396 alibi
1403 358 1659 401 charaeterem
1679 375 1846 408 veterem

103 416 145 453 &
173 413 477 454 Alexandrinum
507 413 647 453 imitari
675 411 862 465 potuisse,
890 412 954 452 ubi
973 423 1101 452 tamen
1122 412 1162 451 in
1182 411 1301 451 dubio
1320 425 1379 452 res
1397 413 1470 462 est,
1503 416 1734 467 probabilius
1753 420 1847 462 sem-

103 481 173 523 per
194 469 288 519 erit,
316 479 483 509 veterem
503 467 578 508 esst:
598 471 638 507 ὅ(
658 466 985 517 Alexandrinum,
1017 481 1133 521 quam
1154 466 1345 508 imitatum
1364 470 1405 506 δε
1423 481 1545 522 nuper
1563 470 1743 514 effistum.
1786 478 1848 519 De

102 536 154 564 eo
173 523 387 564 charastere
406 522 615 578 loquuntur
637 534 763 575 patres
780 521 930 577 Synodi
950 522 1251 574 Constantinop.
1271 522 1383 563 VIII.
1412 523 1559 575 dietae,
1589 525 1653 566 ubi
1673 529 1723 570 de
1743 531 1848 579 Pho-

103 578 162 619 tio
181 578 400 619 Patriarcha
419 589 560 632 agunt:
591 576 837 631 Σύγγςσιμμα.
855 575 1153 628 καταρτισοίμενος
1171 574 1232 617 ἐπὶ
1253 575 1519 619 παλαιοτάτων
1539 579 1701 633 Χοιςτῖων
1727 585 1850 638 γςοίμ..

99 649 203 680 μασιν
221 632 476 686 Ἀλεξανδρινοῖς
495 630 555 675 τὴν
575 632 751 685 ἀρχαϊκὴν
770 630 926 681 μοίλιςόι
943 630 1153 684 χειροθεσίαν
1172 629 1402 681 μιμησάμενος
1421 632 1566 686 γςοίφει.
1597 636 1745 680 Eadem
1766 642 1848 684 lire-

101 701 228 729 rarum
257 687 380 742 figura
407 689 587 742 congruit
618 702 707 729 cum
738 689 918 741 Copticis
937 688 978 728 id
997 688 1052 728 est
1071 688 1324 742 AEgyptiacis.
1377 689 1500 730 Porro
1528 691 1847 748 orthographiam

103 743 171 795 iste
194 742 318 783 codex
340 743 522 799 negligit,
550 755 593 784 ut
622 744 686 784 alii
705 758 752 785 ex
773 744 953 798 AEgypto
973 742 1076 783 allati
1102 757 1250 784 omnes.
1292 743 1448 784 Deinde
1467 745 1621 787 easdem
1644 749 1849 795 Leffiones

101 797 238 850 habet,
269 812 366 852 quae
392 799 632 852 reperiuntur
660 811 744 840 tum
777 799 882 853 apud
909 798 1100 852 Cyrillum
1131 797 1454 849 Alexandrinum,
1485 811 1567 841 tum
1598 802 1639 842 in
1661 803 1849 850 Verfione

101 852 272 906 Coptica
300 853 341 892 in
370 853 552 908 AEgypto
585 853 794 904 adornata,
823 854 864 893 in
885 853 1187 908 Evangelistario
1209 854 1550 896 Arabico-Graeco
1567 887 1580 907 ‚
1607 859 1716 911 quod
1737 863 1850 905 nobis

100 906 244 948 sextum
273 908 351 958 est,
378 912 417 949 δε
440 910 480 948 in
501 910 674 964 margine
692 909 890 951 Versionis
910 909 1085 963 Syriacae
1104 908 1324 964 posterioris
1343 939 1356 960 ‚
1385 922 1473 951 cum
1503 911 1591 953 MS.
1619 912 1772 958 Graeco
1792 920 1849 960 A-

100 961 317 1004 lexandriae
338 964 403 1003 A0.
433 967 481 1003 61
494 976 526 1014 5.
547 964 716 1005 collatae.

104 1065 109 1071 ¹
157 1031 192 1070 3.
222 1018 263 1058 Si
283 1017 424 1059 Codex
444 1019 573 1060 noster
590 1020 638 1059 ab
656 1020 857 1060 Acoemita
875 1018 1034 1073 scriptus
1061 1018 1138 1069 est,
1168 1020 1225 1060 uti
1253 1019 1441 1071 diximus,
1470 1034 1551 1061 non
1572 1025 1698 1076 potest
1716 1026 1850 1079 stmulo

99 1072 239 1126 quinto
258 1072 334 1114 esse
353 1074 536 1115 vetustior
558 1096 570 1123 3
601 1075 882 1116 Acoem-itarum
899 1077 1003 1115 enim
1031 1074 1245 1116 institutum
1273 1089 1446 1117 autorem
1468 1076 1601 1119 habuit
1620 1080 1849 1124 Marcellum

99 1127 337 1182 Episcopum
364 1129 661 1183 Apamensem,
688 1129 748 1172 vel
781 1130 909 1184 potius
929 1127 1194 1170 Alexandrum
1214 1131 1296 1185 ejus
1316 1130 1562 1177 successorem
1582 1163 1594 1183 ‚
1623 1136 1690 1187 qui
1717 1137 1850 1180 floruit

99 1196 205 1224 anno
225 1183 371 1224 Christi
394 1197 491 1234 420.
500 1215 513 1235 ,
542 1185 635 1225 teste
653 1183 706 1224 du
730 1185 860 1239 Gange
882 1185 923 1224 in
947 1184 1153 1225 Glossario.
1206 1185 1330 1226 Porro
1362 1186 1570 1240 appellatio
1601 1188 1663 1231 τ’ἤς
1694 1190 1850 1233 &eoa-<5208

99 1240 141 1278 δε
162 1238 477 1293 Archiepiscopi‚
507 1253 606 1294 quae
625 1240 666 1279 in
687 1240 820 1280 nostro
841 1239 996 1280 Codice
1015 1240 1230 1291 invenitur,
1258 1240 1383 1281 seculo
1405 1241 1562 1282 demum
1582 1245 1720 1298 quinto
1740 1262 1851 1290 occa-

99 1292 206 1334 sione
228 1293 403 1334 Nestorii
422 1305 537 1348 atque
559 1294 699 1349 Cyrilli
717 1294 789 1335 fuit
808 1295 951 1336 usitata.
1007 1293 1195 1335 Existimo
1226 1296 1343 1350 igitur
1363 1327 1375 1346 ,
1405 1307 1578 1350 tempu8‚
1607 1314 1687 1354 quo
1708 1303 1850 1345 Codex

97 1347 168 1389 iste
188 1347 347 1403 scriptus
367 1349 445 1399 est,
474 1349 644 1390 incidere
664 1350 705 1389 in
728 1349 847 1390 finem
861 1349 985 1391 Seculi
1011 1350 1161 1404 quinti,
1191 1365 1290 1405 quae
1309 1352 1426 1392 etiam
1447 1353 1564 1394 Millii
1592 1356 1646 1395 est
1666 1355 1852 1401 sententia

97 1403 198 1458 prol.
235 1416 309 1458 133
319 1405 354 1446 8.
409 1404 510 1445 Non
527 1406 659 1446 nescio
678 1404 870 1445 Grabium
888 1417 1040 1459 tempus
1057 1405 1186 1459 scripti
1201 1406 1315 1460 hujus
1334 1406 1499 1448 Codicis
1518 1408 1568 1449 ad
1589 1409 1707 1452 finem
1729 1412 1852 1456 Seculi

98 1458 171 1501 1V.
194 1457 356 1510 referre,
385 1470 501 1514 atque
521 1460 689 1513 objicere
706 1490 718 1510 ‚
748 1460 776 1501 fi
799 1460 886 1514 post
907 1473 1053 1501 annum
1077 1464 1182 1513 396,
1210 1475 1290 1516 quo
1311 1462 1526 1516 Episcopus
1546 1464 1681 1519 aliquis
1700 1468 1853 1522 Episto-

98 1513 154 1554 las
170 1513 349 1555 Paulinas
370 1515 411 1555 in
434 1515 580 1569 Capita
597 1514 727 1556 divisit
745 1545 757 1565 ,
788 1519 829 1555 &
847 1516 934 1569 post
952 1528 1097 1556 annum
1125 1518 1223 1567 458.
1253 1531 1335 1572 quo
1361 1517 1581 1559 Euthalius
1602 1522 1801 1566 Diaconus
1822 1526 1855 1566 i-

97 1567 191 1611 dem
220 1570 405 1624 praestitit
432 1570 474 1610 in
494 1571 604 1611 Affis
630 1574 670 1611 &
697 1570 882 1624 Epistolis
906 1571 1125 1612 Catholicis
1145 1601 1158 1622 ,
1196 1573 1325 1613 noster
1343 1573 1485 1615 Codex
1513 1573 1638 1617 fuisset
1656 1591 1852 1632 exaratus,

98 1623 319 1675 habiturum
346 1626 465 1667 etiam
495 1625 627 1666 titulos
654 1625 842 1680 Capitum
862 1627 902 1667 in
924 1626 1035 1667 Affis
1059 1629 1099 1665 &
1120 1627 1328 1680 Epistolis‚
1359 1628 1454 1670 ficut
1485 1629 1601 1672 habet
1627 1631 1785 1676 Titulos
1813 1640 1855 1676 &

99 1678 245 1734 Capita
268 1679 421 1722 Eusebii
443 1682 484 1721 in
504 1681 734 1736 Evangeliis.
783 1681 832 1722 Id
852 1696 946 1722 vero
968 1696 1049 1722 non
1074 1681 1344 1737 consequitur;
1372 1684 1559 1726 Canones
1577 1687 1681 1727 enim
1704 1689 1855 1731 Eusebii

101 1736 144 1777 &
163 1748 306 1790 magno
326 1735 489 1776 artificio
510 1735 596 1776 sunt
618 1737 862 1782 concinnati,
891 1740 932 1775 &
951 1750 1133 1790 magnam
1164 1738 1368 1778 utilitatem
1393 1740 1604 1791 praestant:
1634 1755 1769 1784 contra
1788 1745 1855 1786 Se-

102 1789 295 1831 &ionibus
315 1789 571 1844 Epistolarum
591 1790 632 1829 in
654 1789 798 1843 Capita
822 1789 902 1829 fine
922 1790 1002 1829 ullo
1020 1790 1276 1831 incommodo
1295 1790 1405 1832 facile
1419 1806 1600 1835 caremus.
1653 1797 1854 1842 Praeterea

102 1843 304 1886 Euthalius
321 1858 404 1884 non
423 1844 620 1885 Sestiones
640 1843 762 1884 solum
784 1847 823 1883 δε
836 1844 1001 1897 Capita,
1031 1843 1081 1884 sel
1100 1844 1217 1884 etiam
1235 1858 1437 1886 numerum
1447 1848 1487 1889 V
1488 1848 1659 1902 ersuum‚
1688 1855 1729 1892 &
1748 1854 1857 1896 Indi.

104 1903 190 1941 cem
206 1899 381 1940 locorum
401 1913 448 1939 ex
460 1898 574 1939 V.T.
603 1898 654 1939 ad
674 1899 937 1939 testimonium
959 1899 1186 1948 citatorum,
1218 1901 1259 1938 &
1278 1899 1585 1955 Subscriptiones
1605 1909 1645 1945 δε
1665 1906 1856 1965 Prologos

104 1954 243 2004 habet,
274 1968 372 2009 quae
388 1953 666 2008 supervacanea
682 1956 723 1993 &
743 1953 862 1993 nimia
884 1952 1085 2008 diligentia
1105 1953 1234 2006 potuit
1251 1953 1426 1996 librarios
1445 1957 1648 2001 absterrere
1661 1991 1673 2011 ‚
1692 1964 1797 2005 unde
1816 1980 1856 2007 e-

103 2010 200 2051 tiam
217 2009 383 2061 factum,
406 2021 450 2050 ut
470 2009 642 2050 Codices
660 2008 831 2049 rarissimi
849 2019 973 2048 totam
993 2008 1097 2048 illam
1117 2006 1346 2063 farraginem
1365 2011 1749 2071 exhiberent3neque
1769 2034 1858 2062 cau-

105 2064 144 2106 sa
166 2075 268 2116 erat,
297 2079 363 2106 cur
383 2064 536 2119 reliquis
555 2064 734 2105 omnibus
754 2063 938 2120 negleffis
960 2062 1078 2104 solam
1091 2063 1335 2106 Divifionem
1355 2067 1542 2121 Capitum
1563 2070 1705 2112 Codex
1726 2076 1857 2117 noster

105 2121 297 2162 retineret.
326 2119 426 2161 Illud
447 2121 564 2161 etiam
584 2119 768 2170 observo,
789 2118 1003 2172 verosimile
1023 2117 1167 2169 videri,
1181 2119 1347 2161 Codicis
1368 2123 1487 2163 nostri
1507 2124 1743 2178 Scriptorem
1762 2144 1857 2184 ope-

106 2189 149 2226 ra
169 2175 339 2217 Euthalii
358 2175 465 2217 usum
487 2175 617 2222 fuisse,
644 2178 685 2215 ὃς
704 2189 752 2215 ex
770 2174 854 2228 ipso
875 2174 1042 2225 notasse,
1065 2174 1130 2215 ubi
1146 2175 1286 2216 Paulus
1305 2177 1496 2230 Epistolas
1515 2179 1566 2220 ad
1588 2181 1855 2238 Coloffienses,

106 2229 754 2281 Theffilonicenses‚Timotheum
773 2233 814 2269 ὃς
832 2230 970 2270 Titum
986 2229 1192 2284 scripserit:
1222 2229 1274 2271 de
1293 2232 1463 2274 Euthalii
1484 2248 1603 2288 porro
1624 2239 1784 2280 consilio
1805 2241 1856 2281 E-

108 2285 286 2340 pistolam
304 2286 354 2327 ad
374 2286 596 2336 Hebraeos,
627 2300 725 2340 quae
745 2284 849 2340 apud
868 2299 940 2326 nos
960 2286 1060 2327 inter
1079 2285 1257 2327 Paulinas
1274 2287 1510 2341 postremum
1531 2289 1660 2333 locum
1679 2294 1855 2348 obtinet,

108 2352 199 2383 ante
226 2341 416 2396 Epistolas
444 2341 496 2382 ad
524 2340 797 2392 Timotheum,
827 2340 964 2382 Titum
995 2344 1036 2380 ὃς
1062 2340 1333 2382 Philemonem
1352 2343 1576 2395 collocass'e3
1605 2349 1699 2402 quin
1723 2353 1764 2390 ὃς
1783 2352 1857 2393 Le.

108 2397 256 2438 &iones
279 2396 448 2438 Euthalii
478 2396 632 2451 (quales
651 2396 695 2437 L.
716 2398 765 2437 A.
786 2396 1018 2451 Zacagnius
1037 2395 1184 2447 edidit)
1214 2396 1425 2452 saepissime
1445 2400 1613 2443 secutum
1634 2402 1752 2446 fuisse.

165 2453 221 2493 At
233 2451 354 2492 multo
374 2452 656 2507 longiusavera
675 2462 798 2492 aetate
817 2450 931 2505 hujus
948 2451 1094 2492 codicis
1113 2451 1335 2506 affignanda
1354 2454 1542 2497 aberravit
1555 2457 1735 2499 Oudinus
1747 2492 1758 2511 ‚
1771 2475 1855 2503 non

111 2517 201 2547 ante
227 2506 390 2548 seculum
410 2507 463 2548 X.
484 2507 590 2548 illum
608 2507 751 2548 exarari
780 2506 944 2560 potuiffie
962 2506 1225 2559 contendens,
1256 2509 1346 2563 quia
1366 2509 1560 2563 Epistola,
1589 2527 1706 2568 quam
1729 2516 1860 2558 codex*

111 2561 266 2603 exhibet
278 2592 290 2613 ‚
319 2562 520 2604 Athanasii
537 2562 588 2603 ad
608 2561 879 2603 Marcellinum
897 2574 978 2603 turn
998 2562 1155 2603 demum
1177 2597 1187 2613 ,
1216 2574 1260 2604 ut
1278 2578 1478 2619 perperam
1496 2569 1654 2620 putabat
1671 2600 1684 2621 ,
1714 2570 1856 2626 suppo-

113 2616 182 2658 fita
208 2629 324 2672 atque
356 2617 521 2658 confi&a
548 2617 671 2659 fuerit.
712 2618 821 2658 Nam
843 2617 979 2659 Seculo
1001 2618 1054 2659 X.
1084 2618 1255 2660 solebant
1275 2634 1391 2661 voces
1408 2621 1542 2663 reli&o
1560 2623 1659 2665 inter
1689 2625 1856 2682 singulas

112 2670 236 2724 spatio
257 2688 279 2713 a
300 2672 338 2713 se
360 2673 527 2714 invicem
548 2673 803 2728 distinguere,
833 2675 874 2713 &
892 2684 1070 2715 accentus
1089 2688 1285 2728 apponere
1300 2706 1312 2725 ‚
1342 2690 1508 2730 quorum
1525 2690 1702 2721 neutrum
1722 2683 1762 2722 in
1782 2696 1855 2723 no-

113 2726 191 2768 stro
213 2727 366 2769 Codice
384 2727 528 2770 &frum
547 2728 612 2769 est.
664 2728 908 2783 Neutiquam
924 2729 1041 2770 etiam
1059 2729 1114 2770 est
1139 2729 1353 2771 verosimile
1372 2762 1384 2782 ,
1413 2731 1518 2773 hunc
1539 2734 1754 2787 Codicem,
1784 2738 1853 2791 qui

112 2783 368 2825 exVersione
389 2783 484 2824 Itala
512 2783 762 2838 interpolatus
786 2783 864 2835 est,
894 2795 959 2825 aut
978 2784 1064 2839 post
1085 2796 1277 2838 receptam
1298 2786 1534 2843 Hieronymi
1553 2789 1766 2833 editionem
1787 2802 1859 2833 aut*

113 2837 202 2890 post
220 2837 382 2880 schisma
401 2839 627 2880 Graecorum
644 2838 826 2894 scriptum
846 2838 965 2881 fiiiss‘e.
1020 2840 1144 2882 Porro
1164 2840 1191 2881 fi
1221 2841 1364 2882 Codex
1385 2843 1455 2884 iste
1481 2845 1569 2898 post
1588 2845 1752 2887 seculum
1782 2846 1853 2889 VI.

115 2894 155 2931 &
176 2893 264 2947 post
282 2905 456 2935 exortum
468 2894 788 2936 Muhammedem
809 2893 934 2936 fuiss‘et
951 2907 1146 2947 exaratus,
1174 2895 1252 2937 fine
1273 2896 1392 2939 dubio
1413 2912 1557 2940 nomen
1578 2901 1853 2943 Saracenorum

116 2944 193 2988 five
213 2950 479 3002 Agarenorum
496 2949 688 2991 librarium
708 2950 880 2991 nostrum
899 2964 981 2991 non
998 2950 1180 2993 latuisset:
1211 2951 1261 2993 de
1279 2967 1359 3007 quo
1379 2964 1508 2995 tamen
1527 2955 1624 2995 nihil
1644 2958 1851 3011 quicquam

117 3001 299 3044 audivisse
317 3003 489 3056 videtur,
518 3019 607 3047 cum
632 3019 664 3047 1.
677 3005 796 3047 Paral.
807 3004 858 3046 V.
884 3019 947 3046 20.
964 3005 1167 3059 Ἀ’γαςᾶιοι,
1195 3007 1258 3049 vel
1272 3008 1380 3060 juxta
1400 3009 1495 3050 alios
1515 3010 1669 3052 codices
1689 3010 1717 3052 ὅι
1735 3013 1851 3060 Ἀγω-

117 3051 194 3105 ρηνοὶ
213 3057 254 3096 in
272 3059 403 3109 nostro
420 3059 554 3102 codice
573 3058 603 3100 οἶ
620 3059 773 3114 ἀγοςοῖιοι
792 3060 841 3101 ab
860 3060 944 3115 ipso
954 3061 1204 3115 appellentur.
1234 3063 1416 3118 Denique
1434 3076 1500 3106 aut
1520 3065 1766 3108 vehementer
1783 3065 1854 3105 fal*

119 3110 198 3161 lor,
229 3122 294 3153 aut
321 3127 402 3155 non
420 3115 542 3157 solum
568 3117 627 3157 vir
655 3116 817 3167 doetus,
844 3117 913 3171 qui
931 3116 1144 3159 versionem
1162 3118 1297 3172 Syram
1315 3119 1565 3173 posteriorem
1593 3124 1642 3162 A.
1672 3126 1719 3160 61
1733 3132 1765 3170 5.
1794 3121 1852 3161 A·

119 3164 335 3211 lexandriae
360 3183 448 3212 cum
477 3170 675 3215 codicibus
705 3172 865 3216 Graecis
893 3172 1079 3267 contglit²
1109 3176 1151 3216 δε
1170 3174 1358 3218 variantes
1376 3175 1581 3218 Leffiones
1605 3177 1647 3216 in
1675 3175 1851 3230 margine

1043 3240 1065 3267 2
1727 3243 1851 3271 anno-
