1976 3519
110 172 187 212 182
464 164 1466 208 PROLEGOMENA.

110 287 139 309 ‚‚
169 268 249 296 rem
269 256 302 295 '’.
332 253 414 307 Qui
434 252 528 293 haec
548 267 672 293 conco
702 267 788 293 uere
806 263 921 307 atque
941 252 1037 293 ferre
1057 250 1230 306 possunt,
1258 249 1437 300 videant,
1458 263 1505 290 ne
1527 250 1677 293 interim
1698 254 1835 296 culices

110 313 281 365 liquent,
310 308 403 348 dum
421 308 586 348 camelos
606 266 831 363 deglutiunt.
888 321 922 347 2.
952 308 1072 360 Saepe
1091 306 1333 347 autoritatem
1353 304 1546 346 Versionis
1568 307 1742 360 Latinae,
1771 323 1837 352 aut

112 365 279 414 Erasmi,
310 375 374 404 aut
394 362 496 403 suam
518 363 777 417 conjesturam
799 363 953 403 Graeco
971 362 1115 402 Textui
1135 360 1360 413 praeposuit.
1392 361 1507 400 Rom.
1538 361 1628 402 XII.
1665 377 1720 404 ιι.
1749 378 1838 405 cum

111 419 269 462 Erasmo
298 419 390 473 legit
418 416 529 468 καιρῷ.
565 432 595 457 i.
617 417 721 458 Tim.
752 417 821 457 ΙΙΙ.
856 421 917 458 16.
945 430 1032 457 cum
1060 417 1197 456 Latina
1227 414 1413 457 Verfione
1433 445 1444 464 ‚
1474 416 1582 468 qnod.
1621 430 1653 457 2.
1674 419 1753 460 Pet.
1786 419 1837 460 ΙΙ.

116 488 179 528 13.
206 487 293 514 cum
311 473 446 514 eadem
466 470 647 522 ἀγάπαις.
671 472 734 526 J0.
766 471 838 513 IX.
873 473 907 512 8.
935 485 1022 512 cum
1044 471 1210 525 Vulgata
1233 473 1271 510 &
1293 470 1448 510 Erasmo
1469 470 1501 510 le
1532 470 1560 510 it
1581 471 1746 524 πτωχός.
1779 475 1838 514 Ex

111 530 330 582 conjedmra
351 527 413 569 sua
434 528 545 582 legit:
576 527 792 568 Maharam
811 526 977 576 Motha,
1009 524 1273 578 Bnehargem,
1303 524 1458 575 Belial,
1528 525 1720 565 eelzelma.
1751 529 1840 568 Λξὶ.

112 585 226 627 XIII.
259 589 295 624 6.
326 583 520 623 Bariehu:
552 594 736 636 notatque
753 582 793 621 in
816 583 1006 635 margine:
1036 609 1062 630 „
1137 579 1310 620 uomodo
1339 591 1465 620 autem
1499 579 1677 620 Bariehu
1708 582 1843 622 redda-

112 672 140 692 „
170 652 230 681 tur
261 639 418 679 Elimas
439 672 449 688 ‚
481 638 607 678 adhuc
636 637 744 677 latet:
774 650 898 691 neque
927 647 1072 676 certum
1101 636 1154 675 est
1174 665 1185 685 ‚
1218 648 1347 674 annon
1375 636 1522 675 Textus
1553 636 1614 675 hic
1643 650 1843 690 corruptus

112 727 139 747 ,‚
172 695 241 736 sit?
270 695 292 713 ''
320 694 418 735 Vers
453 707 510 733 zo.
540 693 654 732 CCC.
675 692 767 745 legit
789 692 827 731 in
848 691 1018 732 editione
1039 690 1145 731 Anni
1171 702 1311 740 1545.,
1331 689 1461 730 addita
1479 691 1517 730 in
1538 692 1708 745 margine
1729 705 1843 732 nota:

114 782 142 803 „
173 748 347 804 Qiidam
367 749 515 789 Textus
532 747 674 788 habent
703 747 850 787 CCCC.
880 746 955 787 Sed
973 745 1148 785 historiae
1169 748 1206 784 δε
1231 743 1448 797 supputatio
1470 759 1656 786 annorum
1677 761 1756 786 non
1779 761 1847 800 pa·

115 837 142 858 ‚,
171 806 325 846 tiuntur.
381 803 496 843 Error
524 803 578 843 est
607 802 765 851 librarii,
798 810 962 856 quatuor
995 814 1068 854 pro
1097 798 1223 840 tribus
1251 798 1464 849 scribentis,
1493 801 1600 853 quod
1631 801 1670 840 in
1694 802 1847 842 Graeco

118 889 146 912 ‚‚
175 859 285 900 facile
305 858 348 899 fit
360 861 394 897 ’'.
426 858 547 898 Marc.
579 856 672 898 XV.
705 869 769 905 25.
798 858 838 896 in
859 856 1028 911 margine
1050 855 1143 896 haec
1165 854 1300 894 habet:
1356 885 1382 904 „
1405 856 1576 907 Quidam
1597 870 1689 896 vero
1711 868 1849 910 putant

116 948 144 967 ‚,
173 916 343 956 Textum
374 913 437 953 hic
467 926 535 965 per
562 911 734 952 librarios
751 923 972 965 corruptum
995 909 1088 961 esse,
1118 911 1170 951 ita
1192 920 1233 950 ut
1253 909 1341 949 loco
1362 910 1490 949 literae
1511 925 1576 961 esa,
1606 923 1702 965 quae
1725 911 1848 951 Grae-

115 1003 142 1022 „
171 972 224 1011 cis
235 970 312 1022 fix
344 966 552 1021 fignificat,
583 966 705 1020 posita
739 965 850 1007 fuerit
877 967 984 1007 litera
1011 982 1050 1014 γ.
1071 996 1082 1014 ,
1113 978 1210 1020 quae
1231 966 1312 1004 tria
1342 963 1548 1018 fignificat,
1580 968 1762 1019 quoniam
1781 965 1848 1007 fibi

115 1053 143 1073 „
172 1025 336 1066 invicem
366 1036 446 1062 non
477 1020 590 1062 valde
618 1021 691 1062 fint
719 1021 955 1062 diffimiles”.
989 1034 1023 1061 1.
1042 1020 1147 1061 Tim.
1175 1019 1224 1060 II.
1260 1031 1321 1067 15.
1351 1019 1463 1073 legit:
1479 1022 1523 1072 fi
1547 1030 1699 1060 maneat
1721 1052 1732 1070 ,
1762 1035 1849 1061 cum

118 1082 261 1122 Latino
283 1109 295 1129 ,
325 1078 397 1118 hac
428 1088 521 1118 nota
551 1076 711 1117 addita:
741 1106 766 1127 ‚,
795 1077 884 1117 Sive
913 1076 1057 1130 legatur
1089 1083 1246 1115 maneat
1275 1074 1351 1115 five
1379 1084 1562 1114 maneant
1590 1075 1748 1128 perinde
1776 1076 1849 1124 est,

117 1167 144 1187 2,
174 1136 296 1176 sermo
327 1134 431 1173 enim
459 1132 521 1173 est¹
549 1132 599 1173 de
629 1133 807 1173 uxoribus
834 1146 915 1172 non
945 1131 995 1171 de
1024 1131 1170 1180 liberis,
1199 1141 1239 1170 ut
1270 1129 1428 1184 quidam
1458 1130 1520 1170 hic
1551 1129 1586 1171 se
1608 1129 1738 1171 frustra
1772 1142 1850 1171 tor-

117 1222 143 1243 „
174 1191 357 1246 queant’'.
409 1187 473 1242 J0.
503 1186 657 1228 XVIII.
690 1199 750 1239 14.
779 1187 874 1227 haec
903 1186 1017 1226 habet
1036 1187 1076 1226 in
1096 1186 1285 1240 margine:
1339 1212 1366 1235 ‚‚
1396 1185 1475 1226 Hic
1495 1185 1655 1226 debebat
1673 1186 1747 1240 legi
1769 1200 1852 1226 ver-

116 1277 143 1298 „
172 1247 230 1287 sus
251 1244 317 1299 qui
339 1242 436 1283 infra
457 1242 622 1296 sequitur
654 1255 718 1293 24-
777 1243 870 1283 Hoc
890 1257 911 1282 a
931 1241 1046 1282 scriba
1069 1240 1203 1281 folium
1221 1251 1391 1281 vertente
1411 1239 1676 1293 transpofitum
1698 1241 1774 1288 est3
1806 1253 1848 1281 ut

116 1332 143 1353 „
173 1302 280 1354 saepe
301 1295 387 1339 fit''.
446 1298 574 1338 Etiam
595 1297 685 1337 Luc.
717 1296 790 1339 XI.
823 1310 887 1351 53.
917 1300 956 1336 &
981 1297 1043 1349 J⁰.
1074 1295 1189 1337 XIX.
1222 1308 1284 1348 34.
1314 1296 1490 1336 Latinam
1513 1295 1737 1336 Versionem
1753 1310 1846 1335 con-

117 1367 175 1397 tra
196 1356 387 1396 Graecum
411 1353 582 1393 Textum
614 1351 759 1393 secutus
789 1352 854 1393 est.
915 1365 949 1405 3.
979 1351 1100 1392 Porro
1121 1352 1219 1393 inter
1237 1350 1332 1392 duas
1353 1351 1555 1391 Leffiones
1582 1351 1770 1400 Graecas,
1800 1351 1851 1391 le-

118 1412 247 1453 &ione
267 1408 386 1449 hodie
404 1408 572 1462 Vulgata
590 1407 749 1461 rejesta,
778 1408 933 1447 alteram
954 1406 1140 1460 praetulit.
1180 1405 1287 1446 Hinc
1307 1405 1362 1445 est
1383 1405 1491 1459 quod
1516 1405 1641 1446 locum
1663 1406 1848 1446 celebrem

122 1480 157 1507 1.
183 1467 236 1521 jo.
267 1463 316 1505 V.
348 1476 385 1515 7.
414 1477 501 1504 cum
525 1462 681 1502 Erasmo
701 1462 828 1502 omisit
838 1483 849 1510 ;
879 1466 918 1501 ὃ(
937 1461 1025 1502 licet
1046 1461 1149 1501 illum
1178 1461 1218 1500 in
1249 1461 1385 1501 Latina
1408 1460 1593 1501 Verfione
1611 1461 1779 1506 videret,
1808 1461 1852 1500 li-

118 1534 179 1562 cet
199 1519 382 1561 clamores
401 1530 534 1558 contra
558 1517 754 1558 Erasmum
775 1517 944 1567 audiret,
972 1516 1107 1571 quibus
1137 1514 1198 1555 ille
1229 1516 1378 1556 territus
1408 1515 1511 1555 hunc
1529 1515 1656 1555 locum
1676 1516 1716 1555 in
1742 1516 1851 1556 tertia

116 1576 289 1618 editione
308 1574 451 1615 Textui
472 1572 646 1623 inseruit,
674 1573 762 1613 licet
781 1574 894 1613 etiam
916 1572 1098 1626 Tigurini
1126 1570 1216 1624 (qui
1247 1568 1472 1610 Verfionem
1506 1570 1664 1611 Lutheri
1692 1582 1773 1611 tum
1800 1569 1850 1610 ad

119 1631 226 1672 suum
246 1642 326 1670 tum
350 1629 399 1671 ad
422 1630 611 1668 Graecum
633 1627 778 1667 idioma
797 1624 1057 1678 deflexerunt)
1088 1625 1190 1666 idem
1212 1623 1398 1665 facerent:
1429 1624 1617 1665 Lutherus
1637 1636 1764 1665 tamen
1786 1623 1853 1665 ad-

117 1686 207 1727 duci
235 1698 315 1725 non
347 1683 498 1737 potuit,
527 1693 570 1722 ut
591 1681 628 1721 se
655 1682 746 1721 vivo
776 1693 892 1735 atque
920 1680 1114 1734 superstite
1139 1679 1200 1719 ille
1222 1680 1326 1720 locus
1346 1680 1386 1719 in
1405 1680 1576 1720 Textum
1605 1681 1850 1733 reciperetur:

115 1740 168 1783 Et
189 1754 237 1780 ne
258 1739 342 1793 quis
360 1737 567 1779 existimet,
598 1735 720 1790 ipsum
741 1735 840 1776 forte
862 1735 956 1776 haec
976 1736 1107 1775 omnia
1127 1733 1271 1774 latuisse
1293 1764 1305 1784 ‚
1333 1734 1547 1775 notandum
1581 1735 1688 1788 quod
1717 1735 1850 1776 verba:

117 1798 159 1837 in
191 1804 322 1839 terra,
353 1793 391 1833 in
415 1792 596 1833 Editione
621 1795 688 1831 ΑΟ.
723 1803 841 1842 1545.
868 1791 908 1830 in
927 1790 1097 1831 Textum
1127 1789 1190 1829 ubi
1219 1789 1345 1843 primo
1375 1803 1455 1829 non
1485 1790 1757 1843 comparebant
1786 1789 1851 1829 ad-

117 1850 281 1898 miserit·‚
311 1847 454 1889 omissis
475 1845 693 1888 constanter
712 1847 835 1886 verbis
855 1845 904 1886 de
924 1845 1064 1899 triplici
1085 1844 1304 1885 testimonio
1327 1844 1478 1884 coelesti.
1533 1845 1578 1883 In
1604 1844 1739 1885 eadem
1760 1844 1850 1886 Edi-

117 1908 225 1949 tione
248 1905 286 1944 in
303 1904 365 1958 J0.
395 1901 466 1942 IX.
500 1903 534 1941 8.
564 1900 613 1941 ad
634 1902 845 1955 marginem
866 1911 996 1940 notat:
1053 1926 1078 1949 ‚‚
1109 1898 1282 1952 Quidam
1311 1899 1458 1939 Textus
1485 1900 1601 1939 etiam
1629 1900 1691 1940 hic
1719 1900 1854 1950 habet,

118 1992 146 2013 ‚‚
175 1959 277 2016 quod
296 1970 427 1998 coecus
448 1958 581 1996 erat''.
635 1969 675 2006 4.
706 1956 744 1996 Si
762 1957 846 2009 quis
866 1956 987 1995 varias
1008 1954 1089 2007 ejus
1119 1953 1320 1994 Editiones
1350 1953 1539 2004 consulat,
1571 1954 1715 1995 videbit
1742 1955 1852 2009 quod

118 2029 201 2058 non
233 2015 272 2055 in
302 2013 438 2054 eadem
469 2010 653 2051 sententia
680 2011 882 2064 perstiterit
900 2040 912 2060 ,
942 2009 1007 2050 sed
1029 2009 1130 2049 varie
1149 2007 1355 2063 legendum
1384 2008 1457 2050 effe
1471 2009 1696 2062 judicaverit
1706 2031 1717 2057 3
1746 2010 1853 2063 cujus

117 2072 173 2112 rei
191 2069 407 2122 exemplum
427 2066 482 2107 est
503 2065 653 2106 additio
667 2090 676 2106 ‚
704 2065 810 2119 cujus
837 2064 957 2105 modo
978 2064 1212 2104 mentionem
1232 2062 1410 2114 fecimus,
1440 2065 1642 2105 verborum
1661 2067 1702 2104 in
1732 2073 1851 2105 terra.

116 2126 215 2168 Item
251 2138 281 2164 1.
301 2124 395 2164 Tim
434 2121 501 2162 111.
536 2125 598 2162 16.
627 2120 667 2160 in
697 2120 867 2160 Textum
899 2120 1032 2174 recipit
1060 2133 1196 2159 vocem
1217 2117 1335 2159 Deus
1356 2121 1420 2161 ΑΟ.
1455 2132 1574 2170 1545.
1608 2119 1646 2158 in
1677 2120 1848 2174 margine

117 2193 247 2223 tamen
267 2178 436 2220 notavit:
484 2206 511 2226 ‚‚
542 2174 716 2230 Quidam
737 2189 817 2215 non
839 2175 980 2216 habent
1003 2173 1165 2213 Deus”.
1214 2173 1297 2215 Tit.
1328 2174 1397 2215 111.
1429 2187 1463 2226 3.
1491 2175 1529 2214 in
1553 2175 1739 2229 prioribus
1763 2174 1852 2215 Edi-

117 2235 286 2279 tionibus
314 2246 447 2274 vocem
465 2226 620 2279 ς-υγητοῖ
650 2241 913 2280 converterat,
944 2230 982 2269 in
1009 2228 1277 2283 posterioribus
1303 2243 1395 2270 vero
1424 2229 1551 2270 nescio
1582 2243 1656 2284 qua
1675 2230 1725 2270 de
1744 2228 1852 2270 causa

118 2289 265 2333 omisit:
297 2289 349 2329 ita
382 2287 525 2328 Matth.
555 2285 666 2329 V111.
701 2299 763 2326 12.
795 2288 834 2325 δε
867 2283 1000 2327 XXV.
1033 2297 1095 2336 30.
1123 2284 1224 2337 prius
1256 2284 1456 2325 habuerat:
1487 2284 1663 2324 tenebras
1685 2287 1850 2324 exterio·

119 2360 206 2396 res,
236 2344 366 2399 postea
387 2339 536 2382 ἐπίθετον
555 2343 762 2380 exteriores
783 2340 920 2381 omisit.
979 2353 1010 2389 5.
1041 2339 1243 2381 Variantes
1270 2339 1473 2380 Lectiones
1504 2340 1675 2393 Margini
1703 2339 1852 2380 Editio-

118 2402 180 2444 nis
199 2401 452 2441 Germanicae
477 2411 490 2436 1
506 2409 597 2447 545.
626 2395 788 2449 adjecit,
816 2396 872 2436 uti
893 2394 1068 2436 vidimus.
1125 2397 1161 2434 6.
1193 2392 1297 2434 Hinc
1316 2394 1406 2435 inde
1426 2409 1540 2436 voces
1560 2394 1725 2449 aliquas,
1751 2395 1852 2445 imo,

119 2456 214 2498 teste
240 2455 413 2503 Polano,
442 2452 568 2492 versus
599 2451 768 2504 integros
798 2450 987 2505 neglexit,
1018 2460 1081 2490 aut
1105 2449 1210 2489 aliter
1233 2450 1366 2500 vertit,
1396 2463 1511 2503 quam
1534 2449 1658 2490 sensus
1686 2449 1851 2503 postula-

118 2512 206 2559 bat·,
233 2509 336 2551 unde
367 2521 496 2550 tamen
525 2505 835 2546 concludendum
855 2519 935 2545 non
954 2504 1030 2550 est,
1058 2504 1180 2558 ipsum
1205 2503 1286 2544 aliis
1303 2505 1408 2545 usum
1432 2504 1538 2545 fuisse
1558 2504 1854 2558 exemplaribus-,

120 2581 157 2609 v.
187 2579 243 2620 gr.
273 2578 359 2604 cum
390 2562 533 2604 Matth.
566 2560 702 2602 XXV.
739 2574 801 2601 21.
832 2563 872 2600 δε
905 2572 967 2613 23.
997 2573 1134 2599 vocem
1163 2556 1230 2609 Qu
1262 2573 1359 2613 quae
1390 2559 1681 2599 admirationem
1713 2559 1854 2612 signifi-

120 2633 204 2671 cat,
234 2619 393 2669 habeat,
425 2631 504 2658 non
524 2615 815 2657 existimandum
836 2615 913 2663 est,
941 2614 1063 2666 ipsum
1082 2615 1122 2654 in
1143 2614 1295 2655 Graeco
1325 2614 1451 2668 legisse
1477 2611 1615 2663 βαβαὶ,
1644 2613 1702 2653 vel
1735 2614 1852 2654 fimile

124 2674 243 2730 quid·‚
272 2673 335 2713 sed
355 2687 442 2713 cum
464 2671 611 2712 videret
634 2672 825 2711 Graecum
843 2668 881 2708 ’ἕυ
909 2684 930 2709 a
960 2669 1106 2710 Latinis
1125 2669 1299 2718 retineri,
1328 2669 1443 2708 etiam
1462 2668 1539 2721 ipse
1561 2668 1735 2712 retinuit,
1764 2668 1853 2708 licet

121 2730 268 2772 sensum
288 2728 404 2782 longe
434 2728 547 2767 alium
574 2724 719 2767 fundat.
777 2738 812 2776 7.
841 2724 931 2765 Post
960 2724 1118 2765 Lutheri
1146 2736 1307 2764 mortem
1343 2721 1477 2762 Verfio
1507 2724 1588 2775 ejus
1617 2723 1655 2762 in
1678 2723 1853 2777 Vulgatis

121 2783 369 2828 Editionibus
400 2781 461 2822 seu
492 2781 616 2822 studio
638 2781 699 2821 seu
721 2781 863 2821 incuria
883 2778 1018 2820 multas
1036 2779 1278 2819 Variationes
1297 2776 1398 2830 passa
1416 2777 1492 2823 est3
1521 2777 1626 2817 locus
1654 2790 1685 2816 1.
1707 2777 1771 2831 J0.
1801 2778 1852 2818 V.

124 2854 160 2894 7.
187 2841 264 2893 jam
287 2839 428 2891 ubique
448 2848 572 2886 extat,
602 2847 716 2889 atque
736 2836 892 2890 legitur,
912 2845 1045 2874 contra
1065 2845 1230 2873 mentem
1251 2832 1418 2872 Lutheri.
1449 2832 1552 2872 Alias
1574 2833 1853 2888 quinquaginta

124 2895 354 2937 variationes
371 2902 575 2932 enotarunt
595 2889 813 2940 Hallenses,
841 2890 977 2943 quibus
1003 2888 1127 2942 plures
1146 2887 1237 2927 addi
1255 2887 1415 2940 possent.

176 2950 224 2989 II.
257 2947 434 3000 Joannes
467 2944 805 2998 Oecolampadius,
835 2945 872 2985 in
903 2945 1024 2997 prima
1046 2943 1226 2983 Editione
1258 2942 1307 2980 Ν.
1327 2942 1377 2982 Τ.
1409 2940 1553 2981 Erasmi
1581 2941 1853 2983 CorreEtorem

123 3005 202 3059 egit
235 3025 244 3050 ;
282 3002 411 3056 postea
443 2999 520 3053 ipse
550 3002 615 3040 ΑΟ.
652 3013 769 3049 ¹524-
799 2999 925 3039 mense
955 2998 1126 3053 Augusto
1159 2997 1211 3037 Ν.
1241 2996 1292 3036 Τ.
1321 2996 1371 3036 ad
1408 2996 1663 3036 Erasmianam
1705 2998 1856 3038 tertiam

122 3059 348 3101 Editionem
388 3055 520 3112 (quae
547 3054 596 3097 ab
626 3054 822 3097 hodiernis
848 3053 1121 3108 exemplaribus
1156 3052 1196 3095 in
1226 3051 1396 3107 plurimis
1422 3051 1599 3104 recedit)
1638 3052 1856 3093 conforma-

1813 3117 1857 3146 to
