1976 3519
75 224 79 229 ’
121 237 205 277 420

548 222 1107 260 ΕΥΑΓΓΕΛ

1166 225 1183 257 1
1239 225 1274 258 o
1306 207 1366 259 “N
1737 224 1832 268 XV.

118 322 248 360 γονης.
279 306 392 348 Arm-i
420 303 448 345 οἶ
468 302 627 355 μαθηταί
646 320 703 344 σου
725 300 974 359 ιωῗρριβσιῖνουσι
994 305 1051 348 τὴν
1082 296 1268 356 ‘offeham
1298 306 1325 343 9?
1357 303 1615 358 πςεσβυτέρων;
1646 309 1680 348 οὐ
1701 308 1773 363 γὰρ
1809 325 1829 352 2

119 364 298 407 νῖπτοντοιι
323 361 392 404 τὰς
413 361 531 414 χεῖρας
549 359 685 412 αὐτῶν,
713 360 798 401 ’ὅταν
831 358 932 414 ἄρτον
964 359 1126 401 ἐσθίωσιν.
1154 360 1199 398 ‘O
1231 356 1266 398 8}
1296 356 1510 410 ἇποκριθεῖς,
1541 357 1629 402 εἶπεν
1649 364 1776 407 αὐτοῖς·
1809 380 1829 421 3

119 419 234 461 Διατῖ
262 414 313 468 affl*
346 415 437 464 ὑμεῖς
467 412 707 471 &Rasum-e
739 414 798 460 τὴν
835 414 968 458 ἐντολὴν

1011 416 1072 455 τοῦ
1115 413 1201 453 Θεοῧ
1221 445 1234 465 ,
1273 412 1332 453 διὰ.
1360 412 1418 457 τὴν
1448 411 1635 468 &soom
1665 417 1779 467 ὑμᾶνς

117 477 164 514 ‘O
188 473 227 524 γὸ
250 471 334 515 Θεὸς
356 469 549 513 ἐνετείλατο
560 503 574 524 ‚.
600 468 723 521 λέγων·
753 471 854 522 Τίμα
883 469 940 512 τὶν
967 467 1116 523 πατέρα
1132 494 1196 502 -
1217 485 1281 508 σουι
1305 471 1330 521 ²9
1365 467 1424 512 τὴν
1451 468 1596 523 μητέρα·
1624 470 1699 513 ml·
1727 475 1771 514 ‘O
1801 490 1831 530 4

158 627 184 644 2.
203 612 332 650 νίπἻονΊοιι]
356 611 448 642 ‚silam
469 616 515 643 61.
556 614 660 652 Evang.
685 622 729 650 ¹5.

155 651 241 692 ὀιρἶον]
261 670 299 676 --
319 665 363 685 27.

1709 545 1779 569 nd.-

1565 651 1578 658 a.

1461 661 1487 688 3.
1502 651 1607 687 αὐτοις]
1627 666 1676 674 -
1698 654 1734 682 o.
1752 656 1769 681 ⁶

999 611 1103 650 αὐτῶν]
1124 625 1175 632 ·——-
1200 621 1223 638 ι.
1242 611 1331 649 Cyrill.
1347 610 1446 650 Glaph.
1466 622 1494 650 p.
1516 622 1581 650 2¹3·
1598 612 1668 642 &in
1687 613 1758 652 Esaj.
1773 623 1840 655 413.

1775 664 1798 684 1.

1003 649 1145 689 ἐσθίωσιν]
1163 649 1281 676 ἔσθι’κο-ιν
1296 660 1324 685 9.

155 703 184 728 4,
198 692 337 719 ἐνετείλατο
350 691 444 727 λέγων]
469 686 529 718 εἶπέν
546 693 583 719 D.
602 701 624 718 r.
651 691 746 718 Versio
761 694 842 730 Syra,
862 695 937 729 Copt.
952 691 1057 718 Latina.
1081 692 1196 726 Ethiop.
1219 689 1303 717 Arab.
1326 690 1485 719 Ptolemaeus
1510 688 1603 717 Florae
1624 700 1667 728 ap.
1681 692 1803 731 Epiphau.
1819 697 1858 727 H.

119 733 264 760 XXXIII.
286 735 417 769 Origenes,
437 731 549 770 Cyrillus
571 729 732 767 quinquies,
751 734 865 758 Irenaeus
885 731 936 757 lv.
956 739 1002 757 22.
1020 731 1185 766 Hieronymus
1201 726 1319 765 Algaliae
1334 730 1375 765 Q
1393 738 1435 756 ro.
1456 728 1587 765 probante
1603 731 1690 758 Millio
1707 729 1777 768 prol.
1794 733 1859 770 389,

153 770 222 806 σου]
246 786 302 791 -
320 771 405 798 DEF
418 771 454 798 G.
480 779 503 797 1.
522 778 566 805 30.
585 768 667 796 Colb.
688 777 735 805 35.
757 770 802 806 36.
823 777 868 805 37.
889 777 936 804 39.
952 776 999 803 45.
1018 768 1064 802 46.
1083 776 1130 802 47.
1149 766 1196 803 48.
1215 776 1264 801 49.
1284 776 1330 802 50.
1346 776 1392 803 5¹·
1412 776 1458 802 52.
1480 776 1528 803 54.
1549 777 1597 803 55.
1616 770 1652 803 56
1681 777 1728 804 57.
1744 770 1793 805 58.
1810 775 1859 803 60,

117 812 164 837 62.
186 812 231 845 64.
250 810 295 836 66.
313 811 359 844 67.
379 819 425 842 70.
445 817 492 845 73.
511 817 556 843 74.
577 807 624 835 80.

643 807 688 844 83.
709 807 755 842 84.
774 806 821 842 89.
844 816 889 841 90.
913 808 973 835 106.

1003 806 1104 842 Evang-
1127 815 1153 833 2.
1173 813 1200 840 5.
1218 814 1244 839 7.
1268 815 1311 834 12.
1332 815 1375 841 ¹4.
1400 815 1443 842 ¹5·
1467 815 1510 841 ¹7·
1536 806 1578 834 18.
1602 816 1645 843 ¹9.
1666 807 1759 837 Editio
1780 813 1859 840 cm-

113 848 183 885 plut.
199 848 317 885 Erasmz'‚
339 848 470 879 Cdinaei,
489 847 614 884 Bogardi,
634 846 740 883 Bengelii
757 866 765 878 ‚
787 846 906 884 Stephani
927 845 1016 882 prima
1033 846 1059 872 ὅ(
1077 843 1199 872 secunda.
1219 843 1305 872 Plant.
1320 850 1416 874 Genev.
1437 844 1533 873 Verfio
1549 847 1662 879 Latina,
1688 851 1751 886 Syra
1766 851 1860 888 poste·

116 887 171 915 rior
191 886 270 914 habet
286 886 405 923 praefixo
421 884 510 913 obelo.
537 890 650 913 Irenaeur
661 905 667 916 ‚
688 885 818 920 Origenes,
841 883 1024 921 Chryfistomus
1035 903 1044 915 ‚
1061 884 1238 920 Hieronymus,
1261 882 1463 922 Theophylaffius.

150 936 189 954 nv
203 922 323 962 μιητέρω]
342 926 379 957 -Ιι-
398 934 444 950 σ-ου
461 925 564 960 Evang.
588 932 629 959 ¹3·
649 923 746 950 versio
758 928 814 961 Syr.
832 926 965 959 Origenes,
986 921 1193 962 Theophylac‘bus.

116 992 207 1024 adest.
225 992 324 1024 Altiba
341 1003 432 1024 vero:
457 991 540 1032 Quid
551 990 678 1024 faciam?
695 991 746 1031 qui
762 989 851 1021 illotis
869 990 964 1020 mani-

115 1036 169 1066 bus
193 1036 325 1066 comedit
343 1057 353 1075 ,
380 1043 479 1066 morte
501 1033 644 1065 luendum
668 1034 782 1066 facinus
802 1041 963 1075 perpetrat:

115 1078 238 1119 praestat
255 1087 301 1108 me
321 1079 515 1117 mori‚quam
530 1076 677 1115 majorum
694 1085 832 1106 meorum
850 1075 966 1107 institu-

113 1130 141 1151 ta
159 1119 325 1160 transgredi.
337 1119 447 1151 Colinrf.
462 1121 529 1151 106.
543 1129 570 1150 1.
591 1129 682 1159 aquae
699 1120 809 1159 priores
821 1117 903 1149 edere
921 1118 966 1150 fa·

112 1164 195 1193 ciunt
206 1165 374 1203 porcinam,
383 1162 559 1204 posteriores
576 1162 722 1193 occidunt
739 1162 880 1192 animam.
893 1161 964 1192 Ho-

115 1206 178 1246 spes
192 1206 443 1246 quidamJudaeus
453 1205 509 1236 fuit
519 1230 529 1246 ,
538 1204 724 1246 quiJudaeos
734 1205 767 1235 &
777 1203 964 1236 Christianos

111 1247 370 1279 indiscriminatim
399 1247 528 1289 hospitio
547 1247 724 1289 excipiebat.
761 1246 892 1286 Judaeos
908 1247 963 1278 illo

111 1290 290 1322 divertentes
304 1290 363 1322 hoc
376 1291 559 1333 peculiariter
577 1290 657 1331 signo
673 1290 850 1331 agnoscebat
859 1290 962 1330 ,quod

112 1342 217 1364 manus
237 1343 379 1375 perpetuo
396 1342 462 1364 ante
479 1333 585 1364 cibum
601 1335 740 1364 lavarent.
782 1332 892 1363 Puram
909 1333 963 1363 ita-

111 1385 168 1416 que
184 1377 217 1408 ὅ(
233 1377 347 1408 licitam
363 1377 396 1407 &
414 1375 575 1417 legitimam
591 1385 710 1407 carnem
721 1399 731 1416 ‚
746 1375 839 1415 qualis
854 1376 885 1406 in
901 1374 963 1417 lege

109 1420 306 1459 praecipitur,
328 1418 382 1450 illis
399 1418 586 1460 apponebat,
607 1417 784 1450 Christianis
804 1428 876 1449 vero
893 1416 962 1449 suil-

112 1461 182 1492 lam.
225 1461 355 1492 Factum
377 1460 419 1492 est
449 1470 568 1502 autern,
586 1469 618 1492 ut
635 1459 794 1500 aliquando
812 1461 961 1501 Judaeum

109 1504 239 1544 hospitio
257 1504 422 1545 exciperet,
443 1505 496 1545 qui
517 1503 632 1534 mensae
650 1503 738 1535 illotis
756 1504 894 1534 manibus
908 1513 961 1535 ac-

108 1547 224 1579 cubuit.
269 1546 405 1588 Hospes,
427 1546 633 1578 Christianum
653 1545 710 1576 esse
728 1554 823 1586 ratus,
844 1545 957 1577 suillam

108 1588 149 1619 illi
167 1588 310 1630 apposuit.
346 1589 475 1629 Judaeus
496 1588 527 1620 id
543 1599 605 1620 non
623 1588 782 1631 agnoscens
802 1587 958 1620 latrantem

107 1632 297 1663 stomachum
314 1631 400 1663 avide
416 1632 548 1674 replevit.
573 1631 656 1662 Cum
671 1629 773 1671 hospes
789 1630 959 1670 symbolam

106 1673 207 1715 paullo
230 1676 324 1705 carius
348 1674 530 1713 aestimaret,
550 1673 730 1713 conquestus
756 1671 799 1702 est
810 1671 959 1712 Judaeus,

104 1727 141 1747 an
158 1724 219 1747 tam
236 1727 302 1747 cara
320 1716 388 1747 esset
406 1715 542 1746 bubula?
562 1714 712 1755 respondit
733 1713 858 1756 hospes,
877 1723 960 1755 prae-

107 1757 311 1790 stantissimam
326 1758 439 1788 suillam
457 1757 575 1787 assatam
601 1754 783 1795 comedisti,
827 1766 878 1786 uae
893 1756 961 1789 reli-

106 1801 171 1842 quis
189 1801 327 1832 carnibus
343 1800 432 1841 longe
456 1801 553 1830 carior
568 1799 620 1830 est.
660 1797 749 1829 Tum
761 1798 803 1836 Ju
824 1807 892 1830 aeus
908 1808 960 1840 pa-

106 1854 180 1875 vore
204 1847 367 1874 externatus
391 1852 465 1883 pene
483 1841 636 1879 concidit,
655 1839 738 1881 quod
755 1847 819 1871 tam
834 1840 959 1874 horren-

105 1888 179 1916 dum
204 1885 359 1917 admisisset
391 1893 558 1925 peccatum.
603 1884 798 1925 Quapropter
827 1883 957 1916 severam

105 1929 191 1960 illum
217 1939 300 1970 agere
325 1928 559 1971 poenitentiam,
581 1935 779 1968 magnamque
799 1924 896 1958 subire
920 1937 956 1958 ac

104 1971 243 2002 sustinere
261 1980 388 2012 poenam
402 1971 547 2011 oportuit.
568 1969 671 2000 eadem
688 1967 808 1998 historia
825 1977 956 2002 narratur

105 2013 326 2044 BammidbarR
346 2013 377 2044 S.
397 2012 474 2044 XX.
496 2013 709 2054 praemittitur:
733 2009 873 2042 Traditio
888 2011 932 2043 est
945 2035 956 2051 ,

104 2058 275 2099 quicunque
285 2055 416 2087 comedit
426 2079 435 2094 ‚
446 2056 479 2086 &
493 2064 596 2085 manus
614 2063 677 2084 non
694 2053 771 2084 lavat
781 2074 791 2091 ,
803 2063 876 2083 num
892 2064 957 2086 reus

104 2099 171 2130 est?
191 2098 383 2140 Respondent
391 2098 543 2128 Rabbini:
562 2096 710 2128 lotionem
728 2105 872 2127 manuum
889 2106 955 2128 ante

105 2143 211 2173 cibum
236 2143 267 2173 in
294 2141 424 2179 cujusvis
449 2139 572 2171 arbitrio
589 2139 715 2180 positam
731 2137 805 2169 esse:
829 2138 896 2180 post
912 2141 956 2170 ci-

106 2185 182 2215 bum
199 2195 270 2215 vero
293 2184 424 2214 sumtum
440 2181 602 2214 necessario
617 2181 767 2213 observari
781 2180 898 2213 debere.
918 2192 954 2216 ex

107 2227 220 2268 Hieros
236 2226 397 2257 Berachoth
415 2225 442 2256 8.
462 2227 496 2258 ὃς
512 2227 595 2254 Hier.
613 2223 714 2255 chafla
732 2233 761 2254 2.
780 2223 903 2262 Chagiga
916 2224 956 2256 Π.

108 2279 138 2309 5.
167 2270 280 2319 ΓἺΕΜ
308 2269 421 2300 Lavant
441 2277 545 2298 manus
566 2266 602 2297 ad
620 2275 818 2297 communem
835 2267 956 2307 cibum,

105 2311 142 2342 ad
168 2313 297 2343 decimas
307 2312 338 2343 ὃ(
348 2309 384 2341 ad
395 2309 546 2340 Trumam
557 2317 600 2340 :at
613 2308 649 2339 ad
667 2307 801 2339 sanetum
818 2308 959 2356 1’7nm72

105 2356 226 2395 tingunt:
252 2355 286 2386 &
311 2352 348 2384 ad
376 2351 556 2383 sacrificium
582 2360 638 2393 pro
661 2357 796 2392 peccato.
820 2350 918 2381 Cholin
935 2351 955 2383 f.

110 2398 179 2428 106.
199 2406 224 2427 1.
256 2396 351 2428 Lotio
367 2403 512 2426 manuum
526 2393 563 2425 ad
579 2402 776 2424 communem
793 2394 898 2426 cibum
915 2393 957 2426 est

105 2448 228 2481 propter
250 2437 457 2470 cohaesionem
477 2436 627 2468 Trumae:
648 2437 714 2468 imo
729 2437 818 2468 etiarn
835 2446 957 2479 propter

105 2490 298 2524 praeceptum
314 2481 488 2523 sapientum.
528 2479 628 2517 Quale
644 2480 857 2520 praeceptum?
879 2481 958 2512 Avai

105 2525 201 2564 dixit,
221 2523 293 2556 illud
306 2546 316 2562 ,
337 2532 399 2563 quo
417 2523 558 2563 jubemur
573 2522 779 2563 obtemperare
798 2521 897 2554 verbis
914 2522 958 2554 sa-

106 2569 252 2609 pientum.
271 2566 381 2598 Rabba
403 2565 493 2596 dixit:
515 2564 584 2596 Imo
610 2573 731 2606 propter
754 2564 783 2596 id
810 2564 892 2607 quod
912 2564 956 2597 R.

106 2610 217 2642 Elieser
233 2611 254 2641 f.
271 2608 370 2640 Erech
384 2607 538 2649 dixit,qui
550 2606 716 2646 docuit,ex
735 2617 772 2639 eo
789 2607 871 2649 quod
885 2607 957 2640 scri-

106 2661 195 2694 ptum
221 2651 264 2683 est
289 2651 387 2683 Levit.
414 2650 487 2683 XV.
512 2659 559 2682 11.
580 2649 730 2691 collegisse
745 2660 780 2682 ac
796 2650 957 2682 decrevisse

106 2692 264 2738 sapientes,
285 2693 434 2725 lotionem
457 2702 601 2724 manuum
617 2690 674 2724 esse
693 2700 728 2723 ex
746 2692 820 2735 lege.
842 2692 956 2724 Aruch.

106 2738 280 2771 Pharisaeus
303 2735 364 2777 est,
385 2737 437 2776 qui
459 2735 486 2766 se
510 2735 619 2777 separat
633 2734 672 2766 ab
688 2735 775 2766 omni
789 2735 956 2767 immundi·

107 2782 185 2822 tie‚a
195 2781 265 2811 cibo
276 2779 411 2820 polluto,
421 2779 454 2810 &
471 2778 611 2820 apopulo
619 2785 723 2819 terrae,
731 2778 783 2819 qui
801 2787 865 2810 non
881 2778 955 2810 adeo

106 2832 278 2856 accuratam
294 2822 326 2853 in
345 2821 418 2852 cibo
436 2820 580 2852 sumendo
596 2819 716 2851 adhibet
733 2820 928 2862 diligentiam.

149 2871 239 2897 Senec.
266 2865 324 2906 Ep.
352 2864 401 2894 86.
432 2863 519 2894 Nam
537 2885 547 2902 ,
574 2869 607 2893 ut
630 2863 714 2901 ajunt
730 2884 740 2900 ,
769 2864 822 2904 qui
845 2863 957 2905 priscos

107 2909 214 2940 Mores
232 2908 315 2939 urbis
335 2905 539 2946 tradiderunt,
563 2904 684 2936 brachia
702 2907 736 2937 &
753 2915 839 2937 crura
855 2907 958 2946 quoti-

108 2952 155 2983 die
177 2951 354 2989 abluebant,
373 2958 447 2989 quae
470 2948 580 2979 scilicet
605 2947 701 2979 sordes
718 2956 809 2988 opere
826 2949 958 2989 college-

106 3001 191 3033 rant,
212 3001 360 3025 caeterum
377 2992 434 3023 toti
449 2990 586 3022 nundinis
604 2989 787 3022 lavabantur.

146 3036 338 3078 παραβοώεω]
357 3033 500 3075 Demosth.
516 3042 544 3065 C.
558 3032 716 3073 Leptinen]
732 3032 804 3070 ἦμοον
820 3037 955 3073 παραβαιί

106 3094 154 3111 mv.
175 3081 205 3110 in
221 3078 301 3110 Mid.
423 3076 470 3107 nal
488 3080 509 3106 εἰ
520 3076 564 3113 μὲν
580 3073 704 3114 παραιβῖις
719 3074 765 3108 τὲς
782 3074 858 3113 'bruas
872 3075 953 3112 ἵλαβι

107 3137 135 3153 τε
151 3137 173 3154 v.
189 3121 319 3162 dpocxpoitq.
337 3117 464 3151 Anthol.
485 3117 659 3158 111.5.31.
680 3117 719 3146 τὶν
738 3117 899 3156 παραβάντα
917 3118 953 3147 rei-

105 3180 159 3203 μιςς
182 3165 329 3204 Δαμάτριον
349 3163 435 3193 'sm-rm
457 3161 554 3200 μάτηρ.
575 3162 701 3191 ΑΤΤὶαπ.
727 3160 820 3199 Epist.
846 3158 901 3191 ΠΙ.
924 3169 951 3200 5.

106 3208 322 3255 παραιβαῶιινθεῧ
339 3203 510 3242 τᾶἐέντολὲεςζ
530 3201 653 3249 Hel'de
671 3211 698 3247 Ι.
713 3203 765 3246 65.
785 3203 953 3245 παραβαίνων

1007 990 1046 1019 τὶν
1062 989 1140 1029 νέμων.
1158 989 1300 1032 Demosth.
1319 989 1447 1032 Olynth.
1464 989 1715 1033 111.Thu0¹d.111.
1725 994 1823 1038 Lysias
1830 996 1857 1029 1.

1046 1032 1086 1065 τἠν
1108 1033 1251 1073 παράδοσιν
1277 1035 1324 1063 τῶν
1348 1033 1542 1076 πρεσβυτέρων]
1563 1034 1686 1076 Jvſs’pho
1707 1047 1855 1071 vocantur

1008 1075 1162 1114 πκροιὲὄο-εις
1186 1078 1232 1105 τῶν
1253 1075 1381 1116 πατέρων,
1403 1079 1431 1104 ἐκ
1455 1076 1568 1116 πατέρων
1583 1076 1712 1115 δὶαδοχῧς.
1730 1081 1791 1113 vid.
1807 1084 1855 1114 {u-

1006 1127 1058 1159 pra
1074 1118 1105 1147 in
1127 1116 1180 1149 111.
1204 1128 1232 1158 7.
1253 1117 1319 1148 Gal.
1342 1117 1367 1149 Ι.
1392 1126 1441 1158 14.

1048 1169 1075 1202 3.
1093 1159 1242 1191 Sevachim
1258 1161 1282 1191 f.
1302 1170 1372 1192 101.
1394 1169 1420 1191 1.
1447 1159 1485 1192 Et
1502 1159 1640 1202 sapientes
1656 1162 1791 1195 fecerunt
1807 1175 1857 1196 ro-

1006 1202 1063 1233 bur
1086 1203 1184 1234 verbis
1207 1204 1262 1234 suis
1278 1227 1288 1243 ‚
1317 1203 1381 1243 plus
1404 1213 1494 1244 quam
1521 1205 1619 1234 verbis
1644 1205 1742 1247 Legis.
1764 1210 1857 1239 Bava

1006 1247 1109 1275 Mezia
1126 1245 1165 1277 C.
1184 1245 1253 1277 VII.
1279 1245 1380 1283 Quare
1396 1246 1540 1277 vastatum
1558 1247 1602 1277 est
1619 1247 1720 1278 forum
1737 1248 1856 1282 Bithine

1006 1287 1102 1318 tribus
1118 1296 1187 1319 ante
1208 1289 1392 1320 Hierusalem
1409 1289 1513 1320 annis?
1534 1290 1603 1330 quia
1617 1291 1708 1322 verba
1725 1291 1772 1322 sua
1789 1303 1856 1325 ver-

1006 1330 1051 1361 bis
1075 1330 1165 1372 Legis
1182 1332 1410 1372 praeponebant.
1853 1331 1856 1334 ⁴

1051 1381 1092 1413 4.
1110 1374 1275 1417 ἐνετείλατο]
1296 1374 1425 1405 Thomas.
1445 1374 1600 1414 ἐνετειλάμην
1623 1375 1687 1415 παρ’
1708 1377 1777 1409 dolel.
1802 1382 1859 1409 ἔπι-

1005 1416 1130 1455 τειλάμην
1146 1416 1172 1446 δὲ
1188 1416 1234 1447 καὶ
1255 1417 1379 1448 inis-ema.
1402 1417 1537 1448 Herodot.
1560 1416 1616 1449 ΠῙ.
1642 1420 1693 1458 36.
1715 1422 1855 1452 ἐνετείλατο

1005 1462 1056 1492 τοῖς
1071 1458 1208 1498 &ephrau-t.
1226 1461 1345 1490 Moeri-5.
1362 1461 1519 1498 ἐνετειλάμην
1538 1460 1597 1500 παρ’
1612 1461 1683 1491 οὐδενὶ
1699 1462 1774 1500 ὦρον,
1791 1465 1858 1496 πλὴν

1005 1500 1062 1531 ἀντὶ
1079 1505 1126 1531 τοῖῖ
1140 1516 1158 1532 ν.
1173 1502 1203 1532 τὶ
1213 1516 1242 1533 π.
1259 1506 1270 1531 ὁ
1285 1502 1391 1542 γραφεὺς
1404 1501 1520 1542 ἐ’γροιψυ·
1539 1502 1686 1534 ἐπετείλατο
1703 1504 1752 1545 ’γὶιρ
1766 1507 1856 1542 ἀέθλες

1009 1550 1108 1583 Ομιηρος
1122 1544 1199 1579 λέγει.

1041 1588 1207 1630 κακολογᾶῐν]
1227 1586 1355 1618 Thomas.
1377 1586 1401 1617 εἶ
1414 1587 1503 1623 λέγει,
1518 1586 1564 1618 καὶ
1579 1591 1664 1622 aaz&
1678 1588 1761 1625 λέγει,
1778 1597 1856 1631 κρεῖτ.

1002 1641 1043 1657 τον
1058 1624 1070 1658 ii
1085 1632 1186 1664 εὖλογεῖ
1203 1630 1250 1659 καὶ
1268 1634 1488 1665 κακολογεῒ-
1505 1630 1552 1660 xxc*
1576 1630 1658 1660 πάλιν
1681 1635 1785 1668 εὐλογῶ
1807 1635 1854 1666 καὶ

1002 1670 1167 1705 meinamma,
1188 1672 1225 1708 ἐχ
1250 1670 1374 1704 immania.
1396 1669 1475 1702 Plut.
1499 1671 1657 1713 Apophth.
1679 1674 1747 1714 176.
1765 1674 1805 1707 A,
1829 1680 1855 1706 ι-

1003 1714 1072 1741 xenon
1098 1710 1145 1750 μὶν
1159 1713 1284 1742 ἀπέλιπεν
1294 1736 1302 1747 ‚
1323 1714 1354 1747 ὣς
1371 1714 1447 1752 φύσει
1463 1714 1666 1753 παροινήσαντα,
1687 1715 1733 1746 καὶ
1748 1716 1792 1747 δίὶε
1805 1718 1855 1757 μοι’-

1002 1757 1039 1786 om
1058 1754 1288 1789 κακολογήσαντα.
1309 1754 1450 1786 Isocrates
1465 1759 1570 1790 εὐλογεῖν
1585 1755 1704 1798 saepius.

1044 1794 1129 1827 Cum
1145 1806 1181 1827 ex
1198 1796 1345 1829 miraculo
1362 1807 1473 1839 panum
1496 1797 1662 1831 debuissent
1676 1799 1855 1846 agnoscere,'

1002 1836 1098 1879 ipsum
1115 1838 1174 1870 effe
1192 1838 1335 1871 Mesfiam
1346 1861 1356 1878 ‚
1376 1839 1412 1871 ad
1426 1840 1542 1872 futilem
1559 1841 1762 1882 objectionem
1777 1855 1854 1878 con-

1001 1887 1182 1920 vertuntur>
1212 1883 1246 1914 δε
1272 1884 1348 1916 vitio
1373 1883 1428 1923 ipsi
1452 1892 1590 1921 vertunt,
1612 1885 1694 1926 quod
1718 1885 1853 1930 discipuli

1000 1924 1248 1965 ejus,antequarn
1264 1935 1353 1967 panes
1371 1925 1573 1957 comedendos
1591 1928 1853 1971 acciperent‚ma-

999 1975 1056 1996 nus
1066 1975 1128 1996 non
1144 1965 1287 1999 lavissent.
1321 1967 1435 1999 Merito
1450 1978 1521 2010 ergo
1542 1967 1680 2001 Christus
1694 1971 1762 2003 illos
1777 1981 1850 2005 cum

1000 2007 1203 2049 indignatione
1219 2009 1350 2051 repellit,
1362 2011 1599 2052 monuitque,ut
1618 2012 1666 2044 sua
1683 2015 1762 2055 prius
1777 2017 1851 2049 vitia

1000 2051 1210 2090 emendarent,
1231 2062 1327 2093 neque
1337 2062 1528 2094 praeceptum
1540 2056 1670 2095 primum
1684 2064 1770 2096 atque
1785 2067 1851 2089 ma-

1001 2092 1120 2124 ximum
1144 2093 1181 2125 de
1205 2094 1386 2127 honorandis
1411 2097 1578 2136 parentibus
1599 2098 1748 2130 tollerent.
1770 2101 1848 2140 Eph.

998 2133 1054 2166 VI.
1078 2147 1102 2168 ι.
1125 2146 1154 2167 2.
1179 2146 1207 2178 3.
1229 2137 1264 2169 In
1290 2141 1361 2180 τιμῇ
1379 2138 1641 2179 comprehenditur
1665 2141 1752 2171 etiam
1768 2152 1852 2184 prae-

1002 2175 1088 2209 statio
1113 2178 1324 2211 alimentorum
1363 2190 1387 2212 1.
1406 2183 1477 2210 Tim.
1503 2180 1542 2214 V.
1569 2190 1597 2222 3.
1624 2191 1671 2223 ¹7·
1701 2183 1750 2215 18.
1774 2187 1849 2219 All.

1002 2218 1158 2253 XXVIII.
1183 2232 1232 2253 10.
1253 2225 1308 2253 Sir.
1331 2222 1519 2254 XXXVIII.
1541 2233 1567 2254 1.

1044 2272 1069 2303 5.
1080 2263 1187 2303 ἐῦροοχὲ
1203 2265 1241 2293 ἔξω
1258 2269 1282 2301 ἐξ
1297 2267 1349 2304 ἐμοέ
1366 2267 1507 2308 ὠφεληθῇς]
1530 2265 1563 2296 Id
1582 2276 1693 2307 omne,
1710 2278 1774 2309 quo
1791 2271 1847 2302 tibi

1001 2305 1198 2336 commodare
1214 2306 1349 2349 possem,
1365 2307 1500 2347 donum,
1517 2308 1537 2338 i.
1554 2319 1579 2339 e.
1597 2318 1629 2339 ut
1647 2320 1690 2340 res
1709 2310 1780 2344 Deo
1796 2313 1848 2345 de·

1003 2355 1074 2379 vota
1091 2349 1124 2378 &
1141 2349 1236 2390 sacra,
1253 2350 1326 2381 esto.
1349 2352 1452 2382 Levit.
1468 2350 1509 2382 V.
1533 2360 1581 2391 15.
1603 2353 1750 2384 Nedarim.
1769 2353 1794 2387 Ι.
1817 2366 1848 2388 2.

1002 2389 1021 2420 si
1041 2391 1106 2431 quis
1121 2390 1226 2423 dixerit
1246 2392 1371 2423 Konam
1389 2417 1400 2434 ‚
1421 2392 1493 2424 haec
1517 2393 1582 2424 sunt
1607 2397 1791 2435 cognomina
1814 2401 1850 2429 τίς·

1002 2431 1317 2476 Corban.quicunque
1333 2435 1455 2467 dixerit:
1474 2433 1619 2477 Corban,
1637 2436 1849 2472 holocaustum

1001 2493 1065 2500 ·-—
1084 2475 1165 2517 esto,
1184 2478 1387 2518 quodcunque
1411 2478 1573 2510 comedero
1595 2487 1714 2519 tecum,
1735 2482 1849 2524 obliga-

1001 2526 1048 2549 tus
1065 2518 1117 2549 est.
1139 2520 1171 2551 Si
1186 2520 1307 2552 dixerit:
1319 2519 1463 2560 Corban,
1474 2521 1541 2559 vel,
1552 2530 1585 2553 ut
1599 2521 1724 2554 Corban
1733 2524 1849 2565 ,quod-

1001 2571 1118 2602 cunque
1134 2563 1297 2594 comedero
1313 2571 1416 2594 tecum
1427 2572 1571 2605 ‚tenetur.
1591 2563 1630 2596 Π.
1649 2575 1678 2605 5.
1694 2567 1728 2596 &
1744 2566 1798 2598 III.
1815 2578 1847 2601 2.

1000 2603 1032 2634 id
1048 2613 1157 2646 omne,
1179 2616 1241 2646 quo
1256 2607 1343 2637 uxori
1358 2616 1439 2637 meae
1456 2605 1651 2638 commodare
1666 2608 1794 2650 poffim,
1811 2610 1848 2642 fit

1001 2644 1133 2679 Conam.
1174 2648 1231 2680 ΙΙΙ.
1257 2658 1307 2680 11.
1330 2649 1362 2680 Si
1378 2650 1441 2689 quis
1458 2649 1581 2687 dixerit,
1606 2650 1747 2692 Conam,
1768 2663 1848 2693 quo-

1000 2698 1119 2730 cunque
1136 2691 1212 2722 mihi
1227 2691 1421 2722 commodare
1437 2691 1546 2732 poffint
1561 2691 1613 2722 filii
1621 2691 1658 2722 N
1659 2693 1761 2724 oachi:
1774 2703 1848 2727 tunc

999 2731 1075 2763 liciti
1094 2733 1147 2774 ipsi
1170 2732 1235 2765 sunt
1265 2733 1424 2773 Israelitae,
1444 2733 1609 2774 prohibitae
1636 2744 1710 2766 vero
1734 2745 1846 2777 gentes.

1000 2773 1142 2814 Conam,
1163 2785 1344 2816 quocunque
1361 2775 1555 2807 commodare
1571 2775 1646 2806 mihi
1661 2777 1775 2818 poffent
1793 2779 1848 2812 filii

1000 2816 1152 2848 Abrahae:
1176 2817 1321 2859 prohibiti
1345 2817 1410 2849 sunt
1433 2816 1573 2849 Israelitae
1589 2842 1599 2856 ‚
1619 2819 1692 2850 liciti
1716 2822 1846 2862 gentiles.

1001 2859 1197 2900 Quocunque
1220 2861 1295 2891 mihi
1320 2859 1517 2891 commodare
1537 2860 1657 2902 possunt
1673 2862 1727 2893 filii
1745 2863 1847 2903 Israel,

1000 2909 1080 2932 emat
1096 2911 1167 2933 caro
1188 2904 1222 2935 ὃ(
1242 2902 1349 2933 vendat
1368 2903 1435 2933 vili:
1458 2912 1651 2944 quocumque
1671 2907 1851 2939 commoda-

1000 2954 1032 2975 re
1051 2944 1167 2986 possem
1185 2944 1250 2976 filiis
1266 2945 1393 2982 Israelis,
1414 2955 1492 2977 emat
1515 2946 1567 2976 vili
1583 2947 1617 2977 &
1635 2948 1741 2980 vendat
1760 2959 1847 2982 caro:

1000 2996 1182 3028 quocunque
1209 2988 1254 3018 vel
1275 2988 1350 3018 mihi
1370 2988 1413 3018 illi
1435 2988 1482 3019 vel
1506 2988 1561 3018 illis
1579 2999 1634 3030 ego
1652 2993 1848 3025 commodare

997 3029 1240 3072 p0ffem,p0test
1256 3030 1451 3061 commodare
1467 3031 1615 3072 gentibus.
1636 3032 1756 3065 Conam
1767 3045 1847 3076 ,quo

997 3072 1072 3102 mihi
1099 3072 1297 3104 commodate
1322 3072 1437 3114 possent
1459 3075 1654 3114 praeputiati,
1676 3076 1761 3108 liberi
1782 3078 1848 3110 suut

996 3117 1170 3155 praeputiati
1188 3115 1313 3154 Israelis,
1334 3115 1477 3157 prohibiti
1497 3117 1666 3149 circumcisi
1681 3119 1847 3160 gentilium.

999 3157 1037 3188 V.
1050 3159 1077 3189 6.
1103 3157 1133 3188 Si
1150 3160 1214 3201 quis
1231 3168 1305 3189 voto
1321 3158 1453 3189 exclusus
1470 3158 1513 3189 est
1531 3169 1548 3189 a
1565 3161 1735 3193 commodo
1751 3163 1849 3202 perci-

995 3199 1105 3242 piendo
1115 3222 1126 3241 ‚
1135 3210 1191 3246 nec
1200 3201 1336 3235 habuerit
1345 3201 1416 3243 quid
1426 3202 1569 3235 comedat
1581 3211 1588 3232 :
1598 3202 1647 3236 det
1661 3204 1708 3235 ille
1715 3228 1726 3246 ‚
1734 3204 1784 3245 qui
1797 3213 1848 3234 ex-

1580 3245 1589 3247 *
1784 3246 1849 3277 clu-
