1976 3519
386 217 1445 264 .PRO‘LEGOMEN*A;
1737 234 1796 274 99

65 311 189 354 versus
204 309 295 359 eos,
337 309 405 363 qui
429 309 625 362 requirunt
642 305 883 347 autoritatem
903 303 1113 358 publicam,
1143 304 1611 349 docuinihilefle'necesse
1622 309 1661 349 in
1671 321 1789 363 opere

64 369 231 420 privatae
260 364 413 407 lecirioni
440 374 585 417 parato.
643 362 740 401 Satis
759 361 813 401 est
833 359 1021 400 Ecclesiae
1036 359 1184 412 judicio
1203 359 1418 401 submissum
1438 363 1512 403 eme
1531 364 1639 418 quod
1662 364 1789 418 profe-

62 436 116 462 ro,
171 420 210 461 Si
230 420 314 474 quis
335 420 374 458 in
395 428 458 458 me
478 416 664 457 desiderat
683 415 820 468 justam
843 414 1097 455 eruditionem
1113 441 1124 459 ,
1151 415 1334 464 arbitror,
1366 430 1427 456 me
1449 417 1651 470 superasse,
1673 432 1787 473 quot-

59 487 157 529 quot
186 476 366 516 ha&enus
383 473 422 512 in
442 472 518 512 hoc
537 482 762 525 argumento
784 469 918 510 versati
935 469 1030 509 sunt.
1087 469 1126 509 Si
1145 483 1294 510 curam:
1325 469 1350 509 si
1373 471 1466 523 quid
1488 472 1632 523 defuit,
1662 474 1784 527 poste-

58 531 241 580 rioribus,
271 542 313 570 ut
340 526 454 567 habat
485 525 751 579 proverbium,
792 524 1009 564 melioribus
1027 523 1213 565 sarcimus.
1270 525 1310 564 Si
1330 526 1415 578 quis
1434 526 1511 566 hoc
1531 541 1686 581 quoque
1704 529 1783 570 cul·

58 597 149 639 pat,
188 584 334 632 dicam,
364 582 484 622 homo
512 580 616 629 sum,
646 584 686 620 δε
713 578 1058 633 probatiffimorum
1088 581 1256 620 virorum
1284 579 1422 632 sequor
1449 582 1677 635 exemplum.
1739 585 1780 624 Si

58 641 145 694 quis
164 653 224 680 me
243 648 357 691 negat
372 635 445 677 efl'e
463 634 710 689 Theologum
722 668 732 682 ‚
763 634 1016 674 Grammatici
1033 646 1158 687 partes
1176 635 1248 688 egi.
1277 634 1316 674 Si
1339 635 1645 677 Grammaticum
1658 637 1781 691 asper-

56 706 195 735 nantur
213 723 225 743 ,
264 705 343 732 non
374 690 590 744 aspernatur
618 690 758 730 Caesar
791 688 954 729 tonsoris
983 700 1049 729 aut
1074 689 1370 730 nomenclatoris
1396 690 1577 732 officium.
1636 692 1676 731 Si
1705 693 1780 733 cla-

55 760 185 798 mant,
215 747 291 787 hoc
320 759 401 785 non
426 744 496 784 nisi
517 759 538 784 a
557 745 769 799 Theologo
789 744 966 797 praestari
985 743 1171 797 potuisse,
1199 744 1428 799 Theologus
1449 746 1621 787 infimam
1644 747 1780 789 Theo-

55 803 178 857 logiae
208 801 445 843 funffionem
475 799 571 839 mihi
591 799 739 854 sumpsi.
792 800 832 840 Si
854 799 1082 852 Theologus
1108 813 1188 839 non
1214 799 1292 850 est,
1320 814 1399 853 quo
1421 800 1466 841 fit
1486 801 1580 841 alius
1598 801 1775 853 doffior,

53 872 135 898 non
164 857 317 897 habebit
342 855 445 895 orbis
471 854 541 894 nisi
571 869 688 895 unum
717 853 979 909 Theologum.
1037 854 1274 908 Quanquam
1294 853 1380 895 suae
1397 855 1535 909 cuique
1553 856 1665 897 dotes
1681 857 1777 900 suut.

53 913 94 954 Si
112 912 234 953 nullus
253 910 399 952 adferet
418 910 595 959 meliora,
624 923 682 950 res
700 909 780 962 ipsa
797 908 997 963 loquetur,
1026 922 1088 949 me
1106 923 1187 949 non
1208 909 1370 949 omnino
1389 910 1509 953 lufiffe
1528 925 1697 965 operam.
1735 913 1776 954 Si

52 968 137 1022 quis
162 965 329 1017 adferet,
357 966 509 1020 gemina
535 965 632 1004 mihi
659 963 856 1004 debebitur
882 965 1024 1018 gratia,
1055 964 1220 1017 primum
1241 964 1348 1019 quod
1367 965 1635 1007 exstimularim
1653 981 1778 1009 exem-

51 1023 140 1076 plo,
167 1021 308 1063 deinde
337 1019 445 1074 quod
461 1020 624 1073 juverim
641 1019 868 1073 praestrusta
886 1020 959 1060 via.
1014 1019 1052 1058 Si
1075 1020 1160 1072 quis
1177 1020 1366 1070 clamitat,
1398 1021 1493 1061 haec
1510 1021 1584 1063 esse
1606 1023 1771 1074 leviora,

50 1090 166 1131 quam
194 1088 236 1118 ut
263 1089 401 1130 operae
418 1075 580 1129 pretium
600 1074 665 1125 fit,
695 1073 944 1128 Theologum
965 1074 1041 1115 huc
1061 1074 1215 1115 flestere
1231 1075 1384 1125 oculos,
1414 1076 1620 1118 reclamant
1638 1089 1697 1118 tot
1718 1079 1776 1118 in-

49 1132 173 1187 signes
191 1131 312 1186 lapsus
331 1143 556 1184 magnorum
576 1129 719 1183 alioqui
739 1129 1046 1183 Theologorum.
1102 1129 1142 1169 Si
1161 1143 1259 1184 quos
1278 1130 1398 1182 pudet
1409 1130 1503 1171 haec
1511 1131 1673 1179 nescire,
1696 1133 1774 1173 dis-

46 1199 135 1228 cant
159 1190 199 1226 &
227 1186 357 1227 abierit
389 1184 534 1239 pudor;
577 1185 604 1225 si
627 1184 747 1237 pudet
767 1184 923 1238 pigetve
942 1184 1106 1234 discere,
1138 1184 1249 1224 venia
1261 1184 1412 1226 dabitur
1434 1185 1593 1239 pudori,
1622 1188 1773 1230 dabitur

47 1245 88 1282 &
115 1240 300 1291 desidiae,
328 1241 439 1280 livori
469 1253 549 1280 non
575 1239 746 1284 dabitur,
777 1239 804 1279 fi
830 1239 1044 1293 junioribus
1070 1239 1164 1279 haec
1195 1238 1341 1280 discere
1369 1241 1608 1293 cupientibus
1628 1243 1771 1284 obstre-

47 1309 160 1351 pent:
188 1296 216 1336 fi
246 1310 360 1350 quem
384 1295 478 1335 illud
512 1295 626 1335 habet
655 1294 774 1345 male,
805 1293 914 1348 quod
931 1294 1160 1348 Theologos
1181 1294 1371 1348 quosdam
1390 1295 1540 1337 liberius
1556 1299 1687 1352 attigi,
1718 1299 1771 1340 ita

47 1363 128 1392 tum
152 1351 247 1391 mihi
278 1350 353 1391 visa
380 1351 435 1390 est
454 1350 603 1405 exigere
624 1349 754 1399 causa,
785 1363 1018 1403 quamquam
1040 1351 1117 1390 hoc
1137 1364 1293 1404 quoque
1312 1350 1531 1392 moderatus
1553 1351 1631 1393 sum
1646 1354 1771 1406 poste-

44 1407 203 1447 rioribus
231 1405 473 1447 editionibus.
529 1405 572 1445 N
577 1404 692 1445 ullum
711 1405 888 1445 ordinem
911 1419 1069 1459 usquam
1088 1405 1229 1445 incesso
1243 1436 1254 1456 ,
1284 1407 1324 1445 in
1343 1407 1538 1447 neminem
1559 1408 1688 1448 strinxi
1707 1423 1768 1449 ca-

43 1461 205 1513 lamum,
234 1460 304 1501 nisi
331 1459 612 1502 virulentissime
640 1459 843 1510 laceffitus‚
872 1460 1018 1514 semper
1049 1471 1176 1501 tamen
1197 1461 1378 1502 civilitate
1394 1461 1562 1516 superior
1582 1477 1770 1516 provoca·-

45 1527 138 1558 tore.
195 1516 338 1570 Neque
359 1516 560 1570 quisquam
577 1514 703 1556 adhuc
724 1515 1034 1571 Theologus‘aut
1056 1515 1275 1557 Monachus
1294 1517 1333 1557 in
1354 1532 1415 1558 me
1436 1518 1689 1560 debacchatus
1699 1521 1768 1571 est,

42 1570 186 1612 etiamsi
215 1572 256 1612 id
288 1571 409 1612 fecere
437 1572 607 1613 Rabbini
637 1572 813 1613 nonnulli
841 1570 983 1626 palliati
1005 1572 1252 1628 compluress
1286 1573 1362 1613 Sed
1391 1571 1548 1614 obsecro
1568 1587 1635 1628 per
1655 1573 1768 1616 Chri-

44 1627 164 1673 stum,
193 1627 221 1667 fi
240 1640 440 1682 pergemus
468 1627 517 1667 ad
538 1627 649 1667 istum
669 1627 829 1668 modum
849 1642 921 1668 nos
940 1628 1096 1668 viciffim
1118 1629 1295 1669 dentibus
1313 1630 1516 1683 impetere,
1547 1629 1644 1683 quid
1662 1630 1770 1685 supe*

41 1682 136 1732 rest,
165 1682 234 1722 nisi
264 1693 306 1722 ut
325 1683 463 1722 mutuis
483 1682 665 1722 morsibus
681 1683 836 1722 tandem
856 1683 1129 1723 conficiamur?
1159 1685 1322 1734 Quanto
1340 1684 1544 1724 consultius
1565 1683 1698 1735 fuerit,
1727 1697 1770 1727 ut

44 1736 72 1776 sl
99 1737 184 1790 quis
210 1736 305 1790 quid
331 1737 371 1776 in
392 1736 485 1776 meis
505 1736 650 1789 scriptis
670 1736 877 1787 desiderat,
906 1749 1145 1777 autmoneat
1162 1739 1362 1792 privatim,
1392 1748 1471 1791 quo
1494 1739 1647 1779 medear
1665 1740 1768 1792 ipse,

43 1802 108 1832 aut
136 1791 284 1845 publice
311 1803 511 1844 coarguat,
541 1790 605 1831 sed
618 1792 874 1845 argumentis,
896 1805 976 1832 non
1006 1792 1214 1832 scurrilibus
1233 1794 1436 1833 conviciis:
1466 1794 1518 1833 ita
1533 1806 1604 1834 nec
1624 1795 1770 1836 inficie-

44 1858 105 1887 tur
132 1847 251 1887 leetor
274 1847 541 1886 amarulentiae
567 1860 740 1896 veneno,
769 1849 809 1894 &
829 1862 851 1887 a
871 1860 933 1887 me
953 1861 1034 1886 non
1053 1847 1216 1901 vulgaris
1234 1848 1388 1888 inibitur
1407 1849 1539 1902 gratia.
1593 1849 1770 1891 Seniores

38 1901 234 1954 juniorum
262 1900 450 1955 profe3ui
470 1901 630 1941 comiter
649 1900 824 1950 faveant,
851 1902 1021 1955 juniores
1039 1915 1173 1942 contra
1194 1902 1402 1942 senioribus
1422 1917 1471 1943 ne
1491 1902 1685 1944 insultent:
1715 1906 1769 1947 ita

41 1957 230 2010 majorum
256 1966 423 2010 aequitas
440 1955 662 2009 candorque
674 1987 684 2004 ‚
712 1970 756 1995 ac
774 1956 966 1996 minorum
980 1956 1173 1996 rmodestia
1195 1957 1500 2011 verecundiaque
1518 1960 1770 2001 concordiam

39 2010 136 2058 alet,
165 2011 368 2052 tumultum
391 2010 585 2061 excludet,
613 2010 799 2051 invidiam
829 2012 996 2057 minuet,
1028 2010 1280 2065 professorum
1307 2013 1549 2053 autoritatem
1579 2027 1659 2053 non
1693 2014 1769 2056 lae-

40 2065 128 2112 det,
158 2065 398 2120 profeffionis
425 2066 652 2120 dignitatem
675 2066 860 2116 tuebitur,
890 2066 1092 2107 utilitatem
1112 2067 1273 2121 augebit.
1329 2068 1446 2122 Agite
1466 2079 1660 2122 quotquot
1679 2084 1768 2111 vere

40 2119 254 2176 Theologi,
283 2122 363 2161 imo
383 2133 576 2175 quotquot
597 2135 687 2161 vere
705 2120 914 2162 Christiani
934 2121 1008 2162 effe
1029 2121 1204 2163 volumus
1217 2152 1229 2173 ,
1256 2122 1334 2162 hoc
1355 2122 1552 2162 consilium
1563 2124 1768 2177 ampleEta-

40 2189 143 2221 mur,
170 2191 240 2217 nec
270 2175 483 2230 poenitebit
509 2176 793 2229 obtemperasse.
847 2176 905 2217 Ex
930 2176 1029 2217 hisce
1056 2177 1210 2218 rabiosis
1241 2178 1552 2218 contentionibus
1581 2179 1677 2232 quid
1706 2194 1770 2222 ex·-

41 2230 198 2285 spedhri
228 2232 373 2285 potest,
402 2231 472 2271 nisi
499 2232 580 2271 talis
610 2232 752 2281 exitus,
782 2231 907 2285 qualia
927 2232 1008 2284 jam
1026 2231 1174 2273 dudum
1193 2232 1367 2273 videmus
1387 2233 1603 2286 prooemia?
1658 2234 1770 2276 Haec

41 2286 180 2339 opinor
198 2285 348 2327 abunde
369 2281 619 2335 satisfacient,
649 2287 716 2340 qui
739 2286 806 2326 fibi
826 2286 907 2328 fieri
927 2286 1012 2327 satis
1031 2287 1110 2328 ullo
1132 2286 1254 2329 modo
1274 2288 1446 2341 patietur.
1485 2287 1692 2330 Caeterum
1704 2291 1771 2344 qui

41 2340 108 2382 fibi
133 2342 312 2383 obturant
341 2355 468 2392 aures,
497 2355 546 2381 ne
577 2341 835 2395 cognoscant,
864 2343 930 2396 qui
950 2342 1160 2383 occludunt
1179 2343 1331 2392 oculos,
1361 2357 1411 2383 ne
1429 2355 1606 2395 cernant,
1636 2344 1770 2386 frustra

41 2396 187 2437 canitur
204 2396 298 2437 haec
317 2395 450 2437 fabula.
504 2396 674 2437 Proinde
695 2396 739 2436 fit
758 2397 940 2437 haitenus
963 2398 1052 2437 huic
1070 2399 1230 2453 negotio
1250 2397 1383 2438 datum
1409 2397 1505 2440 satis.

96 2451 289 2492 Omnibus
308 2452 385 2492 istis
406 2463 533 2492 tamen
553 2453 786 2506 argumentis
804 2452 962 2506 prolatis
973 2466 1061 2492 non
1083 2454 1208 2506 potuit
1228 2451 1404 2494 Erasmus
1414 2454 1467 2495 ita
1478 2453 1691 2496 satisfacere
1701 2455 1772 2497 ad·-

42 2506 210 2548 versariis
230 2506 322 2551 suis,
352 2507 446 2561 quin
467 2507 580 2547 variis
599 2507 769 2560 undique
789 2507 1088 2550 accusationibus
1111 2509 1250 2562 petitus
1267 2508 1402 2549 iterum
1412 2523 1456 2549 ac
1465 2508 1610 2563 saepius
1621 2511 1769 2551 causam

42 2560 168 2602 dicere
188 2572 407 2616 cogeretur,
436 2570 573 2601 contra
593 2561 829 2601 Eduardum
851 2562 977 2602 Lenm
1000 2576 1037 2616 p.
1075 2565 1168 2603 108.
1225 2563 1326 2617 Qis
1348 2575 1495 2613 autem,
1527 2565 1672 2619 inquit,
1693 2578 1773 2608 tam

44 2615 89 2656 sit
115 2616 288 2667 insanus,
316 2628 358 2657 ut
386 2616 564 2657 arbitratu
591 2616 658 2657 suo
686 2628 827 2667 mutet,
856 2617 965 2671 quod
994 2618 1105 2658 estin
1125 2619 1270 2658 arcanis
1288 2617 1570 2660 voluminibus?
1601 2620 1640 2660 Si
1661 2622 1773 2661 nobis

44 2683 280 2725 compertum
310 2671 421 2722 esset,
451 2672 546 2725 quid
565 2671 657 2713 esset
677 2671 856 2726 scriptum
877 2673 924 2713 ab
944 2672 1142 2726 Apostolis
1163 2677 1202 2712 &
1221 2673 1493 2728 EvangelistiS‚
1523 2675 1663 2729 impius
1684 2690 1774 2730 pro-

41 2724 144 2766 festo
174 2726 293 2776 foret,
324 2727 390 2781 qui
418 2728 479 2767 vel
504 2727 652 2779 apicem
681 2740 883 2769 conaretur
911 2728 1132 2768 immutare:
1162 2742 1264 2769 nunc
1299 2742 1417 2782 quum
1435 2743 1507 2770 nec
1531 2730 1770 2771 Graecorum

42 2779 211 2822 Codices
250 2796 320 2822 nec
350 2782 476 2822 Latini
514 2782 600 2823 satis
631 2783 730 2822 inter
762 2781 799 2823 se
826 2782 1084 2832 consentiant,
1115 2797 1233 2837 quum
1253 2783 1396 2824 cotidie
1416 2783 1672 2838 depraventur
1692 2800 1712 2825 a
1732 2786 1776 2825 li-

46 2834 195 2886 brariis,
223 2837 380 2878 velimus
404 2837 592 2887 nolimus,
619 2837 765 2891 aliquid
789 2838 843 2879 est
864 2837 1144 2878 immutandum
1166 2852 1458 2892 nonnunquam.
1514 2840 1659 2892 Neque
1682 2854 1775 2880 con-

47 2887 230 2942 sequitur,
260 2891 287 2932 fi
318 2892 403 2946 quis
431 2892 480 2932 ad
510 2892 617 2935 hanc
629 2893 868 2946 provinciam
887 2893 1050 2934 idoneus
1068 2893 1109 2933 id
1130 2905 1273 2943 tentet,
1303 2895 1490 2934 continuo
1508 2894 1569 2947 jus
1594 2894 1675 2934 fore
1693 2895 1777 2949 qui-

47 2943 228 2995 buslibet,
256 2946 370 2987 etiam
391 2948 575 2998 coriariis,
606 2946 647 2988 id
669 2947 777 3001 quod
798 2949 898 2988 Leus
917 2948 1172 2989 ratiocinatur.
1229 2949 1267 2988 Si
1289 2948 1395 2989 nefas
1413 2949 1469 2989 est
1489 2949 1776 3004 mutare,quod

48 2997 140 3050 legit
167 3000 352 3051 Ecclesia,
383 3016 448 3042 cur
467 3003 505 3042 in
524 3014 687 3056 utroque
707 3003 959 3044 Testamento
981 3016 1059 3044 tam
1080 3004 1197 3044 multa
1217 3002 1325 3044 ausus
1344 3004 1398 3044 est
1419 3013 1563 3044 mutare
1584 3004 1780 3057 Hierony-

49 3055 158 3092 mus?
187 3067 250 3094 cur
279 3056 319 3095 in
348 3057 650 3098 Commentariis
679 3057 752 3099 suis
783 3059 897 3099 toties
925 3057 1049 3099 adfert
1079 3059 1139 3099 vel
1169 3072 1216 3099 ex
1244 3058 1511 3099 Hebraeorum
1534 3059 1636 3099 libris
1652 3059 1777 3099 velex

49 3107 286 3148 Graecorum
308 3112 599 3165 exemplaribus,
630 3113 738 3165 quod
757 3113 804 3154 ab
823 3112 896 3153 hac
917 3113 1125 3163 Leffione,
1156 3126 1271 3167 quam
1293 3113 1393 3154 Leus
1403 3113 1697 3153 Ecclesiasticam
1712 3125 1778 3151 vo<

47 3173 132 3213 cat,
160 3162 350 3205 diversum
370 3166 446 3213 est,
478 3170 517 3208 ὃ(
539 3167 589 3208 fic
609 3167 756 3220 adfert,
786 3180 858 3263 utiq
846 3167 955 3222 quod
980 3169 1121 3211 Graeci
1140 3168 1292 3223 legunt,
1321 3166 1510 3223 praeferat
1532 3166 1682 3208 nostrae
1698 3164 1782 3226 edi-

896 3236 916 3263 2
1707 3230 1781 3261 tiu<
