1976 3519
128 219 207 260 270

123 290 300 337 διαβόλου.

125 346 287 386 {mimae

122 400 178 440 ‘lm
207 398 235 439 οἶ
268 398 364 439 λίθοι
396 397 484 438 οὗτοι
516 396 612 450 ἄρτοι
634 395 803 446 γένωνται.

540 204 1097 242 ΕΥΑΓΓΕΑ

1158 201 1359 238 ION
1759 198 1832 242 IV.

415 284 486 328 Καὶ
517 285 679 334 inq-etiem
705 284 828 336 ἡμέρας
858 285 1123 337 τεσσαράκοντα
1153 281 1213 324 καὶ
1229 282 1357 325 νύκτας
1376 280 1662 342 τεσσαράκοντα,
1690 283 1803 336 ἰός-ἐρον
1835 298 1857 326 2

400 340 471 383 Kal
504 341 709 395 προσελθὸν
739 342 837 393 αὐτῷ
867 340 881 382 ὃ
915 339 1108 393 πειράζων,
1137 336 1235 379 εἶπεν·
1287 339 1338 377 ’Ei
1366 335 1431 379 υίὸς
1464 340 1489 376 εἰ
1510 339 1572 378 roi]
1592 340 1698 390 Θεοῦ,
1727 339 1804 379 εἰπὲ
1835 353 1856 393 3

914 397 959 436 ‘O
981 394 1016 435 δὲ
1038 389 1259 446 ἀποκριθεὶς,
1288 389 1375 432 εἶπε·
1431 389 1656 459 Hypata-rtem·
1711 396 1805 434 Ὀυκ
1831 407 1862 445 4

127 455 184 495 ἐπ’
219 452 314 507 ἄρτῳ
342 451 427 504 μόνῳ
458 451 605 507 ζήσεται
633 450 835 505 ἅνθρωπος,
866 452 957 492 ἀλλ’
980 449 1040 491 ἐπὶ
1062 447 1176 490 παντὶ
1198 446 1325 503 ῥίιμοιτι
1346 447 1586 500 ἒκπορευομενῳ
1607 447 1664 488 813.
1685 447 1805 498 ς-ὄμα-

165 614 191 633 2.
212 600 256 630 καὶ
277 602 365 634 wilm-ag
380 597 563 639 τεω-οιρείκοντοι
604 616 654 642 —3
678 611 701 629 ι.
725 610 768 638 37.
790 600 835 637 38.
854 601 917 639 quia
933 608 988 626 non
1005 599 1144 627 necessaria
1159 597 1296 643 putabant.

1749 520 1808 545 ‘1⁸05

1462 593 1506 622 καὶ
1522 590 1705 632 τεοῖοιροίνωντι
1719 594 1806 627 νύκτας
1823 597 1862 627 D,

168 653 194 680 3.
214 638 360 678 προσελθὶιν
373 638 468 676 ada-qs&
481 638 604 678 πειράδων
624 640 708 676 εἴπεν]
727 638 869 676 προσ-ἦλθεν
883 639 951 674 αὐτῷ
966 637 978 663 ὁ
992 634 1126 674 πειράζων,
1147 647 1190 663 και
1203 640 1262 664 εἶπεν
1275 635 1344 671 αὐτῷ
1359 637 1395 663 D.
1413 645 1446 664 ex
1468 634 1588 663 versione
1604 634 1676 664 Itala.

165 681 258 716 αὐτῷ]
280 696 330 700 -
353 682 418 707 106.

165 713 241 752 ..ard
257 720 269 745 ἆ
284 713 404 754 πειράζων
419 711 504 753 εἷπεν]
525 718 536 743 ὁ
552 712 675 753 πειράζων
692 709 752 741 εἶπεν
766 715 837 751 αὐτῇ
858 725 881 743 1.
902 715 996 743 Vei-sio
1014 719 1074 743 Lat.
1094 719 1138 747 Syr
1164 717 1240 751 Copt.
1258 712 1346 751 Chrys.

164 768 193 790 4.
210 757 222 782 ὀ
237 753 262 784 δὲ
277 754 438 793 ἀποκριθεὶς]
458 751 598 791 ἀποκριθεὶς
611 751 636 780 At
653 756 665 780 ὁ
680 753 770 783 Ἰησοῦς
790 755 825 781 D.
847 753 942 782 Versio
959 759 1025 781 Sax.
1043 763 1076 781 ex
1095 755 1176 780 Luca.

164 793 291 834 ζήσεται]
311 796 372 827 -1-ι5
391 795 480 822 CDE.
497 802 543 829 73.
562 802 595 820 ex
614 795 686 819 Luca
701 794 727 820 δε
748 793 831 820 Deut.
847 793 929 820 VIII.
951 801 976 828 3.

162 831 224 869 ἐπὶ]
241 834 261 859 ἐν
278 836 342 862 CD.
363 843 406 870 ¹3·
424 841 471 868 59.
488 832 584 860 Graeci
600 832 694 859 dieunt
708 825 758 856 α’πό
773 840 832 860 τινος
849 829 890 858 vel
903 831 923 857 ἐν
933 841 978 856 τινι
994 828 1046 868 ζῇν.
1086 829 1200 857 Hebraei
1215 824 1279 864 ἦν.
1298 832 1433 859 Maximus
1448 832 1506 869 Tyr.
1525 829 1652 857 XXXV.
1668 838 1693 857 2.
1713 826 1785 856 xxrlz
1800 833 1860 857 Me-

127 910 261 952 pellatur.
285 912 432 941 Devarim
447 908 488 939 R.
508 908 531 939 f.
553 915 624 948 247.
643 915 671 937 2.
715 906 846 947 Angelus
861 906 977 939 Samae'l

129 955 238 994 impius
260 954 303 984 est
338 959 425 992 caput
450 951 589 981 omnium
606 950 787 980 Satanarum.
827 949 977 980 Shabbath

129 996 152 1026 f.
183 996 231 1036 89.
265 1005 290 1025 1.
319 993 464 1025 Schemoth
502 993 542 1023 R.
574 991 662 1023 XLI.
688 991 727 1022 R.
747 991 837 1031 Josua
854 993 875 1023 f.
901 993 977 1024 Levi

129 1037 221 1078 dixit,
243 1037 314 1078 quid
334 1036 378 1067 est
394 1034 476 1077 quod
491 1034 634 1075 scriptum
650 1033 692 1065 est
708 1033 807 1064 Exod.
829 1034 972 1066 XXXII.

133 1089 157 1110 1.
179 1090 214 1110 ne
238 1079 314 1119 legas
340 1078 481 1120 Boschesh
506 1086 578 1108 cum
595 1076 736 1116 tardaret,
755 1076 802 1107 sed
820 1076 974 1119 Baschesc'h

129 1123 210 1153 venit
227 1121 299 1153 hora
316 1121 403 1152 sexta.
449 1120 532 1151 Cum
550 1118 650 1150 Moses
664 1120 694 1149 in
711 1119 805 1150 altum
815 1119 974 1151 adscende-

129 1174 192 1204 ret,
211 1166 287 1195 dixit
302 1164 418 1202 Israeli,
434 1162 501 1205 post
520 1161 580 1193 dies
598 1160 671 1193 XL.
692 1161 767 1193 hora
776 1162 851 1193 sexta
860 1162 973 1194 redibo.

130 1207 214 1238 Cum
242 1216 341 1239 autem
374 1206 447 1238 XL.
475 1205 517 1235 illi
547 1203 609 1235 dies
643 1204 728 1245 elapfi
748 1204 838 1236 essent
856 1229 866 1246 ,
893 1206 975 1237 venit

129 1250 266 1291 Satanas,
289 1251 323 1280 &
347 1248 477 1280 turbavit
501 1246 667 1288 mundum,
694 1246 843 1288 dixitque:
866 1248 917 1278 ubi
932 1247 975 1279 est

129 1292 232 1324 Moses
257 1291 390 1333 magister
414 1289 540 1324 vester?
571 1298 705 1321 mortuus
728 1289 778 1321 est.
821 1292 930 1320 Gittin.
951 1291 974 1322 f.

128 1335 179 1365 68.
206 1344 231 1365 1.
252 1334 476 1366 Aschmodaeus
492 1332 535 1363 est
545 1332 841 1364 rexdaemoniorum.
861 1336 897 1364 R.
908 1335 976 1362 Mo-

122 1377 157 1419 fi
172 1377 193 1409 f.
213 1378 402 1408 Nachaman.
444 1375 601 1408 Vocantur
617 1373 742 1405 Schedim
754 1376 822 1415 quia
830 1375 974 1408 habitatio

128 1430 234 1451 eorum
250 1420 293 1451 est
311 1421 342 1450 in
359 1420 431 1451 loco
449 1417 582 1457 vastato,
602 1418 694 1459 qualis
709 1417 751 1448 est
768 1417 908 1450 solitudo.
936 1421 972 1449 R.

129 1462 238 1493 Bechai
264 1464 294 1493 in
326 1463 412 1493 Pent.
440 1462 460 1492 f.
486 1462 554 1493 180.
577 1471 609 1502 4.
630 1459 782 1491 accusator
808 1461 972 1502 maximus,

130 1516 220 1546 quem
237 1505 380 1537 Israelitae
395 1504 523 1543 habent,
543 1504 575 1533 in
591 1503 679 1534 coelo
696 1502 738 1533 est
755 1503 892 1544 princeps
907 1503 977 1534 soli-

129 1548 238 1579 tudinis
254 1573 265 1589 ,
299 1547 412 1590 serpens
449 1548 550 1587 igneus
586 1545 701 1576 volans.
741 1548 779 1576 R.
810 1546 977 1576 Menachem

127 1591 275 1623 Recanati
299 1592 332 1622 in
350 1590 465 1621 Pentat.
485 1588 508 1620 f.
533 1596 602 1628 141.
625 1597 655 1618 2.
678 1597 706 1629 3.
727 1590 874 1628 praecepit
889 1588 919 1619 S.
941 1588 974 1620 Β.

130 1641 163 1664 ut
186 1635 338 1664 mittamus
365 1632 415 1663 die
435 1631 606 1672 expiationis
620 1629 741 1660 hircum
759 1630 790 1660 in
808 1629 973 1668 desertum,

129 1677 258 1717 principi
283 1674 450 1705 dominanti
475 1675 507 1704 in
532 1672 607 1703 locis
630 1670 763 1711 desertis,
784 1672 818 1703 &
843 1672 903 1702 hoc
919 1674 973 1713 ipsi

130 1719 276 1759 competit
291 1742 302 1758 ,
331 1717 399 1758 quia
421 1715 576 1746 Dominus
604 1712 723 1744 illorum
743 1712 795 1744 est.
830 1716 972 1746 Mas‘mon.

129 1761 205 1791 Mor
222 1759 346 1791 Nevoh.
367 1758 420 1789 III.
440 1758 490 1797 46.
511 1757 594 1787 Scire
612 1763 640 1787 te
653 1763 791 1797 oportet,
815 1766 914 1787 carnes
923 1757 974 1788 de-

131 1803 226 1835 fiderii
241 1812 304 1834 non
319 1802 402 1833 fuisse
418 1799 582 1842 prohibitas
600 1798 654 1830 nisi
672 1800 703 1829 in
719 1797 844 1830 deserto.
885 1799 973 1830 Nam

130 1847 316 1886 temporibus
341 1845 397 1875 illis
420 1843 526 1884 opinio
547 1841 725 1882 invaluerat,
756 1841 928 1872 Daemones
942 1843 974 1874 in

130 1888 245 1919 desertis
255 1888 383 1918 habitare
391 1911 401 1927 ,
410 1886 494 1926 loqui
505 1909 514 1925 ,
522 1893 660 1925 apparere
671 1893 677 1912 :
688 1884 720 1914 in
729 1883 851 1915 urbibus
859 1894 931 1916 vero
940 1885 975 1917 ὃς

131 1931 205 1963 locis
222 1930 356 1961 habitatis
371 1936 558 1969 nequaquam
577 1926 720 1968 conspici.
740 1926 824 1957 Tob.
848 1926 930 1957 VIII.
943 1937 972 1968 3.

172 1983 200 2004 2.
221 1977 336 2005 νηςεύα-νις
353 1989 417 1996 ·—--
433 1970 564 2010 ἔπεινοισ-ε]
587 1968 692 2000 Tanto
709 1969 804 2008 major
818 1968 900 2008 Jesus
917 1969 974 2001 fuit

130 2015 263 2047 Adamo.
304 2014 385 2053 Jesus
402 2012 516 2052 jejunio
538 2020 700 2042 maceratus
725 2012 760 2043 &
783 2011 862 2042 fame
888 2020 975 2052 atque

130 2060 233 2099 inopia
261 2056 346 2089 feffus
362 2081 372 2097 ‚
401 2057 475 2086 vicit
492 2053 677 2085 Diabolum:
707 2063 723 2084 a
740 2063 802 2094 quo
820 2053 971 2095 Adamas,

130 2103 241 2142 integer
256 2100 289 2130 &
306 2098 449 2131 omnibus
465 2095 712 2138 affluens‚v16tus
727 2104 787 2127 erat
797 2117 806 2134 ,
829 2094 924 2129 Conf.
944 2106 971 2128 1.

130 2147 205 2175 Sam.
228 2142 317 2174 XIV.
341 2151 391 2182 30.

169 2187 307 2228 ιηςιόσ-κς]
330 2183 471 2215 Solebant
486 2183 574 2212 etiam
577 2180 692 2221 jejunio
703 2180 970 2222 &precibus,hoc

130 2229 173 2260 est
192 2228 329 2269 precibus
344 2235 405 2257 tarn
423 2224 608 2263 ardentibus,
629 2232 660 2255 ut
675 2225 793 2255 interim
810 2224 914 2255 cibum
927 2224 973 2255 su-

131 2281 211 2302 mere
226 2270 404 2310 negligerent
414 2291 423 2306 ,
446 2268 559 2298 muneri
576 2267 659 2297 sacro
674 2266 802 2307 gerendo
817 2265 873 2297 sese
892 2276 974 2309 prae-

129 2323 236 2356 parare.
278 2311 345 2343 Λᾶ.
369 2309 457 2342 XIII.
483 2319 510 2350 3.
533 2308 622 2341 XIV.
645 2318 696 2350 23.

172 2356 327 2387 Numerus
359 2352 600 2394 quadragenarius
625 2352 703 2383 sacer
727 2349 768 2381 est
787 2350 972 2383 &solennis.

130 2398 279 2430 Totidem
303 2397 363 2427 dies
380 2405 471 2436 aquae
495 2394 599 2425 diluvii
618 2401 792 2433 creverunt,
814 2403 973 2436 puerperae

132 2441 193 2472 filio
210 2442 239 2471 in
256 2440 355 2471 lucem
371 2439 453 2469 edito
469 2439 601 2479 impurae
619 2445 715 2476 erant,
736 2436 971 2477 exploratoresin

130 2486 234 2515 itinere
250 2489 417 2523 exegerunt.
435 2482 521 2511 Num.
544 2479 633 2511 XIII.
656 2479 705 2511 26.
727 2477 887 2510 Goliathus
898 2479 972 2511 Isra-

131 2527 211 2557 elitas
227 2524 406 2566 provocavit
427 2526 536 2558 1.Sam.
562 2521 666 2554 XVII.
688 2522 717 2552 6.
760 2521 973 2553 Ninevitisda-

132 2577 198 2599 tum
213 2569 254 2599 est
271 2566 464 2609 poenitentiae
480 2565 623 2606 spatium,
643 2563 834 2606 poliinetores
849 2564 973 2597 cadaver

132 2609 368 2652 composuerunt
404 2608 484 2639 Gen.
506 2608 543 2639 L.
567 2617 596 2649 3.
618 2609 652 2639 &
683 2605 822 2638 Ezechiel
841 2608 973 2649 portavit

131 2655 318 2694 iniquitatem
328 2650 423 2690 Judae
438 2652 467 2681 in
482 2651 593 2682 visione
606 2649 665 2682 IV.
686 2651 714 2681 6.
757 2649 887 2691 thuod
901 2659 974 2691 pro—

133 2698 198 2737 pius
225 2694 285 2726 huc
307 2694 378 2725 facit
393 2719 404 2734 ,
431 2693 531 2724 Moses
556 2694 646 2724 etiam
673 2693 708 2725 δε
724 2691 802 2724 Elias
819 2691 890 2724 XL.
912 2692 974 2723 dies

130 2736 270 2780 jejunasse
285 2737 429 2777 leguntur.
452 2739 535 2774 Diog.
558 2739 597 2768 L.
621 2734 706 2767 VIII.
728 2743 779 2774 40.
803 2734 866 2771 φησὶ
881 2735 908 2765 ἑὲ
926 2741 971 2764 Δι-

134 2782 256 2820 καίαρχος
281 2780 321 2809 τὶν
346 2779 489 2817 Πυθαγόραν
512 2782 634 2808 ἀποθανεῖν
656 2778 846 2814 καταφυγόντα.
862 2781 891 2810 εἰς
907 2777 936 2807 τὶ
951 2781 973 2807 ἓν

135 2822 299 2859 Μεταποντίῳ
313 2822 364 2861 ιἐρὸν
380 2824 426 2851 τῶν
439 2824 535 2850 Man-5⁹
544 2844 551 2855 ,
573 2820 763 2860 τετταράκοντα.
777 2820 869 2859 ,ἱμέροις
883 2820 974 2852 ‹ita-irfi-

132 2880 229 2895 σαντιι,
269 2863 404 2904 Porphyr.
426 2864 455 2901 §.
478 2871 529 2902 57.
547 2866 568 2892 ἐν
585 2862 610 2892 δῖ
626 2865 662 2904 τῇ
673 2862 722 2902 περὶ
735 2863 903 2892 Μεταπόντιον
911 2861 977 2903 [ςέ-

133 2910 198 2950 σει]
220 2906 265 2937 καὶ
281 2906 424 2946 Πυθαγόρην
444 2905 518 2934 αὐτόν
535 2906 629 2940 λέγω-ι
653 2907 820 2939 reason-Hem,
842 2905 976 2942 ιιοιτοιφίυ-

134 2950 216 2985 ’γόντοι
231 2949 272 2979 ini
287 2951 316 2978 τὶ
332 2950 427 2979 Mna-5⁹
442 2947 510 2986 ἱερόν,
531 2946 621 2976 «maim
637 2949 683 2976 τῶν
697 2947 858 2982 summan,
870 2948 975 2985 pnsum}-

131 3004 176 3032 put
198 2991 367 3029 δὶαμείνοιντα.
407 2988 534 3030 Themtst.
565 2998 615 3029 23.
638 2988 709 3028 285.
737 2993 768 3022 εἷς
789 2989 974 3023 Μεταπόντιον,

135 3033 150 3064 5
166 3032 193 3065 cli.
208 3034 254 3063 xxi
268 3036 421 3065 ἐτελεύτησεν
437 3035 458 3061 ἕν
473 3036 509 3071 τῇ
525 3031 616 3070 rip-«fra
631 3034 679 3060 τᾶν
694 3034 806 3065 Meu-fir,
826 3043 859 3068 μι.
881 3031 911 3064 ὣς
921 3040 972 3068 φαι-

132 3090 174 3106 σιν
189 3076 278 3115 ἡμέρας
293 3075 441 3114 φεισᾶμιενος
453 3074 525 3105 cli-⁸.

177 3127 204 3160 3.
226 3118 294 3161 ι’νιός]
317 3117 397 3148 Non
419 3116 494 3148 dixit
517 3120 529 3145 ὁ
553 3116 614 3150 balva,
635 3114 711 3146 filius
736 3114 785 3145 ille
809 3114 872 3145 κατ’
892 3112 975 3151 ἐξοχὴν

132 3161 270 3203 proprius
296 3161 331 3194 &
348 3161 473 3199 unicus3
493 3159 583 3191 etiam
600 3167 717 3191 comm.
737 3157 768 3197 6.¹
812 3156 973 3189 Nimirum

1020 907 1168 947 ignoravit
1192 904 1357 945 Diabolus,
1377 905 1444 945 quis
1460 904 1542 944 Jesus
1564 904 1651 943 esset,
1673 905 1694 936 fi
1718 906 1798 937 enim
1815 908 1860 948 ip-

1019 948 1083 979 sum
1110 946 1315 990 cognovisset,
1337 948 1396 978 sine
1416 946 1509 977 dubio
1526 946 1562 978 de
1577 948 1704 979 victoria
1717 948 1862 990 desperas-

1019 990 1059 1022 set
1076 1016 1086 1032 ,
1108 1001 1202 1032 neque
1219 990 1314 1031 ipsum
1334 988 1434 1020 fuiffet
1455 988 1606 1030 adgressus.
1650 991 1802 1032 Augustin.
1823 993 1860 1023 de

1020 1033 1092 1065 Civ.
1117 1034 1160 1064 D.
1183 1033 1245 1064 IX.
1266 1042 1316 1063 21.
1338 1030 1459 1073 quando
1475 1050 1539 1056 ——-
1555 1032 1706 1072 aliquanto
1721 1033 1804 1064 altius
1818 1033 1861 1066 la-

1017 1077 1073 1107 tuit
1083 1098 1094 1114 ,
1115 1076 1265 1106 dubitavit
1279 1074 1316 1105 de
1332 1075 1384 1105 illo
1399 1074 1580 1105 daemonum
1601 1076 1757 1116 princeps,
1776 1086 1860 1107 eum.

1017 1127 1074 1159 que
1093 1120 1236 1159 tentavit,
1255 1128 1293 1148 an
1317 1116 1455 1148 Christus
1479 1116 1569 1157 esset,
1586 1117 1749 1158 explorans.
1774 1118 1859 1158 Qun

1018 1162 1105 1191 etiam
1122 1170 1239 1201 parturn
1256 1160 1377 1200 virginis
1394 1159 1528 1190 Diabolo
1544 1158 1673 1191 celatum
1683 1159 1766 1191 fuisse
1776 1163 1861 1199 Igna-

1018 1206 1077 1233 tius
1102 1204 1220 1244 statuit,
1250 1204 1356 1234 citatus
1380 1204 1546 1243 Hieronymo
1569 1203 1600 1232 in
1628 1202 1740 1234 Matth.
1761 1202 1786 1233 l.
1811 1206 1860 1237 18.

1020 1246 1053 1277 &
1073 1246 1103 1276 in
1120 1246 1139 1276 l.
1159 1247 1190 1276 in
1207 1245 1348 1276 omnibus
1364 1245 1575 1276 tentationibus
1592 1245 1651 1276 hoc
1669 1245 1729 1286 agit
1746 1245 1863 1277 Diabo-

1020 1288 1083 1328 lus,
1105 1297 1138 1320 ut
1162 1289 1323 1328 intelligat,
1343 1287 1364 1318 fi
1394 1286 1471 1318 filius
1488 1287 1548 1317 Dei
1566 1287 1618 1326 sit,
1639 1287 1686 1318 sed
1705 1288 1860 1321 Dominus

1020 1330 1060 1361 fic
1086 1339 1247 1372 temperat,
1283 1339 1316 1361 ut
1339 1339 1409 1360 eum
1434 1329 1578 1370 relinquat
1602 1330 1785 1372 ambiguum.
1827 1333 1860 1363 in

1016 1373 1132 1405 Matth.
1156 1373 1240 1405 VIII.
1270 1382 1322 1412 29.
1340 1380 1401 1403 tam
1422 1371 1580 1403 daemones
1608 1381 1699 1412 quam
1729 1372 1863 1406 diabolus

1014 1416 1152 1457 suspicari
1177 1416 1268 1457 magis
1283 1415 1379 1446 filium
1396 1413 1473 1453 Dei,
1497 1424 1586 1456 quam
1601 1415 1683 1446 nosse
1699 1416 1862 1457 intelligen-

1015 1458 1045 1489 di
1063 1458 1138 1490 sunt.
1161 1458 1280 1488 Athan.
1311 1457 1338 1488 S.
1373 1468 1403 1488 2.
1424 1467 1451 1487 a.
1486 1456 1613 1497 Apollin.
1634 1458 1668 1488 &
1694 1457 1808 1498 Synod.
1830 1460 1861 1491 in

1020 1500 1130 1531 TruIIO
1147 1500 1184 1532 A.
1207 1499 1293 1532 VIII.
1316 1502 1332 1529 ἦ
1356 1500 1405 1540 'step
1423 1499 1477 1538 πρὶς
1492 1500 1606 1531 &tosti-nra
1621 1498 1696 1538 ἔροιτο
1712 1505 1724 1530 α’
1740 1501 1861 1536 διάβολος

1019 1543 1058 1573 τόν
1093 1544 1205 1582 πόλεμον
1227 1542 1249 1575 ἓν
1272 1543 1381 1578 ἠγνόησεν
1395 1566 1403 1576 ,
1441 1543 1497 1572 οὔτε
1518 1540 1565 1581 yizp
1588 1542 1691 1581 ἐτόλμα
1715 1542 1759 1572 offla
1782 1548 1860 1574 τοῦτο

1018 1585 1098 1621 λέγειν
1112 1589 1132 1615 ἔι
1147 1586 1180 1615 <ris
1201 1585 1225 1616 εἶ
1234 1589 1245 1614 ὁ
1260 1587 1319 1619 ὸιὸς,
1340 1583 1416 1614 :aazia
1436 1585 1490 1623 πρὶς
1502 1583 1634 1623 ἄνθρωπον,
1656 1585 1690 1617 &
1700 1584 1857 1626 Nestorius.

1019 1631 1045 1656 οὐ
1061 1627 1109 1666 ’γὰρ
1134 1626 1162 1657 ἓν
1177 1628 1206 1661 ὣς
1226 1626 1328 1668 πεινάσῃ
1343 1629 1462 1667 προσ-’ἦλθε
1476 1626 1588 1659 Sis-‘mu
1596 1649 1604 1661 ,
1625 1630 1638 1656 ὁ
1663 1625 1701 1659 viv
1718 1630 1805 1661 οἱνιειόιν
1819 1628 1858 1667 pai·

1013 1671 1088 1711 mwffv
1101 1670 1246 1707 {meoipasmg
1262 1670 1344 1705 φύσιν.

1053 1711 1225 1753 ὁπειριίζων]
1252 1710 1374 1752 1.Theffi
1394 1709 1448 1741 ῙῙῙ.
1470 1712 1620 1750 5.1.Cor.
1644 1709 1713 1743 VH.
1728 1712 1860 1752 5.ChrI-

1015 1752 1073 1784 stus
1094 1754 1125 1784 in
1149 1753 1291 1784 omnibus
1319 1760 1445 1784 tentatus
1467 1752 1512 1783 est
1529 1753 1603 1784 Heb.
1625 1752 1678 1785 1v.
1703 1764 1750 1796 ¹5·
1772 1764 1860 1787 cum-

1015 1805 1071 1836 que
1087 1805 1139 1835 ea,
1155 1806 1228 1837 quae
1250 1805 1306 1827 nos
1320 1794 1356 1826 ad
1373 1794 1559 1836 peccandum
1579 1795 1730 1836 follicant,
1751 1797 1787 1829 ad
1804 1801 1859 1831 tria

1015 1837 1130 1869 summa
1153 1848 1257 1879 genera
1279 1837 1380 1869 referri
1401 1837 1529 1879 poffint,
1558 1837 1738 1879 voluptates,
1758 1840 1858 1873 hono-

1016 1891 1080 1922 res,
1101 1882 1137 1913 &
1160 1881 1295 1920 divitias,
1323 1890 1349 1912 1.
1365 1881 1419 1921 Jo.
1440 1879 1481 1911 11.
1508 1884 1557 1912 16.
1599 1881 1736 1913 Christus
1755 1886 1860 1915 omni-

1017 1923 1073 1954 bus
1088 1922 1147 1954 istis
1164 1923 1261 1954 modis
1276 1931 1401 1954 tentatus
1417 1923 1578 1955 victoriam
1592 1927 1761 1961 reportavit.
1786 1927 1860 1956 The-

1017 1965 1091 1996 odor.
1121 1964 1267 2007 Mopsuest.
1297 1964 1333 1996 de
1356 1964 1503 1996 Incarnat.
1532 1966 1550 1997 l.
1575 1965 1665 1998 XIII.
1698 1977 1769 1999 curn
1792 1979 1857 2000 non

1017 2006 1141 2050 petiisset
1158 2018 1174 2038 a
1195 2007 1284 2049 Deo,
1307 2015 1339 2039 ut
1354 2006 1435 2039 fieret
1453 2009 1552 2048 panis,
1572 2008 1808 2049 demonstravit,
1830 2012 1857 2043 se

1019 2051 1139 2082 vincere
1156 2050 1337 2092 voluptates:
1362 2059 1434 2081 cum
1450 2060 1523 2082 vero
1542 2060 1606 2082 non
1623 2053 1749 2093 projecit
1764 2052 1791 2084 se
1806 2054 1856 2084 de-

1013 2092 1134 2133 orsum,
1153 2093 1280 2134 gloriam
1305 2093 1433 2134 neglexit
1457 2092 1576 2124 suadens
1599 2095 1738 2126 omnibus
1754 2118 1764 2135 ,
1793 2106 1856 2127 non

1013 2135 1041 2167 se
1057 2134 1128 2167 haec
1145 2145 1263 2167 curare:
1287 2137 1371 2166 tertia
1383 2136 1547 2167 tentatione
1559 2145 1633 2167 cum
1647 2136 1761 2169 vicisset
1777 2138 1857 2170 bona

1014 2178 1099 2218 hujus
1114 2178 1238 2218 mundi,
1258 2177 1473 2209 demonstravit
1514 2177 1540 2209 se
1559 2188 1614 2219 pro
1630 2180 1735 2220 pietate
1751 2182 1783 2212 in
1795 2181 1857 2212 De-

1015 2230 1068 2252 um
1084 2221 1171 2252 nullis
1189 2221 1276 2253 bonis
1292 2220 1379 2260 hujus
1397 2202 1501 2251 mundi
1516 2219 1651 2261 superari.

1057 2265 1119 2294 λίθοι
1136 2282 1201 2288 ---
1217 2262 1312 2306 ἄρτοι]
1337 2263 1428 2294 Panes
1447 2264 1481 2294 &
1497 2263 1607 2305 lapides
1623 2273 1763 2306 tanquam
1780 2275 1859 2297 con-

1015 2307 1101 2337 traria
1116 2315 1310 2349 opponuntur
1328 2304 1404 2336 infra
1420 2304 1490 2337 VII.
1510 2315 1540 2344 9.
1561 2307 1695 2338 &Prow
1717 2307 1793 2340 XX.
1809 2319 1855 2347 17.

1014 2348 1137 2380 Phaedr.
1158 2348 1216 2380 III.
1238 2359 1270 2381 2.
1287 2347 1428 2390 panthera
1451 2348 1486 2379 &
1507 2348 1645 2389 pastores.
1666 2349 1714 2381 alii
1734 2360 1858 2383 onerant

1014 2390 1103 2432 saxis,
1124 2390 1248 2432 quidam
1271 2399 1377 2423 contra
1404 2389 1514 2421 Misere
1535 2401 1660 2432 panem,
1680 2400 1713 2424 ut
1737 2393 1858 2425 sustine-

1014 2442 1058 2465 ret
1074 2434 1218 2476 spiritum.
1237 2453 1304 2460 --
1326 2433 1475 2472 Memini,
1494 2435 1546 2474 qui
1563 2443 1610 2466 me
1625 2434 1697 2466 saxo
1710 2437 1858 2476 petierint,

1015 2476 1081 2517 Qi
1107 2485 1213 2519 panem
1229 2475 1371 2507 dederint.
1412 2477 1520 2506 Horat.
1543 2486 1570 2509 1.
1590 2478 1650 2510 Sat.
1673 2486 1700 2517 5.

1016 2521 1116 2551 vaenit
1146 2519 1283 2552 viliffima
1303 2527 1401 2549 rerum
1426 2518 1476 2550 hic
1492 2529 1582 2560 aqua:
1607 2519 1654 2551 sed
1671 2522 1750 2561 panis
1768 2520 1857 2562 longe

1015 2562 1232 2603 pulcerrimus,
1252 2561 1331 2593 ultro
1348 2560 1482 2592 Callidus
1497 2570 1530 2592 ut
1548 2560 1636 2593 soleat
1650 2563 1780 2594 humeris
1787 2573 1858 2604 por-

1016 2612 1077 2635 tare
1104 2606 1212 2636 viator.
1253 2603 1340 2636 Nam
1372 2603 1480 2635 Canusi
1503 2604 1659 2645 lapidosus.
1700 2607 1792 2637 Senec.
1820 2605 1857 2637 de

1017 2645 1144 2678 Benefic.
1165 2646 1206 2678 11.
1229 2656 1257 2687 7.
1278 2646 1458 2677 beneficium
1482 2645 1603 2688 superbe
1629 2647 1731 2679 datum
1748 2648 1785 2679 ab
1800 2648 1858 2680 ho-

1015 2691 1098 2720 mine
1113 2690 1189 2721 duro
1205 2689 1297 2720 fimile
1313 2687 1355 2719 est
1372 2690 1440 2729 pani
1454 2689 1596 2728 lapidoso.
1640 2690 1736 2720 Plaut.
1758 2691 1859 2724 Aulul.

1013 2731 1054 2763 II.
1082 2731 1128 2764 18.
1170 2731 1271 2763 Altera
1294 2740 1384 2762 manu
1399 2730 1455 2761 fert
1469 2730 1616 2772 lapidem,
1636 2742 1742 2773 panem
1756 2732 1858 2763 osten-

1014 2782 1055 2806 tat
1078 2775 1175 2805 altera.
1215 2773 1248 2804 Si
1264 2773 1335 2804 Deo
1351 2781 1414 2803 tam
1430 2782 1513 2803 carus
1528 2782 1577 2813 es,
1599 2775 1650 2815 qui
1663 2773 1713 2813 fit,
1736 2783 1767 2806 ut
1782 2775 1859 2807 nihil

1015 2817 1073 2848 tibi
1095 2815 1273 2857 suppeditet,
1295 2825 1357 2856 quo
1372 2814 1477 2845 duram
1495 2814 1604 2847 famem
1623 2817 1728 2857 pellere
1746 2817 1857 2858 poffis;

1018 2868 1051 2891 ut
1075 2858 1112 2890 de
1128 2859 1212 2890 lautis
1228 2859 1263 2890 &
1279 2856 1451 2898 conquisitis
1465 2857 1556 2898 epulis
1574 2858 1648 2890 nihil
1663 2858 1762 2890 dicam
1772 2883 1782 2899 ‚
1802 2871 1857 2891 cur

1016 2911 1081 2933 non
1098 2910 1206 2942 panem
1221 2900 1321 2931 saltem
1343 2900 1481 2940 largitur,
1505 2910 1577 2931 cum
1596 2912 1659 2933 non
1677 2904 1856 2943 pauperrimi

1015 2944 1113 2976 solum
1151 2942 1369 2985 patresfamifias
1402 2944 1487 2972 tuum
1519 2945 1641 2983 genium
1664 2944 1855 2985 defraudent,

1014 2997 1053 3018 ne
1076 2986 1139 3018 filio
1163 2986 1244 3027 panis
1267 2984 1360 3022 defit,
1380 2994 1486 3016 verum
1503 2988 1592 3017 etiam
1608 2986 1762 3018 servorum
1779 2988 1858 3018 vilis-

1015 3030 1095 3061 simis
1104 3029 1167 3060 heri
1180 3027 1351 3058 demensum
1363 3027 1500 3068 praebere
1508 3028 1637 3060 soleant?
1659 3029 1683 3060 F
1683 3039 1717 3060 ac
1728 3039 1798 3071 ergo
1807 3039 1857 3070 pe—

1016 3072 1163 3112 ticulum,
1184 3079 1250 3111 pete
1276 3070 1324 3103 vel
1342 3071 1503 3101 m'mimutn
1519 3069 1611 3113 istud,
1632 3082 1693 3114 quo
1708 3071 1789 3103 dolet
1805 3081 1856 3103 na-

1016 3123 1082 3147 tura
1097 3120 1212 3155 negato.

1056 3166 1087 3198 4.
1103 3160 1167 3198 Sap.
1191 3154 1280 3188 XVI.
1301 3155 1351 3187 26-
1372 3155 1418 3194 εἶχ’
1433 3155 1465 3187 a?
1479 3156 1582 3193 »ruia-“5
1599 3159 1646 3189 τέν
1662 3159 1757 3197 ηιμ-ὅν
1767 3156 1856 3196 τρίφυ-

1820 3211 1860 3228 6¹10

1747 2489 1856 2510 1.--
