1976 3519
134 233 214 272 126
508 227 1538 272 -PROLEGOMENA.

187 317 366 357 Errorcm
389 316 429 356 in
453 314 735 370 Theoplquaai
756 316 1012 370 appellatione
1032 314 1272 356 commissum
1293 315 1345 355 ita
1367 314 1519 368 palliare
1547 326 1707 354 conatur
1739 325 1872 354 contra

135 371 278 413 Stunic.
309 371 348 410 in
372 370 435 425 Jo.
465 371 496 411 Ι.
526 402 551 420 ,,
576 371 770 420 Aderant,
800 371 946 425 inquit,
978 370 1261 411 Commentarii
1288 369 1429 410 Graeci
1448 369 1732 423 Thephylaffi‚
1761 383 1876 422 quem
1939 395 1943 397 -

133 458 159 477 ‚‚
188 440 260 466 nos
280 426 394 466 toties
415 425 642 466 adduximus
663 426 822 466 nomine
844 425 1049 480 Vulgarii,
1080 424 1188 480 quod
1211 423 1485 479 Theoplqylacli
1508 425 1733 464 vocabulum
1752 427 1804 465 ob
1831 425 1875 463 li-

134 509 161 531 „
191 494 288 522 teras
306 479 462 522 detritas
484 481 547 522 vix
568 481 644 536 legi
662 480 829 535 poffet'’.
881 480 987 521 Cum
1007 492 1134 521 tamen
1157 479 1438 535 Theoplqylaffi
1461 489 1604 521 nomen
1626 480 1665 518 in
1687 479 1762 520 hoc
1790 478 1876 520 MS.

139 535 261 576 oculis
278 535 485 590 legentium
507 538 673 590 apertius
697 546 825 589 pateat
842 535 1053 589 expressum
1075 548 1190 589 quam
1216 534 1408 589 Vulgarii.

188 590 358 632 Textum
387 606 409 631 a
437 591 474 632 se
506 590 712 632 formatum
744 591 947 632 autoritate
974 590 1166 631 Editionis
1188 589 1352 630 Aldinae
1372 592 1467 631 tueri
1488 591 1603 639 solet,
1633 588 1879 636 responsione

138 645 189 687 ad
212 648 431 687 notationes
450 645 622 687 Eduardi
645 646 714 686 Lei
734 644 962 699 saepiffime,
991 659 1078 686 cum
1097 646 1256 685 minime
1275 646 1488 701 ignoraret,
1519 647 1616 685 hanc
1636 644 1710 685 effe
1729 658 1774 684 ex
1808 645 1884 698 pri-

139 716 201 741 ma
232 701 347 755 ipsius
381 701 586 750 Editione‚
615 712 657 741 ut
684 700 793 753 supra
823 700 1096 750 indicavimus,
1125 698 1345 753 expressam.
1382 700 1450 742 Ne
1477 702 1555 754 jam
1590 699 1741 748 dicam,
1770 698 1879 753 quod

139 758 385 797 autoritatem
406 756 600 796 Editionis
619 754 907 808 Complutenlis
925 756 1038 795 nimis
1056 754 1252 805 extulerit,
1283 759 1322 795 &
1346 756 1610 809 praestantiam
1632 768 1747 808 atque
1779 769 1879 794 acta-

140 823 220 852 tem
244 811 442 852 Codicum
456 838 466 857 ,
495 811 545 852 ad
566 825 664 864 quos
683 809 852 864 expressa
869 809 933 862 fit,
963 825 1010 851 ex
1030 811 1188 866 ingenio
1206 810 1459 862 confinxerit,
1489 810 1597 865 quod
1615 810 1745 851 causac
1769 809 1882 849 nimi·

142 880 228 907 rum
251 866 335 907 suae
360 865 486 906 favere
507 866 671 906 videbat.
1042 910 1046 915 Δ

193 921 240 962 In
269 921 497 975 Apocalypsi
519 921 675 961 deerant
697 919 886 974 quaedam
908 921 1051 975 Capite
1065 920 1205 968 (XXII.
1235 933 1333 974 quae
1350 919 1528 961 Erasmus
1550 934 1596 961 ex
1619 919 1765 961 Latinis
1787 919 1884 959 male

144 977 294 1017 Graeca
314 976 416 1016 fecit.
473 1007 499 1026 „
531 976 769 1030 Qianquam
789 1007 801 1026 ‚
819 976 954 1030 inquit
983 977 1023 1017 in
1053 979 1218 1017 Annott.
1246 975 1363 1016 Edit.
1397 989 1428 1017 1.
1457 977 1497 1016 in
1529 976 1630 1016 calce
1662 975 1773 1028 hujus
1799 974 1885 1014 libri

141 1062 168 1082 ‚‚
198 1029 384 1070 nonnulla
406 1031 526 1071 verba
555 1032 677 1085 reperi
694 1031 799 1084 apud
821 1033 993 1081 nostros,
1014 1045 1122 1085 ‚quae
1150 1032 1306 1074 aberant
1336 1031 1376 1071 in
1408 1031 1568 1071 Graecis
1587 1031 1882 1083 exemplaribus,

140 1118 166 1137 ,‚
195 1100 239 1126 ea
267 1098 394 1126 tamen
417 1100 463 1126 ex
480 1086 635 1131 ⁴Latinis
662 1085 871 1139 adjecimus
889 1089 923 1127 ''.
981 1087 1096 1139 Quae
1117 1098 1252 1126 contra
1280 1086 1403 1131 Leum
1435 1090 1466 1133 ς.
1500 1098 1590 1139 243.
1621 1086 1802 1140 prolixius
1833 1086 1884 1125 ita

79 1161 87 1169 ·
142 1153 290 1181 narrat:
319 1172 344 1190 ,‚
374 1141 576 1193 Quoniam
609 1141 769 1182 Graecis
789 1155 1250 1195 nunquam·magnopere
1282 1140 1424 1195 placuit
1452 1141 1545 1181 liber
1571 1139 1879 1195 Apocalypsws,

140 1228 165 1248 ‚‚
194 1210 296 1236 rarus
317 1196 598 1250 habeturvapud
618 1197 714 1237 illos.
743 1196 879 1250 Itaque
900 1210 1019 1251 quum
1040 1210 1262 1250 cuperemus
1283 1196 1379 1236 nihil
1407 1194 1528 1237 abesse
1557 1195 1706 1236 nostrae
1738 1195 1888 1236 Editio-

140 1282 167 1302 „
197 1253 258 1302 ni,
289 1266 400 1306 aegre
432 1251 654 1292 extorsimus
686 1252 733 1292 ab
761 1251 903 1292 Inclito
935 1253 1019 1293 viro
1032 1251 1188 1305 Joanne
1219 1253 1426 1305 Lapnione
1454 1250 1740 1293 vetustissimum
1762 1250 1890 1290 Codi-

141 1337 167 1358 „
196 1321 301 1356 cem,
332 1307 669 1348 Commentarium
693 1306 905 1361 habentem,
920 1307 960 1347 in
983 1306 1059 1355 hoc
1079 1320 1191 1360 opus.
1221 1306 1280 1346 Ex
1309 1321 1357 1347 eo
1386 1318 1586 1347 contextus
1607 1307 1719 1346 verba
1748 1305 1885 1345 descri-

141 1389 168 1413 ,‚
198 1362 323 1402 benda
341 1362 563 1403 curavimus.
592 1362 639 1402 In
673 1362 774 1402 calce
803 1376 896 1402 vero
928 1362 1133 1403 scribarum
1159 1361 1304 1403 incuria
1333 1361 1492 1403 deerant
1523 1361 1637 1402 haec:
1667 1360 1728 1402 Et
1742 1361 1773 1411 [ι
1795 1359 1885 1415 quis

142 1448 168 1467 ‚,
196 1416 423 1457 diminuerit
443 1416 490 1457 de
512 1416 644 1458 verbis
666 1417 758 1458 libri
779 1416 1020 1472 ‘Prophetiae
1050 1416 1193 1470 huju5‚
1222 1416 1376 1471 auferet
1398 1417 1520 1457 {Deus
1542 1425 1696 1469 partem
1724 1416 1810 1470 effus
1839 1415 1887 1454 de

142 1503 165 1523 .,
194 1471 291 1512 libro
314 1472 432 1512 Vitae
454 1470 504 1518 dy
523 1471 572 1512 de
590 1472 779 1512 Civitate
793 1472 939 1526 sancJa
951 1502 964 1523 ,
988 1469 1036 1517 dy»
1057 1471 1103 1511 de
1125 1471 1213 1523 his,
1241 1485 1338 1526 quae
1345 1472 1500 1526 scripta
1511 1472 1611 1526 fimt
1630 1474 1672 1511 in
1691 1471 1788 1510 libro
1807 1469 1888 1522 isto.

144 1555 171 1578 ‚,
201 1526 392 1568 Sensimus
414 1539 542 1568 autem
558 1527 721 1579 ¹scribam
741 1541 808 1581 per
826 1541 912 1567 eam
938 1527 1180 1568 occasionem
1204 1526 1359 1578 errasse,
1390 1526 1499 1581 quod
1529 1541 1646 1581 quum
1681 1527 1737 1567 bis
1766 1540 1886 1579 pona-

141 1613 170 1634 „
195 1594 281 1631 tur:
311 1585 353 1622 in
374 1581 471 1622 libro
492 1582 583 1635 isto,
612 1583 675 1623 ille
695 1583 745 1623 ad
768 1582 953 1636 posterius
974 1583 1106 1623 oculos
1126 1582 1350 1632 deflexerit,
1370 1583 1508 1623 reliffis
1528 1595 1625 1636 quae
1645 1580 1727 1622 sunt
1749 1582 1788 1621 in
1809 1596 1889 1622 mc-

142 1665 170 1689 „
198 1637 280 1677 dio.
318 1637 517 1691 Siquidem
560 1637 610 1677 ad
638 1638 784 1678 nullum
813 1637 983 1691 lapidem
1014 1636 1247 1691 frequentius
1274 1638 1494 1692 impingunt
1525 1637 1674 1677 librarii.
1713 1636 1884 1676 Dubium

143 1715 171 1743 3,
200 1707 282 1732 non
300 1704 401 1742 erat,
433 1693 527 1746 quin
547 1693 667 1732 essent
685 1692 840 1741 omissa,
869 1695 908 1731 &
926 1703 1034 1736 erant
1058 1704 1261 1747 perpauca.
1293 1692 1461 1733 Proinde
1481 1706 1576 1737 nos,
1604 1706 1654 1732 ne
1686 1691 1807 1732 hiaret
1836 1691 1888 1731 la-

142 1779 170 1799 „
200 1761 320 1797 cuna,
349 1761 396 1787 ex
419 1746 555 1787 nostris
577 1747 725 1787 Latinis
746 1745 1003 1800 supplevimus
1025 1747 1184 1788 Graeca.
1241 1746 1366 1801 Qiod
1393 1746 1517 1801 ipsum
1545 1759 1672 1788 tamen
1694 1746 1885 1787 noluimus

143 1834 169 1855 ,‚
197 1802 312 1843 latere
333 1802 515 1842 le&orem
528 1829 538 1847 ‚
569 1801 649 1843 fassi
670 1802 709 1842 in
730 1801 1082 1850 Annotationibus‚
1103 1802 1198 1856 quid
1221 1817 1242 1842 a
1262 1802 1373 1843 nobis
1393 1801 1483 1844 esset
1503 1801 1668 1852 fastum,
1681 1814 1721 1842 ut
1745 1801 1768 1841 si
1791 1799 1886 1855 quid

145 1889 171 1909 ‚,
199 1856 421 1899 diffiderent
439 1857 554 1897 verba
581 1857 707 1897 nostra
729 1857 777 1896 ab
799 1856 880 1902 his,
909 1871 1007 1911 quae
1034 1857 1212 1910 posuisset
1233 1868 1342 1898 autor
1360 1858 1471 1911 hujus
1492 1858 1641 1911 operis,
1671 1857 1789 1898 lestor
1820 1871 1886 1896 na-

146 1944 173 1964 „
204 1914 286 1953 &us
306 1912 498 1966 exemplar
517 1911 723 1952 restitueret
735 1914 767 1950 ’'.
798 1912 848 1952 Et
869 1911 1002 1952 clarius
1018 1913 1058 1952 in
1080 1912 1274 1965 Apologia
1293 1911 1347 1953 ad
1375 1913 1499 1952 Leum
1529 1912 1601 1966 (de
1633 1927 1706 1965 qua
1738 1912 1885 1966 egimus

146 1983 186 2022 p.
215 1979 282 2018 43.
312 1970 351 2008 &
378 1965 470 2019 45.)
527 1996 554 2017 ,‚
583 1967 630 2008 In
649 1966 751 2007 calce
771 1966 1023 2021 Apocalypsis
1041 1967 1082 2006 in
1101 1967 1328 2021 exemplari,
1355 1967 1465 2022 quod
1487 1979 1568 2008 tum
1600 1968 1710 2008 nobis
1736 1978 1816 2008 crat
1845 1981 1887 2006 u-

147 2054 173 2074 „
204 2024 352 2073 nicum,
382 2036 471 2061 nam
492 2022 523 2062 is
542 2021 634 2062 liber
653 2020 759 2074 apnd
773 2021 944 2062 Graecos
965 2026 1067 2062 rarus
1083 2023 1136 2062 est
1157 2023 1339 2073 inventu,
1367 2023 1498 2063 deerat
1525 2036 1622 2062 unus
1643 2031 1764 2076 atque
1784 2021 1886 2061 aller

147 2109 173 2129 ,‚
202 2091 271 2117 ver
294 2092 349 2118 ns.
380 2078 458 2117 Eos
485 2090 557 2117 nos
577 2076 797 2117 addidimus
817 2075 932 2117 secuti
943 2077 1102 2117 Latinos
1121 2077 1285 2118 codices.
1297 2078 1346 2119 Et
1363 2089 1444 2119 erat
1463 2076 1723 2132 ejusmodi‚ut
1744 2091 1791 2117 ex
1804 2077 1886 2122 his,

146 2164 172 2184 „
203 2147 299 2187 quae
321 2131 618 2187 praecesserant,
648 2131 799 2185 possent
821 2132 967 2185 reponi.
1023 2132 1128 2172 Cum
1146 2133 1260 2187 igitur
1281 2132 1465 2182 Basileam
1493 2133 1683 2173 mitterem
1713 2134 1887 2186 recogni-

148 2219 174 2239 „
205 2199 286 2229 tum
314 2186 531 2241 exemplar,
561 2186 687 2241 scripsi
720 2186 851 2227 amicis
869 2217 881 2236 ‚
913 2197 961 2227 ut.
982 2200 1030 2228 ex
1057 2187 1230 2229 editione
1265 2188 1414 2228 Aldina
1445 2188 1680 2229 restituerent
1706 2201 1794 2227 eurn
1830 2187 1888 2227 lo-

147 2271 175 2294 „
205 2257 302 2284 cum.
358 2242 468 2282 Nam
508 2242 605 2283 mihi
642 2241 819 2283 nondum
851 2253 997 2283 emtum
1025 2255 1105 2283 erat
1143 2243 1220 2283 hoc
1258 2256 1367 2298 opus.
1419 2243 1466 2284 Id
1501 2244 1554 2284 ita
1577 2270 1588 2290 ,
1618 2255 1659 2284 ut
1686 2240 1772 2296 juffi
1791 2275 1804 2292 ‚
1837 2241 1888 2283 fa-

149 2330 176 2350 „
204 2299 309 2339 stum
338 2297 393 2339 est
414 2300 448 2338 ’'.
877 2334 881 2337 .

205 2354 430 2395 Accuratius
450 2363 578 2394 tamen
601 2354 732 2395 omnia
752 2354 906 2394 rimanti
924 2352 1011 2395 satis
1032 2353 1204 2405 constat,
1234 2368 1315 2395 non
1349 2366 1391 2395 ut
1421 2355 1600 2396 Erasmus
1633 2353 1778 2398 scribit,
1800 2364 1888 2408 per-

140 2421 271 2465 pauca
294 2408 424 2460 fuisse,
458 2423 555 2462 quae
575 2409 653 2463 ipse
672 2423 719 2450 ex
740 2410 888 2450 Latinis
910 2421 1104 2464 utcunque
1125 2412 1165 2449 &
1187 2408 1405 2451 festinanter
1424 2410 1572 2451 Graece
1601 2408 1793 2458 reddidit,
1824 2405 1889 2448 sed

148 2479 170 2504 a
192 2478 285 2505 vers.
311 2468 372 2504 16,
400 2463 450 2504 ad
472 2463 588 2504 finem
609 2465 693 2505 libri
715 2464 777 2506 sex
798 2465 971 2520 integros
989 2464 1124 2506 versus.
1152 2464 1197 2505 In
1233 2465 1310 2506 istis
1334 2466 1439 2506 enim
1468 2465 1646 2505 omnibus
1671 2464 1816 2504 Erasini
1840 2465 1888 2504 E-

149 2518 248 2559 ditio
279 2519 356 2559 abit
377 2534 398 2558 a
419 2518 633 2560 Codicibus
662 2519 798 2570 MSS„
812 2523 851 2559 δε
876 2521 929 2560 ita
952 2519 1130 2574 quidem,
1150 2532 1191 2560 ut
1212 2520 1361 2560 Graeca
1383 2520 1496 2575 ipsius
1516 2534 1596 2560 non
1617 2519 1827 2560 obscurum
1843 2519 1890 2559 fit

148 2588 196 2615 ex
217 2574 364 2615 Latinis
384 2571 490 2614 fuiffe
510 2574 701 2615 conversa.
732 2575 841 2615 Hinc
857 2576 961 2616 enim
983 2574 1154 2628 profesta
1170 2575 1225 2616 est
1248 2589 1430 2629 perpetua
1450 2576 1512 2615 illa
1532 2574 1683 2616 omissio
1712 2574 1889 2614 articulo-

149 2643 234 2669 rum
257 2642 351 2669 vers.
380 2632 438 2667 16.
467 2621 548 2684 ῥίζαι
569 2643 640 2683 pro
661 2627 677 2672 ἦ
700 2627 807 2683 ῥίζα,
835 2627 1006 2681 λαμπρὸς
1026 2644 1098 2684 pro
1121 2628 1135 2669 ὃ
1165 2627 1354 2681 λαμπρὸς,
1387 2644 1471 2671 vers
1506 2631 1564 2669 18.
1595 2628 1812 2680 προφητείας
1834 2631 1892 2673 βι-

148 2681 254 2729 βλίου
276 2698 348 2737 pro
368 2682 429 2724 τῖς
446 2682 661 2734 προφητείας
687 2687 737 2724 τῦ
756 2683 912 2733 elchiau,
943 2683 971 2725 ἒν
999 2685 1126 2735 βιζλῖῳ
1154 2699 1225 2740 pro
1247 2683 1275 2724 ἐν
1296 2684 1348 2734 τῷ
1368 2682 1494 2733 βιζλῖῳ
1524 2685 1590 2726 bis.
1620 2699 1713 2725 vers.
1741 2698 1801 2734 19.
1834 2682 1890 2723 Βί-

148 2741 240 2783 βλον
262 2753 333 2793 pro
352 2739 402 2777 τῦ
420 2735 577 2785 βιξλίου,
607 2733 692 2796 <mk
714 2754 785 2794 pro
804 2741 866 2785 τῆς
887 2739 999 2793 ζωῖς,
1028 2739 1168 2782 πόλεως
1189 2737 1300 2789 ἁγίαις
1328 2754 1399 2794 pro
1422 2739 1484 2781 τ’ἦς
1505 2738 1645 2780 πόλεως
1675 2739 1736 2780 τῗις
1768 2736 1890 2786 ἁγίαις.

149 2794 258 2834 Hinc
277 2794 332 2834 est
352 2793 460 2848 quod
474 2797 770 2847 συμμαςτυρέμοιι
789 2794 920 2849 inepte
939 2795 1066 2850 posuit
1088 2810 1159 2850 pro
1178 2797 1422 2848 μοιςτυρέμαι,
1450 2795 1539 2848 quia
1573 2798 1612 2834 in
1639 2795 1775 2834 Latina
1794 2795 1894 2835 Ver·

150 2849 256 2890 sione
275 2849 444 2903 legerat:
475 2850 682 2897 comestam
713 2850 916 2904 quomodo
948 2851 1018 2892 iste
1041 2851 1226 2904 interpres
1250 2850 1344 2891 solet
1365 2850 1520 2904 simplex
1547 2847 1714 2901 μαςτυρῶ
1745 2862 1890 2891 vertere

149 2905 236 2944 Aa.
266 2903 362 2944 XX.
397 2907 460 2946 26.
491 2903 591 2944 Heb.
624 2904 711 2944 VII.
746 2906 780 2945 8.
815 2918 876 2957 ¹7·
906 2905 956 2946 X.
990 2919 1050 2954 ις.
1083 2906 1191 2947 Hinc
1215 2906 1330 2946 etiarn
1350 2906 1426 2955 est,
1457 2905 1564 2959 quod
1587 2906 1649 2944 ubi
1673 2905 1740 2957 ipsi
1763 2905 1892 2945 Latini

150 2958 322 2999 Codices
340 2959 487 2998 variant
500 2988 511 3006 ,
541 2973 625 2998 earn
646 2959 870 3000 Lestionem
894 2961 1118 3014 imprudens
1134 2960 1320 3014 sequitur,
1353 2974 1450 3027 quae
1471 2960 1518 3000 ab
1541 2961 1718 3000 omnibus
1739 2961 1893 3000 Graecis

148 3013 322 3061 diffidet3
350 3012 458 3068 quod
478 3013 646 3067 denique
666 3012 791 3067 ὅρθςινος
813 3028 884 3066 pro
904 3014 1066 3064 τιτρῶϊνος,
1094 3013 1170 3056 ’έλΘε
1192 3015 1249 3055 bis
1271 3029 1343 3069 pro
1362 3017 1484 3066 ἔρχου,
1514 3013 1541 3053 εἰ
1563 3015 1620 3055 bis
1641 3029 1712 3067 pro
1742 3013 1821 3065 aas,
1852 3018 1892 3055 &

147 3066 322 3122 ἀφαιςῆσει
352 3082 424 3122 pro
457 3067 593 3113 ἀφελεῖ.
625 3069 724 3109 Uno
745 3070 887 3117 verb0,
919 3070 1011 3109 haec
1035 3071 1299 3123 interpretatio
1318 3085 1366 3111 ex
1386 3071 1525 3110 Latino
1549 3071 1586 3109 in
1620 3071 1810 3111 Graecum
1841 3070 1890 3109 E-

147 3138 273 3166 rasmo
301 3122 400 3166 adeo
430 3122 630 3166 infeliciter
649 3123 778 3172 cessit,
809 3135 850 3166 ut
872 3125 1021 3166 Graeca
1040 3125 1155 3179 ipsius
1174 3139 1197 3166 a
1217 3124 1375 3168 Graecis
1396 3124 1593 3168 Codicum
1615 3126 1656 3167 in
1678 3139 1754 3166 tam
1785 3125 1889 3164 brevi

1793 3179 1891 3233 peri-
