1976 3519
152 196 174 225 2
537 170 1536 245 PROLEG'oMss-NA.

205 269 252 308 In
270 267 490 309 membrana
508 266 721 308 tenuissima
741 266 898 321 scriptus
914 267 969 308 est
987 266 1151 317 Codex,
1182 281 1303 322 quem
1319 268 1422 318 Beza
1440 265 1791 307 Claromontanum
1812 281 1882 307 vo-

152 325 275 374 cavit,
305 326 345 362 &
366 323 459 363 liber
476 323 776 378 Prophetarum,
807 323 873 375 qui
894 322 1042 362 Renati·
1056 321 1282 362 Marechalti
1302 319 1396 368 fuit3
1426 322 1649 362 tenuitatem
1659 336 1752 363 vero
1763 335 1883 362 mem-

152 380 353 420 branarum
381 391 502 432 aeque
532 390 646 431 atque
673 377 901 430 elegantiam
932 377 1125 418 literarum
1144 377 1185 417 in
1207 377 1332 432 pretio
1351 375 1456 417 fuisti:
1475 376 1630 422 testatur
1650 376 1882 431 Chrysosto-

153 448 237 474 mus
264 433 386 475 Hom.
416 445 480 486 32.
510 433 551 473 ‘m
574 433 791 486 Joannem‚
822 430 887 471 ubi
914 432 1151 472 mentionem
1181 430 1273 474 facit
1299 430 1450 473 σπουέἶις
1480 428 1560 484 weg}
1589 429 1649 474 τὴν
1680 429 1748 471 τῶν
1765 429 1884 479 ὑμένων

153 486 382 538 λεπἿότητοι,
412 483 473 527 καὶ
493 485 535 527 τὸ
552 486 619 527 τῶν
634 483 859 540 γςοιμμάτων
877 482 1030 528 κάλλος.
1088 486 1295 527 Chartacei
1316 500 1452 527 omnes
1471 486 1554 527 sunt
1574 486 1611 527 se
1640 486 1756 528 uioris
1775 487 1886 537 aevi,

152 548 213 595 &,
244 543 273 584 fi
294 542 425 583 charta
445 542 495 583 fit
508 542 694 597 vulgaris,
724 541 910 594 majorem
929 553 1075 595 partem
1095 541 1220 582 seculo
1238 541 1333 583 XV‘.
1364 545 1402 580 ὅ(
1423 541 1536 582 XVI.
1566 500 1734 582 iniitalia
1746 541 1886 596 scripti.

212 613 246 640 2.
276 598 526 639 Membranae
559 597 649 638 istae
679 598 721 636 in
752 598 1021 650 quaterniones
1043 596 1348 651 distinguuntur,
1377 610 1542 650 quorum
1565 597 1700 651 singuli
1721 597 1885 651 plerum-

154 668 229 708 que
257 653 350 693 osto
378 653 463 693 sunt
492 651 696 701 foliorum,
726 651 893 691 numeris
914 651 953 690 in
973 652 1100 705 priore
1120 651 1234 705 cujus
1254 665 1301 691 ue
1322 651 1381 691 vel
1403 651 1548 692 summa
1567 653 1626 692 vel
1647 653 1722 692 ima
1744 652 1887 706 pagina

154 709 297 750 notatis
325 707 518 757 distineri,
548 705 640 747 sicut
664 706 779 746 etiam
809 719 911 745 nunc
929 706 1208 760 Typographis
1257 706 1462 760 istinguere
1479 719 1564 747 mos
1580 707 1658 757 est,
1687 707 1756 747 nifi
1779 705 1887 760 quod

154 765 195 804 in
228 758 357 817 paucis
389 762 544 802 demum
574 761 773 816 posteriori
801 762 942 814 pagina
960 773 1152 801 notantur.
1209 760 1307 801 Istae
1322 772 1438 802 notae
1456 762 1495 801 in
1515 761 1740 815 quibusdam
1762 761 1889 802 Codi-

154 819 261 858 cibus
283 818 465 859 vetustate
485 816 677 857 obsoletae
696 815 791 856 sunt.
848 816 906 855 Ita
926 827 1081 856 notatos
1097 816 1367 870 quaterniones
1385 817 1500 857 etiam
1522 817 1644 870 reperi
1673 817 1712 856 in
1735 816 1888 857 Codice

156 873 391 914 Oetateuchi
419 871 686 917 vetustissimo,
715 871 783 923 qui
813 868 956 911 Saravii
979 871 1060 912 fuit.
1118 872 1178 912 Ex
1198 870 1334 926 quibus
1356 872 1521 911 numeris
1542 872 1756 924 comperire
1773 871 1888 934 licet,

155 940 343 982 quantum
374 928 464 967 hinc
494 926 585 967 inde
614 927 654 965 in
687 924 902 966 Codicibus
931 924 1172 967 desideretur.
1228 926 1287 966 Ita
1318 925 1497 979 descripti
1514 938 1623 967 erant
1645 926 1816 967 Codices
1834 927 1890 968 illi

156 983 458 1038 quinquaginta,
485 995 584 1035 quos
611 981 798 1021 Eusebius>
819 979 1074 1022 Caesariensis
1097 980 1198 1035 juss'u
1229 981 1480 1021 Constantini
1501 980 1561 1022 M.
1591 982 1737 1024 curavit
1755 980 1889 1022 descri-

156 1037 325 1086 bendos,
358 1036 386 1077 ἐν
415 1034 629 1078 wenna-engo
653 1032 839 1084 ἦσκημὲνσις
868 1033 1022 1087 τεύχεσιν
1049 1034 1178 1089 τςισσοὶ
1206 1031 1267 1075 καὶ
1296 1036 1484 1087 rei-pam&
1505 1070 1517 1086 ‚
1554 1038 1597 1077 in
1626 1035 1892 1078 voluminibus

157 1091 364 1147 magnifice
384 1095 588 1132 exornatis
610 1093 804 1131 terniones
827 1089 875 1135 ὠ·
897 1093 1169 1146 quaterniones
1188 1090 1238 1132 de
1258 1091 1338 1132 vita
1359 1091 1496 1132 Const.
1524 1091 1596 1133 IV.
1628 1104 1693 1145 37.
1703 1106 1802 1147 quae
1811 1089 1891 1134 Va-

156 1148 266 1189 lesius
297 1149 349 1188 ita
376 1147 561 1201 explicat:
589 1174 616 1197 ,3
645 1147 746 1187 re6te
767 1147 954 1201 interpres
973 1147 1168 1188 terniones
1188 1150 1228 1186 &
1246 1157 1518 1202 quaterniones
1536 1147 1660 1188 vertit.
1718 1146 1892 1189 Codices

156 1233 189 1254 „.
213 1204 318 1243 enim
346 1202 624 1243 membranacei
651 1200 730 1242 fere
756 1215 823 1255 per
854 1202 1126 1256 quaterniones
1157 1201 1446 1256 digerebantur,
1475 1201 1514 1242 h.
1541 1216 1574 1243 e.
1603 1213 1767 1256 quatuor
1796 1202 1890 1244 folia

158 1289 187 1309 ‚‚
215 1258 323 1299 simul
350 1258 552 1311 compasta
565 1285 576 1303 ,
604 1268 645 1297 ut
666 1257 861 1297 terniones
882 1258 954 1297 tria
974 1256 1065 1298 folia
1087 1257 1160 1298 sint
1181 1257 1287 1298 simul
1308 1258 1531 1312 compatita,
1560 1260 1601 1296 ὃς
1622 1259 1893 1311 quaterniones

158 1344 185 1364 „
215 1312 372 1366 quidem
404 1312 568 1353 sedecim
596 1311 787 1352 habebant
816 1312 975 1366 paginas
993 1346 1005 1363 ‚
1041 1313 1235 1353 terniones
1255 1326 1348 1353 vero
1369 1312 1579 1353 duodenas
1636 1313 1760 1354 Porro
1777 1314 1818 1354 in
1838 1313 1893 1354 ul-

157 1398 184 1419 „
216 1369 309 1408 tima
333 1368 594 1422 quaternionis
620 1367 761 1420 pacina
790 1368 995 1408 notabatur
1023 1381 1201 1408 numerus
1220 1368 1503 1421 quaternionis,
1535 1379 1625 1421 puta
1653 1381 1685 1408 1.
1720 1382 1754 1408 2.
1788 1383 1822 1422 3.
1853 1371 1894 1407 &

160 1455 189 1475 ,‚
219 1423 271 1464 sic
290 1422 492 1476 deinceps,
523 1400 853 1477 quemadmodum
873 1421 1071 1463 observavi
1091 1423 1133 1463 in
1153 1421 1404 1465 vetustiffimis
1422 1422 1635 1464 Codicibus
1644 1435 1724 1463 turn
1738 1425 1899 1465 Graecis

158 1509 186 1529 „
216 1489 298 1519 tum
326 1478 483 1518 Latinis.
540 1478 587 1517 In
614 1476 874 1532 antiquiffimo
905 1476 1058 1518 Codice
1092 1478 1275 1532 Gregorii
1301 1477 1562 1528 Turonenfis,
1593 1478 1660 1532 qui
1689 1491 1777 1520 ante
1797 1493 1896 1519 non-

159 1562 193 1585 „
215 1544 354 1588 gentos
379 1547 502 1573 annos
527 1532 699 1586 scriptus
717 1533 791 1583 est,
822 1533 863 1573 in
891 1532 1026 1577 ultima
1055 1534 1196 1588 pagina
1216 1533 1478 1587 quaternionis
1496 1533 1596 1574 hanc
1618 1544 1753 1574 notam
1772 1534 1896 1589 reperi

159 1618 191 1639 ‚5
216 1602 257 1644 q.
289 1601 323 1631 1.
351 1588 393 1628 id
410 1589 464 1628 est
484 1587 688 1642 quaternio
702 1588 856 1642 primus.

196 1666 197 1669 ¹
220 1658 256 1699 3.
288 1674 316 1694 ‚‚
343 1644 511 1698 Paginae
542 1642 710 1698 singulae
735 1643 777 1696 in
794 1642 995 1738 iplerisque
1022 1644 1200 1686 omnibus
1228 1644 1388 1696 Graecis
1416 1643 1680 1706 manuscriptis
1709 1645 1759 1686 ad
1790 1645 1898 1686 circi-

159 1730 188 1752 „
218 1713 312 1740 num
343 1702 383 1738 &
409 1710 586 1753 normam
614 1698 776 1752 paribus,
811 1699 927 1754 patiis
954 1698 1202 1751 dividuntur,
1230 1711 1273 1740 ut
1293 1699 1420 1739 lineae
1440 1699 1590 1752 aequali
1610 1700 1898 1754 intercapedine

160 1780 190 1805 ‚,
216 1753 478 1804 dirimantur,
495 1763 642 1808 parque
669 1752 834 1807 ipsarum
863 1765 1042 1795 numerus
1069 1754 1116 1794 fit
1133 1758 1176 1794 in
1196 1754 1350 1809 lingulis
1369 1766 1418 1806 pa
1449 1753 1550 1793 inis''.
1609 1753 1898 1810 Palaeograph.

162 1823 203 1863 p.
234 1821 298 1861 27.
354 1809 501 1848 Funera
532 1821 689 1860 quoque
716 1806 800 1860 ipsa
828 1808 974 1848 circino
1004 1807 1093 1849 satis
1121 1809 1196 1849 alte
1213 1807 1388 1863 impreffa
1409 1768 1583 1857 ἒξεῑυηε,
1614 1808 1828 1865 ἀυέὶειεςυε
1850 1811 1900 1851 ab

164 1878 246 1906 uno
274 1862 326 1904 ad
356 1862 515 1902 alterum
543 1861 667 1900 lineae
688 1870 804 1900 etiam
824 1874 929 1901 nunc
948 1861 988 1900 in
1007 1862 1223 1903 Codicibus
1243 1860 1494 1904 vetustissimis
1511 1862 1816 1917 conspiciuntur,
1845 1867 1899 1907 ita

164 1917 324 1971 quidem
348 1927 391 1956 ut
417 1916 458 1955 in
478 1925 586 1969 parte
602 1913 730 1955 aversa
747 1928 907 1968 quoque
923 1915 1095 1969 ejusdem
1115 1930 1255 1970 operae
1274 1917 1431 1972 vestigia
1456 1930 1688 1971 appareant,
1716 1934 1815 1975 quae
1832 1920 1900 1962 de-

164 1973 367 2026 scriptores
383 1970 424 2010 in
443 1968 644 2012 exarandis
663 1968 779 2009 literis
796 1968 1049 2024 sequerentur.
1105 1971 1248 2013 Lineae
1265 1971 1496 2012 transversae
1514 1986 1650 2014 omnes
1671 1976 1750 2028 pari
1782 1977 1900 2018 inter-

165 2027 269 2068 vallo
287 2025 424 2067 dutiae
446 2025 553 2076 sunt,
585 2024 740 2066 direffis
758 2023 916 2079 fingulis
934 2026 1113 2080 utrinque
1131 2026 1295 2068 inclusae
1314 2038 1430 2081 atque
1450 2029 1695 2078 terminatae,
1707 2030 1775 2071 nifi
1788 2030 1898 2086 quod

165 2083 208 2124 in
236 2082 297 2123 his
323 2080 537 2121 Codicibus
555 2111 567 2131 ,
607 2093 771 2133 quorum
800 2079 967 2136 singulae
997 2081 1160 2136 paginae
1178 2081 1277 2122 binis
1294 2082 1481 2122 columnis
1499 2083 1694 2134 constant,
1727 2085 1900 2140 duplices

167 2138 241 2181 hae
256 2136 422 2186 Lineae,
452 2150 550 2189 quae
568 2135 765 2175 columnas
787 2136 887 2175 utrin
919 2150 965 2176 ue
985 2136 1145 2187 finiunt,
1174 2138 1376 2178 neceffai·io
1393 2136 1530 2178 dutiae
1564 2137 1726 2181 fuerunt.
1783 2143 1899 2196 Quae

166 2192 255 2232 licet
274 2191 453 2231 omnibus
469 2202 563 2230 nota
580 2205 624 2230 ac
647 2188 868 2244 pervulgata
889 2149 983 2241 sint,
1013 2189 1104 2232 ideo
1123 2203 1250 2233 tamen
1273 2191 1336 2232 hic
1357 2191 1577 2232 adnotanda
1592 2194 1787 2247 judicavi,
1808 2198 1899 2250 quia

165 2247 277 2301 saepe
308 2245 468 2295 accidit,
498 2258 538 2286 ut
569 2245 730 2294 librarii,
759 2245 987 2286 intermedia
1017 2246 1079 2286 illa
1098 2246 1342 2288 distinEtione
1363 2247 1556 2303 neglthi,
1586 2260 1730 2290 textum
1753 2265 1899 2305 pertur-

165 2303 324 2351 barent,
354 2300 461 2356 quod
492 2301 531 2339 in
563 2298 802 2361 Genealogia
830 2301 977 2341 Christi
1007 2301 1099 2343 Luc.
1128 2302 1197 2343 ΙΙΙ.
1227 2316 1405 2357 magnam
1433 2302 1698 2345 confusionem
1727 2308 1899 2360 peperit,

165 2367 254 2456 {gni
270 2352 521 2409 ποιςαλλῆλως
539 2355 661 2409 posita
677 2368 836 2396 nomina
858 2370 930 2410 pro
948 2357 1024 2407 eis,
1052 2371 1150 2412 quae
1170 2357 1531 2412 perpendiculariter
1542 2357 1900 2414 subjacebant,scri-v

216 2423 353 2454 rentur.

174 2498 177 2500 v
222 2479 262 2518 4.
293 2466 462 2507 Literae
485 2464 570 2506 sunt
586 2466 646 2506 vel
668 2467 835 2520 majores
854 2465 914 2506 vel
938 2468 1127 2514 minores,
1153 2467 1238 2508 illae
1257 2479 1431 2521 tempore
1454 2469 1711 2524 Hieronymi,
1742 2482 1784 2512 ut
1811 2474 1841 2522 §.
1878 2487 1895 2514 1

167 2523 356 2571 vidimus,
369 2521 603 2561 vocabantur
622 2522 808 2567 unciales,
837 2521 958 2563 rursus
978 2523 1018 2562 in
1035 2522 1115 2563 duo
1135 2536 1275 2578 genera
1296 2523 1596 2579 distinguendae.
1627 2525 1777 2567 Literae
1797 2540 1901 2569 vete-

167 2592 229 2620 res
256 2577 370 2630 primi
387 2576 537 2630 generis
558 2575 677 2629 figura
699 2576 784 2618 sunt
802 2577 979 2617 inornata
993 2591 1037 2617 ac
1059 2577 1244 2632 simplici,
1275 2579 1463 2632 aequabili
1485 2579 1602 2619 dustu
1624 2594 1817 2633 exaratae,
1846 2583 1900 2624 ita

167 2633 270 2683 ut,fi
290 2633 312 2685 ξ
332 2632 519 2684 excipias,
548 2631 607 2671 vel
628 2646 706 2672 uno
728 2631 912 2673 duntaxat
920 2643 985 2683 ‚ut
1005 2632 1170 2683 &wast
1188 2629 1231 2673 τὲ
1260 2631 1373 2686 μικςὸν
1390 2638 1428 2674 &
1452 2632 1565 2685 ἰῶτα,
1587 2635 1645 2675 vel
1657 2634 1900 2687 duobus‚aut

167 2689 356 2729 summum
382 2686 500 2727 tribus
530 2687 706 2727 constent
731 2686 916 2728 dufflbus.
970 2686 1118 2728 Literae
1150 2698 1294 2729 veteres
1324 2688 1478 2729 secundi
1500 2690 1648 2743 generis
1670 2691 1756 2731 sunt
1776 2693 1899 2733 multo

167 2743 411 2797 pinguiores,
432 2741 620 2795 inaequali
648 2741 766 2782 duRu
788 2753 903 2796 atque
920 2742 1144 2797 angulosae,
1174 2743 1267 2783 aliae
1286 2743 1389 2784 velut
1408 2744 1484 2784 basi
1503 2744 1671 2799 quadam
1693 2745 1809 2787 fultae
1822 2774 1832 2792 ‚
1861 2762 1900 2787 a-

166 2800 241 2840 liae
261 2797 373 2839 variis
391 2796 561 2850 apicibus
580 2809 738 2837 ornatae
759 2808 824 2837 aut
841 2809 1020 2838 oneratae
1038 2798 1175 2852 potius.
1231 2798 1366 2851 Qium
1389 2813 1481 2839 vcro
1502 2801 1606 2853 prior
1626 2800 1687 2840 illa
1709 2801 1821 2854 plane
1840 2816 1901 2842 ea-

168 2853 259 2894 dem
278 2852 459 2905 scriptura
478 2850 545 2901 sit,
575 2853 727 2905 quaein
745 2851 1022 2907 antiquioribus
1040 2854 1297 2895 monumentis
1317 2854 1554 2895 Graecorum
1576 2868 1792 2910 comparet:
1832 2871 1902 2911 po-

168 2909 300 2949 sterior
327 2907 513 2960 piSturam
543 2905 879 2947 semibarbarorum
909 2917 1126 2961 temporum
1159 2908 1278 2963 sapiat
1300 2941 1310 2958 ,
1352 2922 1509 2963 apparet
1541 2911 1693 2964 utique,
1733 2911 1900 2965 priorem

168 2962 425 3004 eharaaerem
454 2961 554 3001 reste
584 2961 758 3017 assignari
778 2961 904 3002 seculo
923 2962 993 3003 VI.
1005 2994 1017 3012 ,
1045 2964 1294 3017 posteriorem
1314 2962 1387 3004 IX.
1430 2963 1523 3004 Hoc
1545 2969 1583 3004 δε
1605 2966 1797 3006 brevitatis
1815 2982 1903 3008 cau-

169 3019 208 3060 sa
225 3018 346 3067 facio,
377 3017 460 3057 aliis
478 3015 649 3057 Codices
666 3028 782 3070 prout
802 3017 922 3074 figura
945 3018 1065 3072 magis
1085 3017 1135 3058 ad
1156 3018 1255 3058 hanc
1275 3018 1333 3059 vel
1355 3018 1457 3058 illam
1480 3019 1627 3060 accedit
1646 3020 1777 3060 medio
1806 3033 1905 3062 tem-

170 3074 259 3128 pori
282 3070 516 3113 dividendos
546 3071 785 3126 relinquens;
814 3075 896 3112 tum
925 3073 1040 3113 etiam
1061 3072 1240 3113 vitandae
1258 3074 1504 3114 extremitatis
1522 3088 1637 3129 ergo·,
1665 3075 1782 3116 video
1797 3076 1900 3117 enim

170 3126 393 3182 possessorcs
413 3125 632 3177 Codicum,
664 3126 791 3167 nescio
821 3141 902 3181 quo
934 3141 1065 3169 amore
1088 3128 1324 3182 antiquitatis
1346 3129 1544 3182 abreptos,
1575 3130 1798 3184 plerumque
1823 3144 1901 3170 ma-

1842 3199 1902 3236 Jo-
