1976 3519
150 201 230 252 256
507 194 978 233 ETAFI'E

150 284 214 326 νῶν.

150 357 209 382 τος
235 338 262 379 ἓν
284 338 330 389 τῇ
362 334 477 388 Epium*

190 498 215 525 3.
234 483 322 522 οὗτος]
344 484 418 517 αὐτ-ὃς
435 486 539 523 Evang.
557 494 583 522 5.
605 493 649 513 22..

186 525 257 563 γὰρ]
279 540 327 547 -—-
351 532 374 554 1.

1032 194 1326 230 AION
1780 190 1850 232 111.

299 280 418 323 Οὗτος
443 277 517 333 ’γάς
551 278 622 323 {triv
651 275 665 317 ὃ
687 274 795 331 ῥηθεὶς
816 273 885 316 ὑπὸ
913 269 1058 316 (Ησαΐου
1078 277 1139 316 τοῦ
1159 272 1360 325 προφήτου,
1392 272 1567 322 λέγοντος·
1627 273 1713 319 Φωνὴ
1727 273 1824 321 βοόν-
1856 289 1877 330 3

534 331 774 384 Ἑτοιμάσατε
806 329 865 375 τὴν
893 328 962 372 ὁδὸν
991 329 1130 384 Κυρίου,
1159 328 1279 373 εὐθείας
1302 328 1434 371 ποιεῖτε
1467 328 1537 371 τοὶς
1556 328 1690 382 τρίβους
1708 330 1825 371 αὐτοῦ.

1654 398 1683 437 4
1710 383 1825 427 Αὐτὸς

183 562 250 598 ὀπὶ]
269 561 312 591 ‘Nx
327 565 351 591 C
380 565 416 592 D.
436 561 516 591 Colb.
540 573 563 590 1.
583 571 624 598 ¹3·
643 561 737 589 Verfio
746 565 803 600 Syr.
821 560 896 598 Vulg.
915 565 1010 590 Saxon.
1028 561 1143 605 AEtlgjqp.
1157 567 1187 600 αξ
1203 559 1225 589 1.
1245 568 1288 588 22.

188 614 217 639 4.
236 603 270 638 ὁ]
289 617 340 623 --
359 604 395 630 D.
414 602 481 629 Edd.
500 602 599 637 Erasmi'
619 610 642 636 3.
659 611 687 636 4.
708 609 735 634 5.

1029 598 1156 637 adram]
1175 602 1198 628 ἡν
1212 599 1280 625 azir?
1297 597 1331 624 C.
1352 597 1388 625 D.
1412 606 1436 625 Ι.

186 638 304 678 ἀκρίδες]
326 641 482 680 Epiphanius
509 642 546 668 H.
574 640 672 667 XXX.
692 647 831 675 perperam
860 637 971 666 credidit
986 657 994 669 ‚
1022 639 1177 666 Nazaraeos
1200 638 1227 665 in
1243 636 1292 665 suo
1319 635 1467 673 Evangelio
1490 632 1581 673 legisse
1603 630 1710 672 amr-*24
1730 645 1781 674 pro
1809 634 1878 675 ἀκμῇ

150 716 294 760 dinanuo-dm
316 715 580 757 προεκκεκαθαρμένης,
603 713 648 745 zai
664 717 712 744 τὸν
730 712 816 743 ἄλλων
832 715 987 754 συςμφσμέ-

153 774 210 794 mr,
233 761 278 790 xxi
293 760 341 801 »sap
356 760 463 799 {sp-&nexu
480 759 518 789 {xl
536 765 634 789 πλεῖςον
651 759 685 797 τῇ
698 755 818 795 ἀκρασία-ει
834 759 880 785 τὸν
889 758 987 792 λόγων,

146 801 232 836 δείσας
249 803 352 843 Ἠράὸης
369 804 434 833 &c.
454 804 571 838 Gorgias
586 811 642 841 pro
653 798 816 830 Palamede.
836 802 925 829 ταῦτα
939 800 988 841 γὴρ

145 846 292 884 προνοῶ-οισι
308 845 353 883 μὲν
368 844 481 878 (bremia,
502 843 681 882 portatorio-ouri
695 841 722 870 d}
736 842 838 871 ἀνίατοι.

184 889 197 919 ἦ
211 887 335 922 βασιλεία
351 891 396 917 τῦ,
413 886 512 926 ὑμῶν]
536 883 691 915 Matthaeo
699 884 796 914 tricies
803 884 842 913 ita
850 891 988 923 vocatur,

148 929 302 969 aliquoties
333 939 431 960 tamen
456 927 583 963 βασιλεία
598 928 663 960 θεῖε,
684 935 746 966 quo
765 926 887 956 nomine
911 926 988 967 apud

148 971 275 1011 reliquos
307 968 506 1012 Evangelistas
534 970 567 999 ὅ(
604 967 732 999 Paulum
756 969 837 999 venit
852 992 863 1008 ,
900 970 989 999 rarius

148 1023 271 1053 regnum
287 1013 418 1049 Christi,
438 1015 511 1042 Luc.
534 1009 641 1042 XXII.
663 1020 713 1050 29.
738 1019 786 1051 30.
807 1009 990 1050 Jo.XVIII.

147 1058 195 1095 36.
220 1065 267 1096 37.
292 1066 317 1087 1.
335 1059 398 1086 Cor.
420 1055 494 1086 XV.
516 1063 565 1094 24.
589 1054 647 1085 col.
668 1052 940 1094 1.13.2.Tim.1V.
955 1061 991 1094 1,

148 1097 193 1128 18.
224 1108 253 1128 2.
281 1101 362 1129 Petr.
393 1098 418 1129 1.
450 1107 500 1129 11.
535 1100 623 1139 Apoc.
661 1095 686 1125 1.
713 1105 741 1134 9.
764 1094 823 1126 XI.
849 1102 894 1134 15.
936 1096 992 1135 Ju-

144 1139 207 1170 daei
218 1141 310 1171 multa
319 1142 407 1172 etiarn
416 1139 526 1171 habent
534 1139 571 1169 de
580 1138 699 1174 ΞὍΨ
715 1130 853 1174 mzbn.
874 1138 938 1178 QJi
947 1138 992 1169 fa-

142 1190 220 1213 tetur
237 1183 339 1214 Deum
356 1183 412 1215 esse
428 1193 540 1223 unum,
558 1180 712 1212 recitando
721 1181 811 1211 verba
819 1180 912 1212 Deut.
934 1180 988 1213 VI.

142 1235 172 1263 4.
190 1226 237 1256 ille
252 1225 365 1268 suscipit
374 1236 498 1267 regnum
507 1224 663 1257 coelorum
680 1222 842 1254 Berachoth
859 1223 935 1265 Cap,
947 1223 989 1256 ΙΙ,

144 1277 171 1298 2.
191 1268 257 1299 &f.
279 1279 325 1300 ιο.
344 1279 372 1300 2.
391 1270 442 1309 qui
460 1269 539 1310 prius
556 1267 616 1299 edit
633 1291 643 1307 ,
661 1266 693 1297 &
710 1266 777 1296 dein
792 1265 910 1307 suscipit
920 1267 951 1297 in
960 1266 987 1297 se

135 1311 244 1351 jugum
262 1312 342 1351 regni
359 1311 523 1343 coelorum.
545 1310 565 1342 f.
586 1318 705 1350 13.n0n
715 1308 845 1340 vidimus
854 1319 986 1350 unquam

142 1352 244 1384 Rabbi
256 1353 366 1392 Judam
384 1353 542 1395 sapientem
559 1352 763 1392 suscipientem
779 1352 809 1381 in
827 1351 986 1393 seregnum

141 1395 307 1427 coelorum.
352 1397 518 1438 Respondit
546 1396 601 1427 Bai·
628 1394 735 1432 Fabri,
764 1403 826 1434 quo
849 1402 986 1435 tempore

141 1447 245 1469 manus
276 1439 336 1470 suas
367 1438 452 1470 faciei
491 1438 652 1480 applicuit,
695 1435 818 1477 suscepit
843 1437 873 1467 in
898 1437 925 1467 se
934 1439 986 1477 ju..

139 1490 213 1521 gum
223 1481 505 1523 RegniCoelorum.
527 1491 573 1520 15.
598 1490 624 1511 1.
649 1478 827 1520 phylacteria
837 1488 985 1520 apponat,

138 1533 172 1553 ea
188 1525 292 1556 recitet
309 1526 342 1556 &
357 1533 511 1566 precetur,
532 1524 566 1556 &
581 1522 643 1554 hoc
660 1520 702 1552 est
718 1520 861 1562 Regnum
870 1520 986 1554 Coelo-

140 1576 208 1597 rum
254 1567 385 1608 plenum.
429 1566 470 1598 II.
517 1575 548 1606 5.
597 1565 639 1596 R.
685 1563 833 1595 Gamaliel
877 1565 981 1596 recita-

138 1610 199 1640 vit:
237 1608 319 1640 Audi
348 1609 440 1652 israel
460 1608 519 1650 ipsa
543 1607 633 1639 noete
656 1607 837 1648 nuptiarum.
880 1606 980 1638 Cum-

160 1661 195 1682 ue
221 1652 356 1693 discipuli
385 1653 412 1682 ei
437 1650 594 1682 dicerent:
645 1658 747 1680 nonne
772 1648 900 1679 docuisti
926 1659 983 1682 nos

134 1661 277 1732 ?ponsum
311 1694 348 1724 ab
389 1694 439 1725 illa
472 1692 642 1723 recitatione
676 1690 803 1721 liberum
836 1690 911 1731 esse,
939 1701 982 1722 re-

135 1735 271 1776 spondit:
306 1745 363 1776 ego
387 1735 475 1767 vobis
497 1745 560 1765 non
585 1731 776 1772 auscultabo,
803 1740 836 1763 ut
857 1742 983 1774 regnum

136 1778 293 1810 coelorum
317 1778 363 1811 vel
395 1787 487 1809 unam
509 1777 616 1808 horam
639 1785 656 1807 a
684 1783 734 1805 me
749 1784 931 1808 removeam.
953 1786 981 1807 c.

136 1829 165 1862 9.
176 1821 255 1853 f.61.
265 1830 294 1853 2.
314 1831 347 1852 ea
364 1820 436 1852 hora
452 1829 511 1861 qua
526 1819 569 1851 R.
590 1818 722 1851 Akibam
736 1816 772 1848 ad
780 1826 911 1849 mortem
927 1817 983 1850 du-

135 1872 258 1904 xerunt,
278 1872 339 1895 erat
357 1872 473 1903 tempus
483 1861 603 1892 orandi:
624 1859 718 1892 Audi.
737 1870 809 1891 cum
818 1861 908 1902 igitur
916 1870 982 1892 car-

134 1915 206 1936 nem
232 1908 293 1947 ejus
318 1905 432 1947 ungulis
447 1905 544 1936 ferreis
559 1904 739 1939 lacerarent,
759 1902 886 1943 suscepit
905 1904 936 1934 in
953 1903 981 1935 se

134 1957 259 1989 regnum
275 1948 442 1979 coelorum.
464 1948 625 1977 Tanchuma
642 1944 663 1976 f.
686 1954 714 1985 5.
740 1954 764 1975 x.
785 1944 916 1986 quaestio
936 1946 981 1976 est

134 2000 172 2021 an
188 1990 333 2029 Israelita,
354 1990 472 2032 quando
489 1990 518 2020 iii
534 1990 636 2020 itinere
654 1987 714 2027 est,
734 1997 860 2028 regnum
876 1988 980 2022 coelo-

134 2042 204 2064 rum
219 2033 358 2074 suscipere
378 2032 486 2074 possit?
506 2033 540 2063 ὃ(
558 2029 767 2071 respondetur,
788 2030 819 2060 in
834 2029 932 2060 eundo
947 2031 979 2062 id

135 2074 195 2106 ficri
210 2086 274 2107 non
296 2076 400 2106 debere
412 2097 421 2113 ‚
438 2074 484 2106 sed
494 2074 546 2116 ipsi
554 2072 691 2104 standum
700 2072 758 2102 esIe
768 2073 798 2102 in
807 2082 869 2103 uno
877 2072 979 2113 aliquo

132 2117 223 2160 Ioco,
246 2127 277 2149 ut
291 2118 458 2149 orationem
473 2117 540 2147 audi
558 2117 668 2146 recitet.
689 2117 801 2145 Hieros.
822 2114 977 2156 Kiadusch.

133 2170 205 2192 cum
229 2161 323 2193 servus
347 2161 457 2192 audiret
480 2169 495 2190 a
521 2168 624 2190 monte
647 2157 744 2190 Sinai:
774 2167 837 2188 non
852 2159 907 2188 erit
923 2159 979 2190 tibi

133 2203 287 2234 Dominus
303 2204 392 2240 alius,
414 2204 490 2242 rupit
499 2201 571 2232 illea
588 2200 615 2232 se
625 2201 734 2242 jugum
750 2202 828 2239 regni
837 2199 980 2242 coelorum,

134 2246 167 2276 ὅ(
186 2246 309 2286 suscepit
326 2246 356 2276 in
373 2245 400 2276 se
411 2247 520 2286 jugum
536 2244 631 2275 carnis
649 2244 682 2274 &
701 2242 854 2284 sanguinis.
898 2242 980 2273 Sche-

133 2289 235 2320 vuoth.
258 2298 305 2330 35.
326 2298 357 2319 2.
380 2288 521 2328 Regnum
538 2287 694 2318 coelorum
708 2286 871 2326 opponitur
886 2295 979 2326 regno

136 2338 235 2362 terrae.
276 2329 429 2372 Medrafih
455 2329 574 2370 Mifihle
597 2339 622 2360 ι.
643 2337 698 2362 22.
724 2328 831 2365 Stulti,
851 2327 912 2358 hoc
937 2329 980 2360 est

133 2383 260 2415 regnum
278 2373 425 2415 impium,
447 2371 528 2413 quod
546 2381 609 2403 non
621 2370 774 2411 suscipitin
784 2370 922 2411 sejugum
932 2381 980 2401 re-

132 2418 183 2456 gni
195 2417 371 2454 coelorum,
391 2416 424 2447 ὅ(
436 2417 545 2455 jugum
557 2414 652 2454 Legis.
673 2412 843 2443 Bamidbar.
864 2413 907 2444 R.
932 2423 978 2445 11.

125 2459 258 2499 Jacobus
289 2458 412 2490 vocavit
443 2458 519 2488 filios
557 2455 622 2487 suos
643 2478 653 2494 ,
682 2456 716 2488 &
740 2456 845 2487 iisdem
868 2455 904 2487 de
922 2457 978 2488 viis

130 2501 192 2533 Dei
207 2501 415 2543 praecepit,&
435 2500 622 2540 susceperunt
639 2499 670 2528 in
686 2497 714 2529 se
732 2508 856 2541 regnum
873 2499 977 2529 coelo-

129 2553 208 2575 rum.
250 2543 413 2574 Tanchuma
437 2543 459 2574 f.
482 2544 533 2574 28.
556 2552 585 2572 2.
607 2540 691 2572 Cum
707 2540 850 2572 Israelitae
867 2540 975 2572 starent

127 2594 195 2617 ante
216 2594 353 2617 montem
365 2585 464 2625 Sinai,
487 2594 592 2615 omnes
610 2583 716 2615 eodem
725 2584 828 2616 animo
836 2583 972 2625 fuerunt,

126 2637 159 2660 ut
169 2638 292 2670 regnum
301 2628 457 2659 coelorum
466 2637 536 2658 cum
555 2627 664 2668 gaudio
680 2625 864 2667 susciperent.
885 2626 975 2658 Sohar

127 2674 226 2701 Genes.
248 2671 302 2701 fol.
328 2680 396 2711 103.
419 2670 479 2701 col.
499 2679 572 2710 409.
597 2667 715 2709 quando
730 2668 826 2700 homo
836 2669 973 2702 cubitum

128 2715 170 2754 it,
187 2715 319 2756 primum
343 2714 482 2743 omnium
499 2714 530 2742 in
547 2712 573 2742 se
588 2712 728 2753 suscipere
743 2711 831 2742 debet
847 2720 973 2749 regnum

125 2757 302 2795 coelorum,
330 2754 435 2785 deinde
460 2755 528 2785 alias
550 2764 649 2792 preces
675 2754 783 2785 recitet.
818 2753 973 2784 Midrasch

125 2798 267 2830 Schemuel
280 2797 317 2829 II.
345 2807 391 2828 12.
415 2798 449 2827 &
467 2796 518 2827 filii
545 2796 593 2827 Eli
605 2805 686 2827 erant
705 2796 759 2827 filii
774 2795 889 2827 Belialis
904 2798 973 2836 quia

124 2842 312 2872 excuss'erunt
335 2850 352 2870 a
375 2840 402 2870 se
426 2849 550 2880 regnum
575 2838 730 2869 coelorum
753 2840 787 2870 ὃς
812 2839 971 2871 dixerunt:

126 2884 240 2914 nonest
252 2883 392 2924 Regnum
413 2883 442 2913 in
463 2881 562 2912 coelis.
586 2880 698 2920 Jalkut
715 2884 820 2910 Simoni
835 2881 858 2912 f.
874 2890 925 2922 43.
946 2891 972 2914 1.

124 2927 222 2957 Esaias
246 2935 369 2966 regnum
395 2924 454 2954 Dei
480 2924 582 2953 lubens
609 2933 643 2953 ac
673 2924 762 2953 laetus
780 2925 810 2953 in
833 2923 861 2953 se
877 2924 974 2954 sulce-

124 2971 168 3010 pit
190 2968 272 2999 S.D.
295 2967 347 2998 VI.
373 2966 400 2996 8.
426 2967 468 2996 D.
495 2964 647 2995 Bemidbar
674 2965 715 2995 R.
739 2965 782 2996 X.
803 2966 826 2995 f.
853 2967 919 3004 198.
941 2975 973 3005 4.

123 3011 264 3054 gaudium
294 3010 466 3040 Salomonis
493 3008 528 3038 de
550 3007 607 3038 filia
623 3007 784 3038 Pharaonis
803 3009 896 3047 majus
918 3008 974 3038 fuit

123 3063 214 3096 quarn
230 3052 369 3094 gaudium
386 3052 422 3081 de
445 3050 568 3090 templo.
614 3049 771 3090 Propterea
787 3049 896 3080 dicitur
918 3051 975 3080 Le—

124 3096 222 3136 muel‚
243 3096 311 3136 quia
333 3095 439 3134 jugum
467 3093 546 3133 regni
574 3092 728 3123 coelorum
754 3102 769 3121 a
785 3091 811 3122 se
837 3094 973 3132 projecit.

123 3139 263 3172 Debarim
289 3137 332 3170 R.
384 3135 422 3167 11.
452 3136 476 3168 f.
503 3144 574 3176 237.
605 3145 637 3166 2.
667 3134 786 3175 quando
810 3135 876 3176 quis
899 3136 973 3166 inter

1030 712 1244 746 ambulandum
1272 721 1356 754 orat,
1376 712 1490 743 necesse
1505 711 1567 752 est,
1587 719 1618 742 ut
1636 721 1759 753 regnum
1776 711 1880 743 coelo-

1031 767 1098 788 rum
1122 755 1198 786 stans
1222 755 1363 797 suscipiat.
1410 754 1577 795 Qodnam
1604 753 1674 785 illud
1691 755 1734 785 est
1753 764 1878 795 regnum

1032 797 1212 831 coelorum?
1234 798 1386 830 Dominus
1412 797 1498 828 Deus
1521 796 1619 827 noster
1637 796 1719 828 Deus
1736 807 1808 828 unus
1825 797 1876 828 est.

1030 846 1126 873 Beres.
1151 841 1191 871 R.
1215 840 1272 873 IX.
1301 850 1347 881 15.
1369 840 1455 871 Dixit
1475 840 1514 870 R.
1535 839 1658 870 Simeon
1672 840 1693 870 f.
1721 839 1809 870 Lakis
1825 849 1877 870 ec-

1030 894 1066 915 ce
1089 882 1172 916 valde
1196 883 1331 924 bonum,
1353 881 1413 913 hoc
1437 882 1480 913 est
1503 891 1626 922 regnum
1650 881 1823 920 coelorum3
1843 882 1877 913 &

1031 936 1103 958 ecce
1122 925 1205 958 valde
1221 926 1357 965 bonum,
1378 924 1439 954 hoc
1464 923 1505 954 est
1527 934 1651 965 regnum
1681 932 1780 955 terrae.
1818 927 1877 955 Ko-

1033 969 1126 1000 heleth
1154 972 1190 999 R.
1221 969 1244 1000 Ι.
1272 967 1319 1000 18.
1342 967 1394 998 filii
1418 966 1525 997 Achafi
1542 976 1606 997 non
1629 975 1807 1008 acceperunt
1829 969 1877 998 su-

1033 1021 1083 1052 per
1107 1012 1135 1042 se
1153 1012 1261 1053 jugum
1284 1009 1459 1048 coelorum,
1480 1018 1542 1039 non
1560 1017 1744 1048 agnoverunt
1763 1009 1877 1041 Domi-

1034 1064 1128 1094 num,
1146 1056 1213 1095 quia
1237 1054 1398 1084 dixerunt:
1426 1061 1489 1082 non
1513 1050 1554 1081 est
1580 1059 1702 1090 regnum
1725 1052 1756 1081 in
1776 1052 1875 1084 coelo.

1078 1097 1160 1127 Cum
1173 1097 1354 1136 veroJudaei
1364 1094 1500 1126 Meffiam
1509 1093 1723 1135 exspectarent,
1743 1095 1874 1134 quicum

1035 1139 1163 1170 nubibus
1189 1139 1266 1171 coeli
1290 1146 1450 1179 venturus,
1488 1137 1570 1175 regni
1591 1137 1700 1167 aeterni
1726 1136 1792 1177 post
1817 1136 1873 1169 IV.

1035 1181 1230 1213 Monarchias
1262 1181 1454 1212 fundamenta
1467 1178 1619 1220 jacturas,
1651 1179 1684 1209 &
1709 1179 1874 1219 praesertim

1031 1223 1169 1255 homines
1196 1234 1302 1257 verum
1326 1223 1385 1254 Dei
1406 1222 1522 1253 cultum
1548 1221 1725 1262 edocturus,
1746 1221 1875 1263 Deoque

1029 1266 1212 1306 subjecturus
1227 1266 1313 1298 esset:
1334 1265 1420 1296 facile
1436 1264 1643 1305 intelligimus,
1663 1271 1727 1294 tum
1745 1273 1872 1305 regnum

1030 1308 1091 1340 Dei
1115 1311 1148 1341 ὃ(
1172 1318 1295 1351 regnum
1325 1307 1467 1348 Meffiae,
1487 1316 1553 1338 tum
1571 1306 1741 1337 doctrinam
1760 1306 1873 1339 Christi

1030 1352 1190 1393 amplecti,
1210 1354 1244 1385 ὃς
1263 1360 1385 1393 regnum
1402 1351 1558 1381 coelorum
1574 1349 1715 1389 suscipere
1724 1359 1817 1380 unum
1827 1361 1872 1381 at-

1029 1404 1087 1435 que
1109 1394 1189 1426 idem
1216 1393 1395 1436 significasse.
1415 1393 1555 1431 Thargum
1581 1391 1697 1422 Michae
1712 1391 1767 1423 IV.
1789 1403 1818 1432 7.
1837 1395 1872 1425 &

1028 1437 1204 1469 revelabitur
1219 1438 1286 1478 ipfis
1302 1448 1414 1475 regnum
1430 1436 1562 1467 coelorum
1578 1435 1608 1465 in
1627 1443 1731 1465 monte
1747 1434 1872 1467 Zion&

1028 1480 1154 1511 nunc&
1171 1489 1262 1520 usque
1281 1480 1312 1510 in
1329 1478 1514 1509 seculum&
1535 1476 1616 1517 Efizj.
1635 1476 1707 1508 XL.
1729 1488 1758 1518 9.
1780 1478 1873 1510 dicite

1029 1522 1198 1553 civitatibus
1226 1521 1334 1554 domus
1360 1520 1459 1560 Juda‚
1487 1520 1647 1550 revelatum
1678 1519 1720 1550 est
1745 1530 1870 1562 regnum

1028 1564 1199 1596 Deivestri.
1221 1566 1292 1596 Luc.
1316 1562 1420 1595 XVII.
1440 1573 1493 1594 20.
1514 1560 1606 1594 XIX.
1632 1570 1680 1592 11.
1700 1561 1807 1594 XXII.
1822 1564 1868 1596 18.

1026 1605 1149 1638 XXIII.
1184 1617 1229 1647 51.
1257 1605 1371 1638 Matth.
1401 1604 1476 1636 XII.
1507 1606 1557 1636 28.
1597 1604 1740 1645 Cumque
1764 1606 1869 1644 judaei

1026 1649 1166 1684 Meffiatn
1179 1649 1320 1681 omnibus
1337 1648 1511 1680 mortalibus
1526 1646 1764 1689 praestantiorem
1775 1648 1806 1678 ὃ(
1817 1659 1868 1689 per

1026 1691 1123 1734 ipsum
1149 1692 1277 1724 maxima
1301 1692 1382 1722 bona
1397 1689 1609 1731 exspedlarent,
1628 1689 1692 1720 satis
1707 1690 1868 1731 intelligere

1026 1742 1180 1775 poterant,
1199 1743 1268 1764 eum
1290 1733 1566 1774 nonimpunitatem
1576 1732 1703 1773 peccatis
1711 1732 1868 1764 conceisu-

1027 1786 1094 1807 rum
1103 1801 1114 1817 ,
1134 1776 1181 1807 sed
1197 1775 1370 1818 singularem
1380 1784 1499 1806 morum
1512 1776 1712 1806 innocentiam
1721 1784 1738 1805 a
1746 1774 1867 1808 subditis

1026 1819 1252 1860 requisiturum,
1273 1828 1439 1860 poenasque
1453 1825 1537 1849 tanto
1552 1818 1700 1858 graviores
1708 1826 1866 1850 conturna-

1026 1862 1111 1892 cibus
1133 1860 1319 1893 inflic‘jmrum
1343 1860 1418 1896 effe,
1445 1870 1558 1901 quanto
1582 1861 1614 1891 δε
1639 1860 1726 1901 ipsius
1742 1862 1866 1901 dignitas

1025 1905 1172 1945 amplior,
1193 1905 1226 1935 &
1243 1903 1471 1945 pollicitationes
1487 1904 1612 1942 majores
1629 1902 1756 1933 fuissent.
1799 1904 1864 1936 Ha-

1025 1945 1127 1978 Ctenus
1145 1947 1227 1977 Deus
1243 1945 1343 1977 servos
1359 1945 1425 1977 suos
1441 1945 1597 1986 prophetas
1606 1944 1642 1976 ad
1651 1955 1701 1976 eos
1710 1946 1806 1985 misit,
1828 1948 1864 1978 δε

1023 1989 1075 2028 qui
1101 1989 1169 2020 illos
1193 1998 1256 2019 non
1272 1988 1444 2025 audierunt,
1465 1987 1560 2019 severe
1577 1988 1712 2029 punivit:
1737 1989 1800 2028 jam
1815 1990 1863 2019 in-

1024 2031 1081 2062 stat
1105 2032 1248 2064 adventus
1270 2031 1355 2073 ipsius
1378 2030 1448 2070 filii,
1468 2031 1518 2061 cui
1535 2032 1628 2071 major
1644 2029 1741 2062 multo
1761 2031 1861 2064 honor

1021 2081 1110 2114 atque
1124 2074 1283 2107 reverentia
1297 2073 1428 2104 debetur.
1472 2073 1545 2104 Hoc
1560 2082 1767 2113 argumentum
1788 2073 1863 2105 Pau-

1021 2115 1066 2147 lus
1087 2126 1169 2158 urget
1212 2116 1281 2147 Aet.
1304 2115 1410 2147 XVII.
1433 2124 1482 2156 30.
1504 2125 1553 2155 31.
1573 2116 1607 2147 &
1629 2118 1732 2147 Petrus
1756 2115 1812 2156 Ep.
1831 2127 1862 2149 2.

1024 2157 1186 2191 III.11.---
1199 2158 1351 2198 15.C0nf.
1368 2157 1680 2199 Matth.XXlV.43.
1697 2177 1734 2182 ——
1751 2157 1862 2191 XXV.

1026 2210 1075 2241 13.
1085 2204 1197 2233 Terent.
1205 2201 1300 2232 Andr.
1315 2211 1340 2231 1.
1351 2210 1381 2231 2.
1395 2210 1443 2241 17.
1454 2200 1535 2241 quod
1545 2200 1669 2232 antehac
1681 2200 1772 2240 fecit,
1790 2201 1861 2232 nihil

1019 2243 1058 2274 ad
1068 2253 1115 2275 me
1125 2245 1237 2276 attinet.
1249 2244 1335 2276 Dum
1343 2251 1458 2285 ternpus
1467 2243 1502 2274 ad
1510 2252 1575 2274 earn
1583 2253 1644 2273 rem
1654 2243 1732 2282 tulit,
1740 2244 1792 2275 sivi
1801 2247 1864 2276 ani-

1023 2295 1111 2318 mum
1130 2296 1162 2318 ut
1178 2287 1309 2328 expleret
1331 2288 1432 2319 suum:
1453 2285 1550 2317 Nunc
1573 2286 1621 2316 hic
1639 2286 1698 2316 dies
1716 2286 1802 2317 aliam
1820 2288 1862 2318 vi-

1023 2336 1086 2360 tam
1107 2329 1220 2367 adfert,
1240 2329 1312 2360 alios
1329 2339 1425 2360 mores
1442 2327 1580 2371 postulat.
1608 2328 1699 2369 Joma
1720 2330 1742 2361 f.
1764 2328 1812 2360 86.
1833 2340 1862 2362 2.

1023 2371 1113 2403 Dixit
1136 2372 1176 2404 R.
1196 2372 1371 2412 Jochanan:
1402 2381 1447 2403 res
1471 2381 1578 2411 magna
1598 2370 1640 2401 est
1663 2372 1863 2414 poenitentia,

1022 2415 1091 2454 quia
1113 2414 1186 2447 facit
1209 2422 1242 2444 ut
1262 2415 1480 2456 appropinquet
1503 2413 1665 2454 redemtio,
1694 2414 1724 2446 S.
1745 2413 1789 2445 D.
1812 2414 1861 2446 Es.

1022 2456 1112 2489 LIX.
1143 2467 1195 2489 20.
1222 2458 1357 2498 quisnam
1378 2456 1420 2487 est
1444 2456 1554 2488 sensus:
1590 2458 1688 2488 veniet
1712 2456 1863 2488 redemtor

1021 2499 1125 2541 Sioni,
1142 2500 1211 2532 ideo
1231 2501 1300 2541 quia
1316 2508 1501 2531 revertuntur
1515 2510 1531 2529 a
1547 2500 1675 2540 peccatis
1692 2499 1722 2529 in
1734 2499 1863 2538 Jacobo.

1063 2552 1090 2583 3.
1110 2542 1216 2584 Efizias
1240 2542 1318 2583 Cap.
1338 2541 1412 2574 XL.
1431 2542 1562 2583 loquitur
1578 2541 1615 2572 de
1630 2541 1725 2573 reditu
1741 2551 1776 2572 ex
1793 2552 1864 2583 cap-

1018 2584 1131 2616 tivitate
1141 2584 1339 2627 Babylonica,
1352 2584 1435 2625 quod
1446 2595 1481 2615 ex
1492 2586 1587 2626 capite
1595 2584 1778 2625 praecedenti
1786 2595 1862 2616 con—

1019 2627 1092 2659 stat:
1115 2628 1201 2659 Haec
1223 2637 1322 2658 aulem
1338 2628 1424 2669 ipsius
1441 2628 1529 2658 verba
1541 2627 1707 2659 Matthaeus
1716 2627 1860 2668 eleganter

1018 2671 1153 2702 transfert
1176 2670 1213 2701 ad
1231 2670 1353 2701 Meffiae
1366 2670 1537 2701 adventum.
1579 2669 1682 2700 Solent
1701 2671 1779 2699 enim
1797 2670 1861 2701 Im-

1016 2714 1352 2753 peratores,exercitum
1368 2712 1403 2742 ad
1420 2712 1637 2752 expeditionem
1655 2712 1780 2751 aliquam
1789 2712 1862 2743 edu-

1017 2754 1094 2785 &uri
1110 2779 1120 2794 ,
1155 2763 1311 2786 metatores
1334 2755 1368 2784 &
1393 2755 1553 2785 munitores
1577 2754 1760 2794 praemittere
1778 2779 1787 2795 ,
1807 2755 1860 2795 qui

1015 2797 1121 2828 locum
1144 2797 1242 2827 castris
1265 2796 1433 2837 designent,
1459 2805 1580 2836 campos
1591 2797 1742 2827 montibus
1758 2806 1862 2837 aggere

1016 2848 1158 2880 aequent,
1178 2840 1387 2878 mendumque
1406 2841 1477 2880 juga
1494 2837 1610 2869 fossuris
1627 2840 1794 2870 incredibili
1810 2851 1860 2871 ce-

1018 2882 1128 2913 leritate
1138 2881 1471 2921 complanent‚Sueton.
1490 2881 1585 2922 Calig.
1609 2892 1658 2923 37.
1678 2884 1742 2923 Jos.
1755 2883 1859 2914 3111.

1019 2934 1047 2964 ς.
1075 2935 1099 2956 1.
1122 2925 1238 2961 τειχῖσκι
1261 2924 1417 2963 ςροιτὲπεέον.
1440 2926 1467 2953 τὲ
1492 2924 1516 2953 ow
1737 2925 1743 2932 ’

1018 2976 1059 2996 λον
1085 2971 1192 3005 imapum
1210 2984 1271 2990 --
1293 2966 1357 2995 άλλ’
1381 2971 1402 2996 εἰ
1420 2966 1465 3003 [wir
1489 2967 1624 3005 ἀνώμαλος
1641 2969 1668 2998 ὧν
1685 2970 1760 3005 τύχοι
1783 2971 1860 3007 χόρος

1016 3009 1208 3048 ἔξομιυιλιξεταιι.
1240 3009 1272 3039 &
1295 3009 1323 3037 6.
1346 3019 1376 3038 2.
1399 3009 1506 3039 &doz-otei
1529 3010 1594 3039 rasta-t
1617 3011 1714 3040 σκολιὶε
1736 3014 1777 3043 τῆς
1801 3020 1861 3040 λεω-

1018 3052 1077 3090 φόρε
1095 3052 1261 3085 nocam-‘Mrem
1285 3050 1330 3080 κα)
1352 3053 1515 3088 χθαμαλοῦν
1539 3052 1574 3081 τὶι
1590 3052 1731 3088 ὃυσβαται,
1754 3053 1798 3082 ml
1813 3051 1860 3085 τὶς

1540 2928 1571 2954 ἐκ
1588 2930 1674 2956 εἰκαῖον
1691 2926 1737 2955 οὐδ
1755 2927 1861 2964 ἀνάμι-

1018 3093 1140 3130 ism-oolla
1159 3093 1221 3126 ὅλοις
1237 3094 1442 3131 προανακόπτειν,
1465 3095 1494 3127 ὡς
1509 3093 1546 3131 μὴ
1563 3100 1749 3134 ταλαιπωροῖτο
1765 3094 1860 3124 ὦκα-το-

1015 3139 1064 3175 ροῦ)
1081 3136 1111 3165 τὸ
1128 3134 1270 3176 ςροὲτενμιοι.
1312 3135 1351 3168 V.
1372 3145 1403 3166 2.
1428 3145 1455 3167 1.
1475 3137 1583 3168 ὀέοπωοῖ
1604 3137 1650 3168 καὶ
1663 3136 1789 3178 faia-privar*
1801 3149 1860 3174 spx-

1817 3192 1861 3208 *ro-
