1976 3519
146 242 224 284 132
538 222 1547 269 ‘PROLEGOMENA

143 315 305 358 deseruit
334 327 449 368 atque
471 311 709 354 indefensum
728 311 899 366 reliquit,
929 313 967 350 &
989 323 1069 351 non
1088 309 1157 351 nisi
1176 323 1266 360 eos,
1285 323 1384 364 quos
1401 322 1489 351 cum
1510 310 1666 351 Erasmo
1695 323 1867 353 commu⁶

145 386 213 412 nes
234 370 420 420 habebat,
450 370 597 423 attigit,
640 367 778 408 scilicet

253 423 459 476 Πάτροκλον
479 422 671 475 πρόφασιν,
699 419 789 469 σφῶν
808 420 841 459 δ’
858 418 972 460 itm-&v
990 417 1076 462 κῆὃί
1095 417 1224 464 ἑκάς-η.
1852 455 1855 459 ,

147 482 286 522 Dicam
318 481 492 534 apertius.
550 482 776 529 Anonymus
798 474 1014 527 Bastlicnsls
1034 486 1143 516 autor
1164 474 1457 515 Vindicationis
1480 473 1641 527 Erafmi
1661 474 1731 517 fuit
1750 477 1874 529 Jaco-

147 536 216 576 bus
249 534 543 590 Christophorus
575 533 739 581 Ilelt'us,
769 530 959 584 quondam
990 531 1181 570 Locorum
1213 530 1478 570 Communium
1511 529 1558 575 ὠ·
1587 531 1874 584 Controversia-

149 606 235 631 rum
262 590 579 644 Theologicarum
610 586 822 641 Profeſjor.
876 585 1000 639 Cujus
1027 599 1194 626 errorem
1223 598 1312 625 cum
1332 584 1684 639 deprehendissem,
1711 601 1874 642 eumque

152 647 338 699 Collegae
368 647 470 700 ejus,
501 645 567 700 qui
595 656 676 684 turn
705 641 804 682 forte
823 639 975 691 aderat,
1005 644 1066 691 ὃς,
1090 640 1184 694 quid
1204 654 1377 694 agerem,
1406 641 1874 694 quaerebatſsndicaffizm,

151 703 436 757 quamprimum
459 701 498 741 id
517 714 563 741 ex
593 699 676 753 ipso
698 696 845 737 rescivit
864 695 1036 750 (rescivit
1055 707 1182 736 autem
1203 693 1396 747 citissime)
1428 697 1481 736 ita
1510 696 1642 737 exarsit
1663 731 1673 746 ‚
1714 709 1778 737 aut
1806 711 1876 751 po-

152 760 248 808 tius,
277 771 363 797 cum
395 768 528 797 natura
557 769 637 795 non
665 752 764 793 adeo
793 751 912 792 malus
938 749 1050 799 estet,
1079 751 1132 790 ita
1150 750 1190 790 in
1210 763 1273 790 me
1292 749 1489 804 instigatus
1507 751 1584 796 est,
1614 755 1713 791 ut&
1734 751 1875 792 bellum

153 813 250 853 mihi
278 813 402 853 statim
429 811 633 858 indiceret,
664 812 726 857 δε,
755 805 886 859 quoad
913 806 1027 856 vixit,
1057 804 1290 850 incredibili,
1319 807 1360 844 ὅ(
1381 804 1605 860 plerumque
1621 807 1751 857 irrito,
1782 806 1876 847 sem-

155 882 224 923 per
254 880 379 908 autem
411 865 592 910 molesto,
622 863 750 904 labore
768 860 810 900 id
828 862 1028 915 praecipue
1047 870 1251 914 ageret,ut
1269 859 1365 900 mihi
1383 873 1561 911 noceret,
1590 875 1727 916 meque
1747 876 1881 903 contu-

156 923 278 964 meliis
297 926 334 962 ἃ
356 920 566 962 maledictis
586 929 748 958 vexaret.

210 978 293 1019 Res
322 978 372 1017 ita
401 976 438 1016 se
467 975 589 1014 habet.
619 974 691 1014 Vir
720 971 783 1012 Cl.
813 971 882 1024 Jo.
912 970 1086 1023 Jacobus
1116 969 1394 1023 Breitingerus
1417 1001 1429 1018 ,
1458 983 1560 1009 nnnc
1590 971 1712 1024 Ling.
1742 971 1881 1013 Graec.

155 1032 261 1087 apud
281 1031 478 1082 Turicenfi
508 1028 623 1083 ‘Prof
651 1029 704 1067 P.
738 1026 858 1068 Vetus
875 1026 1165 1067 Testamentum
1184 1026 1353 1066 editurus
1372 1038 1420 1066 ex
1439 1024 1592 1066 Codice
1606 1026 1880 1077 Alexandrino,

158 1086 288 1141 (quod
320 1100 424 1126 anno
445 1086 600 1126 demum
623 1096 672 1136 17
680 1097 743 1136 32.
772 1081 985 1136 perfeRum
1004 1081 1079 1134 est)
1101 1081 1212 1121 initio
1233 1080 1326 1121 anni
1352 1093 1423 1130 17²
1434 1081 1469 1121 8.
1503 1080 1771 1135 Descriptione
1790 1095 1884 1136 ope-

157 1144 207 1183 ris
236 1141 453 1195 praemiffil,
481 1141 639 1194 ejusque
670 1138 794 1192 pretio
819 1137 1013 1188 indicato,
1042 1136 1215 1178 hortatus
1242 1135 1297 1176 est
1315 1134 1510 1185 eruditos,
1537 1148 1579 1176 ut
1612 1149 1754 1177 nomen
1777 1135 1882 1178 suum

159 1197 442 1252 profiterentur,
473 1199 511 1235 8<
531 1195 679 1235 circiter
698 1193 848 1234 tertiam
868 1192 981 1246 pretii
1000 1203 1148 1245 partem
1166 1190 1439 1246 Typographo
1450 1189 1678 1245 propediem
1689 1188 1885 1232 solverent:

159 1255 205 1294 iis
233 1249 390 1292 vicissim
412 1264 493 1292 tum
514 1251 584 1290 alia
604 1249 801 1301 complura
823 1260 905 1288 turn
927 1246 1084 1287 Codicis
1105 1247 1196 1288 MS.
1230 1244 1455 1294 Baffleenfis
1477 1245 1529 1286 X.
1558 1245 1685 1287 seculi
1705 1248 1747 1286 in
1766 1246 1889 1287 octa-

161 1308 339 1348 teuchum
370 1307 463 1347 Var.
499 1305 590 1345 LL.
622 1304 822 1358 pollicitus.
879 1302 998 1343 Simul
1029 1302 1145 1342 etiam
1173 1300 1374 1341 confilium
1393 1300 1501 1341 suum
1522 1300 1571 1353 J.
1605 1301 1649 1342 C.
1679 1300 1817 1353 Ifilio,
1846 1313 1889 1344 ut

161 1364 210 1404 ab
238 1362 321 1416 ipso
348 1361 611 1416 adjuvaretur,
632 1373 698 1414 per
727 1357 936 1412 Epistolam
957 1356 1183 1412 significavit
1202 1356 1385 1397 scribens:
1418 1363 1445 1406 3,
1475 1355 1666 1397 Statutum
1682 1356 1793 1397 nobis
1811 1357 1889 1408 est,

161 1446 186 1469 ,,
218 1419 291 1459 Vir
311 1416 549 1466 venerande,
577 1427 619 1456 ut
638 1429 684 1455 ex
703 1413 908 1467 conspeffii
929 1413 1056 1466 operis
1075 1411 1188 1466 hujus
1214 1411 1362 1466 plenius
1379 1410 1610 1467 cognosces,
1630 1425 1774 1452 novam
1789 1411 1890 1452 hanc

161 1506 188 1526 ‚,
219 1473 385 1513 nostram
405 1471 536 1512 LXX,
563 1471 708 1523 Interp.
725 1468 947 1509 Editionem
973 1469 1108 1508 Variis
1128 1466 1223 1508 MS.
1253 1464 1436 1506 Codicum
1456 1465 1686 1506 lenionibus
1705 1466 1775 1506 vel
1783 1477 1893 1521 pror·

164 1561 189 1581 ,‚
239 1542 283 1568 ns
303 1542 376 1567 non
389 1554 399 1574 ‚
431 1526 501 1566 vel
518 1528 645 1566 minus
666 1527 815 1578 integre
833 1523 1022 1562 hac-fenus
1041 1520 1158 1562 editis
1179 1520 1659 1575 illustrare&locuplctare.
1689 1521 1734 1562 In
1745 1522 1892 1563 illarum

164 1615 189 1636 „
219 1597 419 1625 numerum
450 1580 625 1635 adscripsi
655 1579 820 1620 diversas
849 1577 1032 1618 lestiones
1062 1577 1103 1618 in
1123 1576 1426 1618 Pentateuchum
1445 1576 1608 1617 Codicis
1629 1576 1716 1618 MS.
1747 1575 1893 1617 Biblio-

163 1671 189 1691 ‚‚
219 1640 352 1679 thecae
390 1637 559 1691 vestrae,
590 1649 705 1689 quem
736 1633 787 1674 X.
813 1632 935 1684 seculi
964 1642 1125 1673 aetatem
1154 1632 1339 1687 attingere
1368 1630 1513 1672 censuit
1538 1632 1597 1672 vir
1629 1632 1894 1673 literatissimus

163 1725 190 1746 „
221 1694 337 1734 Rern.
365 1692 410 1732 de
435 1690 707 1744 IVIontfaucon.
764 1690 856 1742 Qia
885 1701 978 1728 vero
995 1688 1142 1727 ratione
1163 1690 1204 1726 &
1224 1687 1359 1740 quibus
1378 1687 1519 1727 artibus
1538 1686 1788 1741 pretiofissimi
1813 1687 1895 1727 Co-

162 1777 191 1797 „
222 1749 318 1789 dicis
349 1748 461 1799 liujus
491 1746 598 1786 usum
626 1745 828 1798 impetrare
857 1742 952 1781 mihi
981 1741 1141 1796 posfim,
1169 1740 1236 1782 Tu
1254 1754 1338 1790 me,
1368 1741 1438 1782 Vir
1459 1740 1580 1790 Ven.‚
1610 1741 1778 1792 docebis,
1806 1746 1844 1782 ὃς
1865 1743 1894 1783 si

165 1836 190 1857 ‚,
222 1805 347 1844 minus
365 1804 402 1842 in
425 1802 500 1842 hoc
520 1813 675 1855 genere,
707 1797 814 1853 quod
834 1811 988 1847 vereor,
1017 1795 1133 1851 poffis
1152 1794 1339 1837 desiderio
1360 1810 1449 1836 meo
1468 1794 1678 1837 satisfacere
1691 1831 1699 1845 ,
1721 1798 1893 1852 precibus

166 1892 190 1912 ,‚
222 1872 349 1900 tamen
378 1858 443 1898 abs
473 1869 510 1897 te
542 1857 744 1908 impetrare
769 1867 831 1894 me
866 1851 972 1906 posse
993 1850 1176 1901 confido,
1207 1862 1249 1892 ut
1269 1851 1366 1891 mihi
1386 1850 1616 1892 diversarum
1633 1852 1711 1892 LL..
1742 1854 1895 1905 copiam

166 1946 191 1966 „
220 1926 418 1968 compares
448 1915 487 1951 ὃς
518 1910 737 1964 indulgeas,
768 1921 862 1961 quas
889 1907 949 1947 vel
979 1906 1060 1960 ipse
1079 1906 1138 1948 vel
1159 1905 1252 1946 alius
1274 1905 1431 1959 quidam
1451 1906 1684 1947 Graecarum
1704 1908 1894 1948 literarum

167 2002 194 2021 „
225 1970 365 2023 peritus
382 1968 460 2021 jam
483 1966 575 2006 olim
603 1962 847 2016 excerpserat.
888 1961 1065 2014 Suspicor
1092 1961 1197 2001 enim
1224 1960 1319 2000 olim
1338 1976 1359 2000 a
1379 1960 1551 2014 quodam
1570 1962 1786 2002 vestratium
1806 1977 1893 2004 cum

167 2056 193 2076 ‚,
223 2022 471 2065 eruditissimo
502 2020 551 2061 de
586 2019 844 2072 Montfaztcon
872 2015 979 2056 fuisse
997 2017 1340 2056 communicatas”.
1368 2015 1489 2056 Paulo
1512 2030 1602 2057 vero
1623 2017 1722 2070 po‘l,
1754 2017 1790 2057 d.
1828 2032 1892 2070 23.

168 2080 312 2134 Aprilis
337 2077 508 2132 ejusdem
538 2075 628 2114 anni
658 2087 799 2113 novam
818 2072 945 2126 operis
963 2070 1259 2125 descriptionem
1281 2070 1508 2125 publicavit,
1539 2085 1611 2125 qua
1644 2072 1893 2125 praescriptos

168 2135 285 2183 fines,
304 2136 399 2174 intra
421 2145 518 2186 quos
540 2130 638 2170 foret
658 2127 1017 2183 integrum,quibus
1034 2125 1299 2176 luberet,dare
1323 2126 1502 2176 nomina,
1532 2127 1802 2179 ampliuskad
1817 2128 1894 2169 Ca-

169 2191 300 2232 lendas
321 2202 439 2242 usque
461 2186 631 2227 Sextileis
652 2183 898 2238 prorogavit,
917 2181 1078 2233 scilicet,
1100 2194 1142 2223 ut
1162 2181 1234 2231 ait,
1263 2193 1311 2220 ne
1329 2190 1455 2221 extera
1468 2183 1615 2237 ,imquis
1628 2182 1792 2222 locorum
1811 2184 1896 2237 spa-

169 2248 241 2285 tiis
261 2243 405 2293 exclusi
419 2242 562 2282 laboris
583 2238 851 2292 nostri-frusta
860 2234 1134 2291 fraudaristbi
1152 2236 1408 2277 viderentur.-
1442 2250 1514 2290 pro
1535 2237 1780 2278 OStateucho
1799 2252 1892 2279 vero

171 2299 384 2352 Basilienfi,
413 2298 520 2352 cujus
547 2296 683 2338 Varias
710 2293 893 2335 leffiones
924 2291 1146 2346 promiserat
1164 2323 1175 2343 ‚
1211 2291 1305 2332 haec
1335 2291 1540 2333 substituit:
1569 2320 1594 2342 ‚‚
1624 2292 1700 2332 His
1715 2293 1893 2333 uberrimi

169 2387 193 2407 ‚‚
224 2353 476 2410 supplementi
503 2353 591 2393 loco
620 2353 802 2390 accedent
830 2347 999 2389 diversae
1029 2346 1231 2402 scripturae
1259 2345 1465 2388 Variorum
1496 2346 1630 2388 Codd.
1660 2347 1795 2397 MSS„
1826 2348 1893 2402 qui

168 2443 193 2463 „
223 2412 428 2451 maximam
456 2421 601 2462 partem
633 2421 720 2446 cum
752 2404 865 2445 editis
883 2403 1065 2443 hastenus
1084 2402 1213 2443 collati
1233 2416 1312 2442 non
1335 2402 1438 2443 sunt:
1467 2402 1564 2444 Sunt
1585 2414 1711 2443 autem
1731 2403 1800 2443 ΙΙΙ.
1830 2404 1894 2443 Bi-

169 2498 195 2518 „
223 2465 437 2506 bliotliecae
472 2462 700 2503 Academiae
734 2457 952 2500 Bafileenfis
979 2457 1116 2498 Codd.
1145 2457 1442 2506 membranacei,
1472 2472 1636 2512 quorum
1657 2472 1752 2499 unus
1771 2458 1894 2497 Gene-

170 2553 197 2573 „
213 2521 279 2571 fin
308 2533 422 2574 atque
454 2517 636 2559 Exodum
668 2513 954 2569 compleffitur,
984 2512 1168 2553 secundus
1194 2525 1231 2562 4.
1259 2511 1377 2553 libros
1398 2513 1550 2567 Regum
1572 2517 1611 2553 &
1625 2527 1659 2554 2.
1690 2512 1892 2567 Paralip„

170 2603 197 2628 ,‚
227 2576 357 2617 tertius
385 2574 552 2627 denique
581 2571 728 2624 Jobnm
747 2601 758 2620 ‚
796 2568 1014 2609 Salomonis
1052 2566 1276 2610 Proverbia
1299 2597 1312 2617 ,
1353 2567 1620 2620 Ecclest'qslen,
1657 2567 1891 2620 Canticum,

171 2659 197 2683 ,‚
227 2631 468 2683 Sapicntiam
489 2632 527 2666 &
546 2626 759 2669 Siracidem
770 2644 784 2670 ς
814 2623 863 2666 de
883 2624 1018 2678 quibus
1036 2623 1121 2665 Vir.
1151 2622 1403 2665 venerandus
1425 2626 1465 2662 &
1482 2623 1554 2663 suis
1575 2624 1616 2662 in
1649 2637 1729 2664 rem
1750 2623 1891 2664 littera-

172 2717 199 2737 „
229 2687 322 2726 riam
354 2684 495 2724 meritis
527 2682 787 2722 celeberrimus
808 2680 927 2734 JAC.
958 2677 1307 2720 CHRISTOPH.
1335 2678 1543 2718 ISELIUS
1572 2677 1608 2718 S.
1636 2677 1731 2718 TH.
1762 2679 1812 2719 D.
1850 2681 1890 2718 &

171 2773 198 2792 ,‚
228 2741 314 2781 PR.
344 2740 395 2779 ita
415 2750 567 2778 monet:
597 2737 740 2790 Neque
760 2735 814 2775 est
835 2735 922 2775 sane
942 2732 1050 2788 quod
1067 2734 1279 2782 existimes,
1299 2732 1345 2773 ab
1365 2732 1443 2773 ullo
1462 2732 1622 2772 antehac
1632 2732 1801 2772 effecum
1812 2733 1894 2773 edi-

172 2827 198 2847 „
226 2797 275 2838 tis
295 2794 475 2835 collatos:
506 2806 594 2832 nam
614 2805 712 2845 quae
732 2804 874 2844 paucae
893 2789 1077 2830 leffiones
1095 2789 1220 2829 variae
1240 2802 1263 2828 a
1280 2786 1366 2828 Cel.
1379 2786 1652 2828 Monfalconio
1672 2787 1895 2840 allegantur,

170 2882 197 2903 ‚,
226 2862 321 2905 puto
340 2849 419 2889 illas
439 2862 514 2901 ego
535 2844 896 2894 Mabillonium,vel
915 2844 940 2884 fi
963 2843 1048 2898 quis
1066 2842 1138 2884 fuit
1158 2842 1396 2893 alius‚certis
1416 2842 1510 2882 locis
1531 2841 1665 2882 curfim
1689 2842 1888 2896 inspec‘tis,

171 2937 198 2958 ‚,
228 2907 284 2946 uti
308 2904 384 2944 fere
405 2903 448 2943 fit
471 2904 509 2941 in
533 2901 838 2954 peregrinatione
859 2900 904 2939 ab
927 2898 1145 2940 hominibus
1160 2897 1340 2949 eruditis,
1361 2895 1455 2938 olim
1473 2895 1713 2937 adnotaffiz’z

218 2961 322 3001 Cum
336 2960 429 2998 haec
439 2956 618 3010 legissem,
631 2959 785 2995 miratus
798 2954 877 2994 sum
888 2954 1056 2995 hominis
1068 2955 1334 3004 temeritatem,
1344 2952 1520 3006 negantis
1531 2951 1701 2993 Codices
1713 2952 1892 2993 Bafilien-

171 3015 226 3056 ses
245 3014 292 3053 ab·
314 3013 390 3053 ullo
410 3011 578 3052 antehac
588 3010 712 3064 fu{(fe
732 3008 915 3059 collatos,
938 3009 1047 3063 quod
1065 3009 1167 3050 nulla
1187 3009 1334 3048 ratione
1350 3007 1418 3060 ipfi
1439 3006 1612 3047 constare
1632 3019 1805 3061 poterat:
1823 3021 1890 3048 eo-

170 3084 246 3125 que
268 3069 387 3124 magis
406 3067 588 3115 mirabar,
618 3065 725 3118 quod
748 3065 876 3103 scirem
890 3097 900 3113 ,
930 3078 1008 3103 non
1032 3063 1152 3104 solum
1182 3063 1267 3103 illos
1285 3077 1307 3103 a
1329 3075 1391 3103 me
1409 3061 1492 3116 ipso
1511 3075 1599 3102 cum
1617 3062 1730 3103 editis
1741 3077 1891 3103 accura-

170 3138 210 3168 te
226 3124 405 3176 collatos,
436 3135 567 3165 verum
587 3122 701 3161 etiam
718 3120 883 3174 primum
908 3118 1100 3160 Codicem
1117 3120 1184 3161 ΑΟ.
1217 3130 1292 3171 157
1300 3120 1336 3159 6.
1365 3116 1553 3159 mensibus
1573 3117 1790 3160 Ostobri&
1803 3112 1904 3158 No·‘

1797 3185 1902 3214 vem·
