1976 3519
425 240 1413 285 PROLEGOMENA.
1724 241 1798 292 163

75 332 151 373 hoc
182 329 382 385 praecipue
418 329 593 383 Apostoli
619 328 728 376 loco,
757 340 841 366 eam
873 325 1189 380 significationem
1217 326 1391 367 obtinere
1412 341 1523 381 nego,
1578 326 1798 380 Jonatlian,

76 387 195 427 Saulis
229 386 346 434 filius,
378 399 412 425 v.
442 399 495 439 gr.
526 397 604 423 non
646 381 812 423 dixisset:
845 381 1005 420 Gustavi
1025 394 1156 433 parum
1181 381 1322 426 melliS;
1353 396 1441 421 nam
1463 383 1490 422 si
1509 383 1656 436 gustare
1677 396 1744 436 per
1763 381 1800 420 se

76 441 261 493 fignificat
284 453 414 492 parum
438 439 604 492 gustare,
635 437 727 476 illud
748 442 833 479 {2370
854 435 1082 475 redundaret
1108 435 1252 474 1.Sam.
1284 436 1398 476 XIV.
1434 450 1495 482 29.
1522 451 1587 489 43.
1636 438 1800 477 Gustare

76 485 238 536 niortem
273 495 456 535 Hebraeis
486 492 701 545 simpliciter
734 490 920 544 significat
940 490 1014 529 esse
1037 503 1252 540 mortuum,
1283 491 1387 530 nullo
1407 491 1538 531 habito
1560 492 1727 545 respectu
1749 489 1799 531 ad

76 552 298 591 brevitatem
319 549 376 589 vel
397 546 674 600 longitudinem
695 547 898 598 temporis,
929 559 1007 598 quo
1031 546 1115 598 quis
1138 547 1176 584 in
1198 557 1321 586 morte
1343 558 1492 591 manet3
1524 547 1619 586 Abel
1633 547 1719 600 ‚qui
1733 561 1800 586 an-

76 619 114 646 te
147 604 420 659 quinquaginta
451 602 568 642 secula
599 614 768 640 mortuus
785 601 859 648 est,
893 614 961 639 nec
982 600 1101 650 magis
1124 613 1296 641 mortuus
1314 601 1473 649 est‚nec
1497 603 1617 655 magis
1635 613 1799 642 mortem

75 661 222 714 gustare
241 660 316 700 dici
339 657 480 711 potest,
511 670 627 710 quam
648 657 713 709 qui
736 669 823 695 ante
846 656 980 694 horam
1001 655 1148 694 efflavit
1167 656 1354 695 animam:
1385 655 1591 695 &vicissim
1603 657 1800 709 quiunum

75 726 312 755 momentum
341 723 510 752 mortuus
538 711 613 759 est,
644 710 859 750 dummodo
889 723 976 749 vere
995 709 1039 749 sit
1064 723 1252 755 mortuus,
1284 724 1362 750 non
1385 711 1509 750 minus
1530 723 1700 750 mortuus
1721 711 1798 760 est,

76 784 201 823 neque
222 769 343 808 minus
361 778 525 807 mortem
545 766 728 820 gustavit,
759 779 875 818 quam
896 764 921 804 fi
945 765 1069 804 statim
1091 766 1175 817 post
1197 765 1339 805 Adami
1359 765 1500 818 lapsum
1519 777 1690 805 mortuus
1712 764 1801 805 fuis—

74 824 138 864 set.
169 825 249 863 Res
267 822 345 876 ipsa
366 825 405 861 &
429 821 512 861 usus
530 820 714 874 loquendi
734 834 812 860 non
836 820 1050 874 patiuntur,
1079 832 1120 859 ut
1138 820 1187 859 de
1207 821 1355 861 duobus
1375 834 1495 874 aeque
1517 822 1677 860 mortuis
1698 820 1798 861 dica·

75 891 156 924 tur,
185 878 340 923 alterum
360 890 516 929 parum,
546 876 703 916 alterum
723 876 882 915 multum
907 874 980 914 ess‘e
1000 886 1203 914 mortuum.

136 936 194 973 16.
223 931 426 985 Bengelius
446 944 589 972 nomen
610 930 734 983 Jefic,
764 930 790 970 si
813 930 912 969 reete
931 929 1115 969 calculum
1136 929 1262 981 posui,
1293 931 1493 970 minimum
1515 930 1629 971 vicies
1650 935 1689 971 &
1708 946 1801 986 qua·

74 1000 130 1029 ter
150 999 280 1027 contra
298 985 495 1040 plerosque
515 985 666 1026 codices
688 985 867 1038 scriptos,
898 988 936 1023 &
959 996 1091 1024 contra
1109 985 1302 1038 plerasque
1323 985 1522 1025 Editiones
1535 1000 1724 1040 receptas,
1740 987 1799 1028 vel

74 1057 118 1084 ex
150 1053 329 1082 contextu
351 1041 455 1081 sacro
476 1041 609 1094 ejecit,
642 1040 699 1080 vel
723 1041 762 1079 in
784 1040 954 1092 margine
975 1039 1188 1079 tollendum
1211 1041 1284 1079 effe
1305 1042 1578 1093 pronuntiavit.
1633 1041 1744 1094 Quid
1763 1057 1799 1082 e-

73 1110 153 1143 rat,
183 1097 344 1151 quaeso,
372 1096 521 1146 causae,
551 1110 616 1136 cur
636 1109 777 1135 nomen
803 1095 892 1148 Jesu
918 1094 1040 1134 virum
1072 1095 1230 1134 donum
1262 1107 1376 1149 atque
1397 1096 1502 1149 pium
1524 1108 1724 1150 tantopere
1740 1097 1800 1137 of-

73 1152 269 1194 fenderet?
299 1151 338 1192 Si
357 1151 441 1205 quis
459 1151 510 1190 illi
532 1150 594 1190 sua
616 1150 727 1191 verba
751 1150 813 1189 hic
847 1162 1052 1203 reg-gereret:
1083 1148 1174 1187 Hoc
1196 1164 1268 1189 non
1280 1153 1416 1203 potuit
1428 1150 1581 1204 placere
1600 1154 1674 1201 ijs,
1705 1166 1801 1205 quos

74 1210 193 1247 etiam
212 1206 387 1257 firmiora
411 1217 481 1260 pro
504 1204 680 1246 &Deitate
696 1204 798 1257 Jefit
823 1203 970 1256 Christi
986 1213 1213 1257 argumenta
1236 1214 1356 1244 urunt
1367 1225 1380 1250 ,-
1413 1219 1544 1245 nonne
1564 1207 1700 1259 majori
1719 1207 1802 1261 spe-

74 1263 132 1302 cie
162 1261 203 1301 id
222 1261 384 1302 faceret?
413 1260 520 1302 Absit
553 1272 680 1300 autem
700 1275 720 1300 a
742 1273 826 1307 me,
857 1271 897 1300 ut
917 1260 1133 1299 convicium
1156 1261 1334 1299 convicio
1358 1259 1574 1312 rependam.
1632 1262 1740 1309 Alia,
1772 1260 1799 1303 fi

76 1317 169 1371 quid
193 1316 328 1366 video,
357 1316 438 1369 ejus
461 1316 597 1356 erroris
621 1314 690 1355 fuit
710 1314 859 1354 occasio
900 1314 1010 1355 Vivit
1034 1314 1237 1368 Bcngelius
1256 1327 1353 1354 inter
1369 1316 1719 1369 eos,qui,quoties
1731 1331 1802 1357 no-

74 1385 160 1412 men
172 1371 260 1425 Jesu
280 1371 338 1412 vel
359 1370 556 1424 proferunt
577 1371 633 1410 vel
646 1368 806 1424 proferri
819 1369 977 1409 audiunt
991 1400 1001 1418 ,
1021 1381 1133 1422 caput
1147 1370 1290 1423 aperire
1303 1370 1444 1417 solent·‚
1459 1370 1601 1410 hincfit
1614 1385 1677 1420 ,ut
1691 1374 1802 1412 (Ion-

74 1427 285 1467 cionatores
301 1440 386 1466 eam
406 1440 540 1467 vocem
561 1439 645 1465 raro
665 1426 937 1479 pronuntient,
967 1439 1015 1463 ne
1036 1437 1098 1464 aut
1127 1423 1315 1478 frequenti
1327 1426 1553 1477 repetitione
1566 1426 1708 1479 aliquid
1719 1442 1798 1468 em-

74 1481 178 1536 phafi
211 1481 451 1531 detrahatur,
482 1492 546 1521 aut
572 1492 685 1534 caput
708 1480 859 1520 alternis
882 1480 1090 1532 aperiendo
1112 1484 1149 1519 δε
1180 1480 1394 1533 operiendo
1416 1480 1474 1520 vel
1504 1481 1673 1521 molestia
1696 1484 1801 1523 asto-

75 1538 174 1577 ribus
197 1550 362 1586 creetur,
392 1537 450 1577 vel
469 1536 630 1576 attentio
652 1536 851 1575 minuatur.
911 1535 1015 1574 Huic
1034 1535 1129 1573 mori
1152 1549 1172 1573 a
1194 1535 1330 1574 teneris
1348 1534 1521 1575 adsuetus
1541 1551 1626 1576 cum
1640 1538 1798 1589 videret,

77 1591 398 1646 gesticulationem
429 1590 712 1631 ecclesiasticam
747 1593 781 1628 8<
804 1601 1026 1630 contextum
1049 1589 1191 1629 {herum
1215 1605 1293 1629 non
1316 1591 1545 1640 convenire,
1578 1593 1801 1645 imprudens

75 1659 296 1687 contextum
316 1661 361 1686 ex
383 1647 545 1702 gestibus
566 1646 749 1690 correxit,
780 1659 867 1684 cum
885 1644 991 1697 juxta
1012 1645 1156 1697 regulas
1179 1644 1334 1685 sanioris
1352 1646 1504 1686 criticae
1532 1648 1656 1700 gestus
1672 1650 1801 1703 potius

78 1701 127 1741 ad
151 1716 263 1741 voces
282 1713 480 1741 contextus
501 1700 591 1740 sacri
613 1700 905 1740 accommodare
926 1699 1119 1739 debuisset.
1491 1706 1493 1710 “

136 1769 197 1806 17.
225 1755 437 1796 POSSEM
469 1756 531 1794 hic
551 1755 773 1807 Bengelium
795 1754 985 1793 dimittere
999 1784 1010 1803 ,
1040 1754 1108 1793 nifi
1122 1785 1132 1801 ,
1166 1753 1416 1807 Defenstonis
1437 1755 1579 1808 specie,
1611 1759 1807 1811 aggressffi.

77 1811 128 1852 ris
154 1812 268 1850 etiam
298 1822 420 1863 partes
450 1810 487 1849 in
519 1809 554 1850 se
576 1809 805 1862 suscepisset,
836 1812 874 1847 ὃς
895 1809 933 1847 in
955 1822 1016 1848 me
1031 1839 1042 1858 ‚
1070 1810 1129 1848 cui
1152 1810 1409 1850 recensionem
1432 1811 1544 1850 Novi
1561 1812 1800 1858 Testamenti

81 1866 128 1905 ab
149 1865 231 1919 ipso
243 1865 356 1914 editi,
388 1864 525 1905 faetam
552 1864 589 1903 in
610 1865 768 1914 Diario,
799 1864 906 1917 quod
928 1863 990 1902 hic
1009 1863 1321 1912 editur,Gallico
1332 1866 1462 1905 tribuit
1478 1866 1682 1918 ,impetum
1695 1867 1807 1910 fecis-.

77 1920 153 1966 sct3
169 1935 215 1960 ne
235 1921 318 1974 quis
338 1933 430 1973 ergo
451 1930 558 1973 putet
570 1942 636 1968 ,---
650 1918 743 1958 haec
763 1919 970 1971 opprobria
991 1918 1101 1958 nobis
1131 1923 1170 1957 &
1191 1919 1268 1958 dici
1289 1920 1471 1972 potuisse,
1502 1923 1541 1959 ὃς
1561 1935 1640 1961 non
1660 1924 1804 1975 potuis-

76 1975 114 2016 se
134 1974 271 2025 refelli,
300 1989 370 2030 age
390 1973 668 2014 consideremus
688 1973 769 2026 ejus
789 1973 1037 2025 objectiones.
1068 1973 1171 2026 Des.
1202 1988 1237 2026 p.
1272 1987 1304 2025 3.
1337 2001 1362 2023 ,‚
1394 1987 1540 2024 meam,
1563 1977 1807 2030 inquit,edi-,

75 2057 101 2080 ‚,
132 2031 276 2071 tionem
305 2031 356 2070 ita
386 2028 642 2083 decoloravit,
673 2040 715 2068 ut
745 2028 853 2068 multi
885 2028 1085 2076 Lectores,
1116 2029 1182 2082 qui
1215 2032 1252 2067 ὃ(
1271 2029 1464 2069 censorem
1487 2033 1526 2069 &
1547 2044 1609 2071 me
1628 2032 1800 2084 noffent,

75 2115 101 2135 „
131 2084 314 2125 vindicias
332 2084 427 2124 mihi
449 2083 666 2124 scribendas
686 2083 760 2123 esse
780 2083 1090 2123 arbitrarentur’'.
1145 2083 1207 2124 Cl.
1237 2084 1461 2138 Bengclius,
1492 2099 1608 2138 quem
1629 2101 1709 2127 non
1731 2089 1806 2135 nist,

23 2178 25 2185 ,
75 2154 122 2180 ex
143 2139 286 2193 scriptis
306 2138 386 2193 ejus
408 2139 524 2189 novi,
554 2140 611 2178 vir
632 2137 783 2178 videtur
804 2137 878 2178 esse
900 2138 1056 2177 minime
1079 2138 1220 2188 malus,
1250 2138 1276 2178 fi
1297 2139 1363 2179 suo
1383 2151 1508 2180 utatur
1526 2142 1705 2196 ingenio,
1736 2143 1800 2184 sed

76 2207 206 2248 parum
225 2208 353 2236 cautus
372 2194 546 2235 adversus
570 2194 771 2233 hominum
794 2192 1067 2233 malevolorum
1088 2193 1361 2247 suggestiones,
1393 2195 1643 2248 quibusmens
1653 2198 1732 2250 ejus
1744 2200 1801 2239 ni-

76 2251 147 2290 mis
176 2249 284 2290 facile
311 2264 356 2290 ex
387 2250 447 2290 sua
477 2249 563 2289 sede
585 2263 628 2288 ac
651 2249 745 2288 statu
769 2248 987 2288 dimovetur
1010 2260 1123 2302 atque
1142 2249 1316 2289 irritatur.
1360 2249 1408 2289 Et
1430 2264 1618 2303 quaenam
1641 2253 1798 2294 tandem

76 2305 128 2346 est
148 2305 210 2344 illa
231 2306 490 2346 decoloratio?
520 2305 580 2344 En
600 2303 714 2343 verba
736 2303 982 2343 recensionis:
1011 2334 1037 2352 ,‚
1067 2304 1111 2343 In
1134 2303 1283 2343 laudem
1307 2304 1369 2344 Cl.
1395 2305 1566 2359 Bengelii
1589 2306 1799 2349 dicendum

75 2390 101 2410 „
129 2360 202 2409 est,
232 2375 317 2400 eum
337 2374 512 2408 omnem,
543 2373 657 2412 quam
679 2359 803 2412 potuit
822 2389 831 2407 ‚
845 2358 1083 2412 diligentiam
1105 2357 1333 2408 adhibuisse,
1347 2361 1395 2398 ita
1418 2373 1459 2399 ut
1473 2360 1566 2401 haec
1577 2361 1697 2402 editio
1709 2379 1800 2404 cun-

74 2445 100 2465 „
129 2416 219 2464 stis,
250 2429 345 2467 quae
373 2414 668 2468 praecesserunt,
698 2414 835 2453 merito
855 2412 898 2452 fit
919 2413 1208 2466 praeferenda&
1264 2414 1375 2466 Qud
1396 2415 1536 2467 quaeso
1560 2417 1680 2469 majus
1692 2432 1800 2471 pote-

76 2482 132 2509 rat
150 2469 225 2509 dici
247 2471 292 2509 ab
310 2484 377 2518 eo,
409 2471 474 2523 qui
495 2469 646 2508 summis
665 2468 837 2508 laudibus
854 2482 939 2507 eum
965 2469 1152 2508 celebrare
1173 2469 1370 2509 voluisset?
1409 2470 1560 2521 Fallor,
1591 2484 1655 2511 aut
1674 2473 1799 2526 plures

76 2537 206 2574 erunt,
235 2525 300 2578 qui
321 2524 604 2573 existimabunt,
635 2524 763 2563 laudes
785 2524 851 2562 has
874 2521 979 2562 fuisse
1001 2524 1135 2563 nimias
1155 2524 1284 2576 potius
1304 2538 1417 2578 quam
1442 2525 1768 2568 decolorationem.

136 2581 195 2619 18.
224 2594 260 2634 p.
292 2594 325 2631 7.
355 2607 376 2629 .,
405 2580 484 2619 Hic
503 2580 577 2627 est,
608 2578 713 2631 cujus
744 2578 934 2618 diutinum
967 2578 1104 2618 Zelum
1126 2578 1301 2619 adversus
1320 2593 1477 2633 operam
1496 2595 1517 2620 a
1538 2583 1658 2621 mein
1679 2583 1797 2624 N.T.

76 2664 101 2684 „
133 2635 284 2674 Graeco
311 2634 472 2688 politam
504 2635 612 2673 multi
634 2645 784 2672 norunt.
816 2658 878 2664 --
915 2633 1049 2672 Meum
1072 2633 1322 2686 prodromum
1340 2634 1475 2674 censor
1492 2636 1532 2675 in
1555 2637 1797 2691 prolegome-

75 2719 102 2739 ,‚
131 2691 186 2729 nis
209 2689 336 2743 paffim
358 2689 528 2743 pupugit.
556 2711 620 2719 -—--
649 2688 872 2728 Editionem
896 2688 1059 2727 Gerar-di
1079 2703 1100 2727 a
1122 2688 1323 2728 Mastriclit
1341 2689 1394 2728 ita
1411 2692 1638 2741 recentavit,
1671 2705 1712 2733 ut
1735 2708 1796 2735 me

74 2773 101 2793 „
129 2758 207 2784 non
236 2745 417 2784 intaftum
437 2744 684 2784 dimitteret'’.
740 2743 797 2782 lta
817 2742 938 2782 solent
961 2757 1093 2796 agere,
1122 2744 1188 2796 qui
1224 2742 1322 2783 fiffis
1352 2744 1467 2784 caufis
1485 2746 1709 2787 innocentes
1726 2763 1795 2802 op-

76 2799 252 2850 primunt.
309 2800 395 2854 Ego
417 2800 468 2839 illi
489 2799 741 2838 turbulentam
764 2796 835 2837 feci
860 2812 994 2850 aquam
1009 2829 1020 2847 ,
1050 2799 1116 2850 qui
1138 2812 1208 2838 nec
1230 2798 1270 2837 in
1290 2799 1577 2852 Prolegomenis
1597 2803 1794 2852 ineis‚nec

77 2853 115 2890 in
146 2855 243 2894 notis
272 2854 321 2893 ad
353 2854 494 2908 proleg.
526 2852 778 2902 Mastrichtii,
808 2854 937 2892 necin
961 2853 1217 2905 praefatione,
1249 2853 1308 2893 vel
1330 2855 1445 2893 verbo
1460 2855 1540 2907 ejus
1558 2857 1795 2899 mentionem

79 2905 172 2950 feci,
200 2908 257 2948 vel
285 2908 334 2948 de
361 2923 428 2958 eo,
459 2920 642 2962 quantum
671 2907 826 2961 quidem
850 2908 1057 2957 recordor,
1087 2909 1249 2948 omnino
1271 2910 1448 2962 cogitavi.
1478 2911 1680 2963 Bengelius
1700 2914 1796 2953 mihi

79 2971 169 2999 tunc
189 2975 256 3001 nec
276 2964 436 3003 amicitia
458 2978 526 3003 nec
549 2963 682 3015 injuria
704 2963 879 3016 cognitus
898 2974 994 3002 erat:
1025 2977 1187 3017 cumque
1207 2964 1325 3016 probe
1345 2964 1488 3004 nossem
1502 2996 1513 3014 ,
1543 2980 1657 3019 quam
1673 2967 1796 3007 incer-

79 3027 138 3053 tae
160 3018 196 3053 &
220 3016 363 3057 fallaces
383 3018 499 3058 essent
516 3018 755 3069 conjesturae
777 3031 822 3056 ex
842 3017 1060 3070 prodromis
1080 3021 1118 3057 &
1141 3019 1421 3072 prolegomenis
1443 3019 1580 3060 du&ae
1593 3051 1602 3068 ,
1632 3035 1710 3060 non
1723 3036 1795 3075 po-

79 3080 197 3109 teram
214 3069 263 3110 de
281 3071 360 3123 ejus
379 3086 495 3126 opere
507 3073 695 3125 judicare,
727 3071 795 3111 nisi
814 3072 1014 3125 postquam
1033 3072 1154 3112 editio
1174 3073 1295 3113 lucem
1317 3074 1504 3127 publicam
1526 3075 1685 3115 vidisset.

140 3137 200 3172 ¹9-
229 3138 265 3177 p.
301 3138 359 3174 15.
399 3157 422 3174 „
451 3126 550 3166 Non
580 3127 697 3166 solum
727 3126 879 3166 codices
909 3127 1053 3167 contuli
1079 3127 1307 3177 duodecim,
1335 3143 1433 3181 quos
1463 3129 1631 3170 Censura
1652 3142 1796 3168 memo-

80 3208 105 3228 „
133 3191 210 3225 rat;
241 3178 325 3220 sunt
344 3191 532 3233 praeterea
564 3181 780 3222 Basilienses
809 3194 903 3233 tres,
935 3181 1168 3277 B>cgdlejanus
1188 3196 1282 3225 unus
1303 3182 1406 3236 apud
1426 3183 1679 3231 Waltonum,
1714 3183 1792 3221 Ca-

1026 3250 1047 3276 2
1681 3250 1797 3287 „me-
