1976 3519
439 221 1428 269 PROLEGOMENA.
1728 234 1780 273 '91

61 311 241 357 diocrirer
262 313 432 366 adjutum
453 312 577 360 fuiss'e,
608 310 700 351 dum
720 308 828 364 quod
848 308 910 348 hic
931 321 1064 361 patum
1082 318 1171 360 apte
1189 306 1334 349 dixerat
1356 341 1368 358 ‚
1398 308 1490 350 alter
1509 306 1642 350 clarius
1661 322 1706 351 ac
1727 324 1783 351 re-

61 373 157 412 &ius
176 371 347 418 efferret,
376 368 416 407 id
438 367 544 421 quod
566 366 624 407 vel
646 364 805 405 Fortuito
824 363 905 404 fieri
924 362 1068 403 necesse
1086 362 1151 403 est.

114 425 280 466 Proinde
308 423 333 463 si
357 423 449 462 nihil
470 420 636 461 offendit
654 420 723 460 nisi
745 419 914 467 novitas,
945 421 982 456 8<
1003 417 1064 456 illa
1081 417 1161 468 jam
1183 427 1289 457 vetus
1310 417 1431 457 editio
1451 418 1544 459 olim
1564 434 1667 461 nova
1685 419 1780 471 fuit,

59 485 96 521 ὃ(
111 481 204 520 11366
223 493 344 527 nova,
357 477 380 517 fi
393 477 593 529 patiamur,
615 475 708 515 olim
726 486 833 514 vetus
851 472 973 513 fuerit.
1001 471 1043 511 N
1048 473 1132 512 imis
1142 472 1308 525 imperiti
1326 472 1382 512 est
1403 472 1571 515 hominis
1582 475 1696 516 libros
1708 489 1777 515 an-

59 550 198 576 norum
217 534 407 574 aestimare
425 543 606 575 numero,
635 544 679 569 ac
699 542 779 568 non
801 528 928 581 potius
942 526 1103 580 ipsarum
1125 541 1246 567 rerum
1264 526 1423 580 judicio,
1460 528 1641 582 Optarim
1662 535 1702 570 &
1721 531 1780 584 ip-·-

58 590 96 630 se
118 591 156 630 in
178 589 295 629 Sacris
323 585 438 626 literis
458 584 554 624 nihil
573 583 647 625 effe
672 584 942 637 depravatum,
972 581 1066 620 nihil
1089 580 1272 622 diffidere.
1301 583 1433 635 Atque
1452 582 1493 622 id
1513 595 1554 624 ut
1569 596 1704 637 optare
1723 586 1778 625 est

56 645 96 684 in
118 644 297 698 proclivi,
326 642 378 680 ita
397 654 467 680 1166
485 638 556 679 fuit
576 652 764 692 unquam,
777 651 870 687 nec,
882 636 1023 690 opinor
1035 667 1046 686 ,
1059 635 1224 676 futurum
1243 636 1299 676 est
1316 650 1496 690 unquam.
1528 638 1611 691 Qui
1630 640 1779 692 praedi-

56 696 408 740 cantinviolabilem
423 694 638 735 divinarum
651 694 923 747 Scripturarum
943 692 1203 731 austeritatem
1216 722 1227 741 ,
1240 691 1299 731 his
1320 703 1483 745 utroque
1504 691 1674 733 favemus
1722 695 1778 734 01ὁ

54 755 134 794 1166.
164 752 246 805 Qui
266 751 332 791 has
352 750 468 789 sciens
488 748 688 802 depravat,
723 747 990 788 contumeliam
1012 745 1101 787 facit
1120 745 1275 799 Spiritui
1294 746 1447 786 saneto.
1478 747 1512 787 F
1514 760 1669 790 atemur.
1693 708 1778 790 gle-

54 823 136 848 rum
166 808 258 847 haec
288 805 458 858 majestas
484 804 524 843 in
558 803 646 857 ipfis
671 803 725 844 est
751 802 930 843 fontibus.
971 800 1069 846 Non
1091 802 1230 841 erravit
1248 801 1396 854 Esajas,
1426 815 1552 855 neque
1572 804 1777 857 quisquam

52 874 196 903 mutare
222 861 374 904 nititur,
404 857 511 912 quod
540 859 602 899 1116
631 857 783 911 scripsit.
810 857 909 898 Non
938 855 1060 909 lapsus
1088 857 1142 896 611
1178 856 1421 906 Matthaeus,
1451 871 1568 897 nemo
1597 860 1775 914 corrigit,-

51 917 157 972 quod
186 917 248 956 ille
272 914 439 956 tradidit.
469 914 575 954 Cum
598 912 884 966 interpretibus,
913 925 1000 951 cum
1029 910 1176 959 scribis,
1205 925 1293 951 cum
1322 911 1635 964 depravatoribus
1664 916 1776 955 nobis

51 986 109 1012 res
128 972 192 1012 est.
231 969 353 1023 Qiod
375 968 400 1009 fi
430 980 511 1009 tota
528 967 680 1008 labascit
700 967 903 1008 31161011133
922 966 973 1006 ob
996 965 1142 1019 aliquot
1164 967 1246 1006 loca
1270 978 1471 1020 corrupta,
1499 969 1672 1022 oportuit
1692 970 1777 1023 Spi-

51 1028 164 1068 ritum
186 1026 365 1065 Sana-um
384 1037 464 1063 non
483 1023 608 1064 minus
627 1021 782 1063 assidere
803 1020 1086 1076 Bibliographis
1108 1055 1118 1070 ,
1148 1035 1263 1075 quarn
1284 1022 1489 1075 Prophetis
1512 1026 1552 1062 ὃ(
1573 1024 1778 1078 Evangeli-

48 1082 123 1122 stis.
153 1081 355 1134 Nusquam
388 1092 467 1117 non
497 1077 601 1118 adest
628 1078 788 1132 Spiritus
816 1077 996 1121 Sanstus‚
1026 1075 1090 1115 sed
1121 1076 1172 1116 ita
1205 1077 1283 1116 vim
1312 1077 1430 1117 exerit
1447 1077 1571 1128 suam,
1600 1090 1641 1119 ut
1663 1079 1776 1121 nobis

50 1137 269 1190 portionem
300 1134 437 1175 laboris
468 1133 664 1187 relinquat.
691 1155 756 1163 ----
784 1131 821 1173 Is
850 1146 943 1172 vero
971 1130 1151 1171 subservit
1174 1131 1329 1184 Spiritui
1358 1131 1520 1176 Sansto,
1549 1134 1635 1186 qui,
1665 1135 1774 1187 quod

48 1206 116 1246 per
146 1191 320 1231 homines
348 1189 596 1241 depravatum
628 1187 705 1238 est,
734 1201 807 1241 pro
837 1186 975 1228 viribus
1005 1185 1182 1240 pristinae
1201 1186 1359 1226 restituit
1387 1187 1606 1241 integritati.
1659 1189 1776 1230 Nun-

49 1261 163 1300 quam
194 1245 358 1286 defuturi
387 1244 469 1284 sunt
499 1244 565 1297 qui
595 1242 827 1296 depravent,
859 1240 1021 1295 proinde
1052 1255 1249 1294 nunquam
1277 1240 1496 1281 cessandum
1527 1243 1582 1282 est
1603 1257 1625 1283 a
1648 1244 1774 1285 studio

49 1300 265 1355 castigandi.
295 1299 411 1340 Aliud
439 1298 493 1338 est
523 1299 637 1352 igitur
665 1298 776 1338 Sacra
803 1297 1015 1351 Scriptura,
1044 1296 1147 1336 aliud
1169 1295 1276 1349 quod
1305 1296 1555 1337 incommode
1579 1310 1775 1341 verterunt

50 1353 278 1410 Interpretes
299 1381 310 1399 ,
340 1366 404 1396 aut
423 1351 573 1393 Scribae
592 1364 851 1406 corruperunt·
883 1351 1028 1392 Rursus
1050 1349 1152 1391 aliud
1173 1351 1227 1391 est
1247 1362 1394 1391 mutare
1417 1352 1606 1405 publicam
1622 1354 1775 1396 [6611οε

47 1425 159 1460 116111,
188 1409 289 1451 aliud
317 1409 462 1462 privata
490 1407 680 1462 publicam
697 1408 757 1448 vel
778 1405 983 1448 emendare
1003 1406 1060 1447 vel
1081 1406 1270 1446 illustrare.
1297 1407 1421 1460 Atqui
1452 1407 1546 1447 haec
1565 1408 1659 1449 mire
1679 1423 1773 1450 con-

46 1465 214 1506 fundunt
242 1464 422 1518 quidam,
452 1464 518 1517 qui
548 1462 615 1504 fibi
641 1460 819 1504 videntur
848 1462 1060 1502 admodum
1082 1461 1291 1501 Dialectici.
1325 1484 1391 1492 -——-
1420 1461 1502 1515 Jam
1522 1462 1617 1516 quid
1636 1465 1774 1506 attinet

46 1521 138 1561 istos
159 1520 346 1565 refellere,
375 1518 441 1573 qui
459 1532 539 1559 non
557 1518 682 1559 minus
709 1517 866 1558 11161οξ16
886 1531 1001 1571 0113111
1021 1515 1264 1570 impudenter
1285 1516 1408 1557 solent
1431 1517 1653 1569 vociferari,
1683 1519 1774 1560 faci-

47 1588 118 1616 nus
136 1575 209 1616 ess'e
230 1588 309 1616 non
331 1573 550 1623 ferendum,
581 1584 622 1613 ut
653 1573 855 1627 quisquam
872 1572 1037 1626 corrigat
1055 1572 1286 1626 Evangelia!
1313 1572 1355 1612 O
1384 1586 1520 1613 vocem
1551 1573 1616 1613 vix
1644 1575 1774 1629 auriga

45 1629 225 1685 dignam,
256 1629 399 1670 nedum
416 1628 648 1683 Theologol
672 1628 746 1670 Fas
763 1628 818 1669 est
835 1627 1016 1668 nebuloni
1036 1627 1155 1667 cuivis
1183 1627 1381 1680 Evangelii
1402 1626 1572 1668 Codices
1591 1628 1776 1683 deprava-

45 1700 108 1731 re,
137 1690 175 1725 &
205 1684 309 1725 nefas
338 1685 409 1725 erit
435 1683 543 1738 quod
570 1683 819 1736 depravatum
838 1682 891 1725 est
911 1682 1127 1724 restituere?
1157 1681 1374 1734 praesertim
1407 1682 1579 1732 homini,
1610 1698 1659 1724 ne
1678 1684 1774 1738 quid

46 1740 174 1781 dicam
198 1739 437 1788 insolentius,
466 1739 504 1777 in
527 1737 602 1777 hoc
619 1751 757 1790 genere
777 1737 966 1777 literarum
986 1750 1058 1777 1166
1076 1735 1292 1789 indiligenti
1324 1750 1395 1776 nec
1419 1736 1686 1782 inexercitato,
1715 1739 1775 1779 id-

48 1809 124 1849 que
155 1806 214 1835 tot
244 1793 401 1835 Graecis
429 1807 471 1833 ac
501 1792 646 1833 Latinis
672 1791 962 1843 voluminibus,
979 1801 1039 1834 tot
1055 1789 1259 1833 clariffimis
1280 1790 1552 1834 3116101113113111
1573 1792 1773 1835 confilium

49 1850 199 1891 adscitis
218 1853 234 1891 ?

104 1905 214 1946 Idem
232 1915 494 1959 argumentum
515 1904 629 1955 paulo
649 1914 737 1944 ante
755 1902 926 1957 Epistola
943 1901 992 1943 ad
1014 1901 1238 1942 Martinam
1260 1901 1460 1957 ‘Dorpium
1480 1903 1615 1958 scripta
1632 1904 1684 1946 ita
1705 1910 1777 1946 tra⁸²<

47 1961 186 2011 stavit,
213 1971 255 2000 ut
285 1959 405 2013 ipsum
435 1959 475 1998 in
501 1957 726 1999 sententiam
756 1958 859 1998 suam
886 1958 1147 2011 pertraheret:
1173 1958 1263 2010 Jam
1293 1971 1386 1998 vero
1410 1958 1519 2012 quod
1548 1960 1662 2000 tertio
1687 1960 1777 2001 loco

46 2015 173 2056 scribis
200 2014 249 2056 de
278 2014 403 2055 Novo
431 2013 705 2063 Testamento,
735 2012 822 2053 sane
849 2012 1038 2063 demiror,
1068 2011 1163 2066 quid
1183 2013 1252 2053 tibi
1283 2012 1485 2059 acciderit,
1515 2026 1579 2054 aut
1606 2024 1778 2069 quonam

49 2071 201 2111 interim
231 2068 564 2124 perspicacissimos
595 2068 739 2123 ingenii
768 2068 823 2108 tui
843 2068 974 2108 oculos
994 2067 1181 2108 averteris.
1212 2066 1331 2108 Nolis
1348 2068 1553 2122 quicquam
1573 2083 1594 2109 a
1615 2084 1676 2111 me
1696 2083 1781 2112 mu·

49 2126 140 2176 tari,
168 2125 237 2166 nisi
270 2125 297 2165 fi
324 2123 418 2178 quid
448 2123 546 2164 forte
573 2123 618 2163 sit
646 2122 749 2177 apud
779 2123 950 2164 Graecos
978 2122 1272 2177 fignificamius,
1301 2126 1339 2162 &
1357 2137 1474 2177 negas
1506 2124 1545 2163 in
1578 2124 1671 2174 hac,
1702 2139 1779 2179 qua

50 2180 167 2236 vulgo
193 2181 349 2225 utimur,
380 2178 563 2220 Editione
589 2180 794 2232 quicquam
823 2178 897 2219 esse
926 2178 1019 2219 vitii.
1051 2175 1176 2218 Nefas
1206 2176 1280 2218 esse
1299 2190 1430 2231 putas,
1458 2192 1538 2218 rem
1559 2190 1618 2220 tot
1638 2179 1780 2221 seculo·-

51 2249 133 2276 rum
163 2235 364 2286 consensu,
392 2246 450 2275 tot
477 2234 644 2287 Synodis
669 2233 940 2287 approbatam,
969 2233 1046 2273 ullo
1067 2233 1181 2286 pasto
1201 2232 1426 2273 convellere.
1455 2232 1628 2274 Obsecro
1659 2247 1719 2285 te,
1752 2235 1781 2276 sl

51 2305 139 2332 vera
159 2290 306 2340 scribis,
334 2288 577 2331 eruditissime
597 2289 748 2342 Dorpi‚
778 2302 843 2329 cur
872 2287 1088 2342 frequenter
1113 2288 1219 2328 aliter
1249 2288 1341 2327 citat
1359 2288 1644 2342 Hieronymus,
1673 2290 1781 2331 aliter

53 2346 305 2400 Augustinus,
335 2345 441 2385 aliter
470 2343 714 2392 Ambrosius·‚
743 2356 858 2397 quam
888 2357 960 2384 nos
981 2343 1166 2398 legimus?
1184 2343 1279 2383 ‘Cur
1299 2342 1563 2398 Hieronymus
1584 2344 1701 2385 multa
1727 2359 1785 2385 re-

54 2400 258 2454 prehendit
277 2404 316 2440 &
336 2400 513 2454 corrigit,
542 2413 640 2453 quae
658 2411 785 2439 tamen
805 2399 844 2438 in
865 2398 937 2438 hac
961 2397 1146 2439 habentur
1171 2397 1382 2438 Editione?
1412 2398 1507 2452 quid
1529 2398 1663 2449 facies,
1693 2414 1782 2441 cum

55 2467 132 2496 tam
161 2455 276 2496 multa
305 2454 565 2504 consentiunt,
596 2454 671 2493 hoc
701 2454 777 2503 est,
806 2467 895 2493 cum
917 2452 1019 2494 secus
1041 2453 1182 2493 habent
1210 2453 1449 2494 Graecorum
1472 2453 1663 2500 Codices,
1693 2468 1783 2495 cum

55 2511 105 2551 ad
135 2511 273 2551 horum
300 2510 490 2563 exemplar
516 2509 607 2550 citat
638 2508 1040 2562 Hieronymus,‚cum
1071 2507 1175 2548 idem
1204 2507 1346 2548 habent
1374 2508 1617 2549 vetustissima
1646 2509 1785 2550 Latina

56 2567 303 2619 exemplaria,
334 2579 419 2606 cum
442 2563 519 2617 ipse
538 2563 660 2604 sensus
676 2562 797 2603 multo
817 2564 953 2604 rectius
974 2562 1163 2616 quadrat?
1192 2576 1285 2603 num
1307 2562 1367 2603 his
1383 2563 1561 2604 omnibus
1585 2575 1787 2619 contemp⁴

58 2621 106 2662 tis
133 2633 239 2662 tuum
272 2620 433 2674 sequeris
462 2617 676 2668 Codicem,
706 2616 867 2658 fortassis
893 2632 916 2658 a
945 2616 1061 2658 scriba
1091 2617 1375 2672 depravatum?
1405 2617 1548 2673 Neque
1568 2633 1660 2660 vero
1683 2621 1788 2674 01113-

59 2689 174 2730 quam
195 2675 393 2723 asseverat,
424 2674 464 2714 in
483 2673 623 2715 divinis
645 2673 781 2714 Literis
798 2672 916 2713 ullum
936 2672 1010 2714 este
1030 2673 1294 2723 mendacium,
1314 2672 1630 2728 quandoquidem
1652 2678 1692 2714 δε
1712 2675 1788 2715 1106

60 2730 267 2771 31111116111111
295 2730 350 2770 611
380 2729 444 2770 abs
462 2740 522 2775 te;
552 2740 590 2769 at
609 2727 703 2769 illud
722 2741 779 2768 res
799 2727 877 2781 ipsa
904 2728 1094 2778 clamitat,
1124 2731 1164 2768 &
1184 2728 1244 2769 vel
1264 2742 1397 2778 coeco,
1426 2727 1535 2781 quod
1561 2729 1689 2782 ajunt,
1719 2743 1790 2783 po·
1821 2776 1826 2780 ,

61 2786 130 2826 test
149 2785 221 2826 ess'e
242 2783 620 2839 perspicuum‚saepe
638 2782 698 2824 vel
717 2783 770 2823 ob
791 2783 1019 2837 imperitiam
1039 2783 1253 2836 interpretis
1269 2782 1329 2823 vel
1348 2783 1400 2823 ob
1418 2782 1657 2825 oscitantiam
1669 2784 1790 2825 Grae-

63 2854 107 2879 ca
136 2841 231 2880 male
257 2839 406 2880 reddita
433 2839 530 2887 esse·,
556 2838 666 2892 saepe
685 2851 905 2892 germanam
926 2852 970 2879 ac
990 2851 1119 2878 veram
1140 2838 1344 2879 leffionem
1365 2837 1414 2878 ab
1441 2837 1607 2879 indoffis
1634 2839 1792 2879 librariis

65 2893 171 2935 fuisse
191 2895 455 2949 depravatam,
484 2893 525 2934 id
543 2893 651 2948 quod
671 2891 814 2934 cotidie
835 2892 1009 2934 videmus
1030 2892 1222 2944 accidere,
1251 2893 1452 2946 aliquoties
1481 2904 1666 2934 mutatam
1685 2907 1707 2933 a
1738 2893 1791 2934 se-

68 2948 243 2989 111ἰά06113
262 2964 391 3003 parum
411 2950 575 2990 attentis.
604 2949 708 2989 Uter
728 2962 788 2988 ma
818 2948 848 2988 is
867 2947 968 2989 favet
988 2946 1212 2996 mendacio,
1242 2948 1309 3001 qui
1331 2948 1426 2988 haec
1448 2948 1604 3003 corrigit
1624 2962 1670 2988 ac
1689 2948 1794 2989 resti-

69 3003 163 3052 tuit,
191 3018 238 3043 an
256 3006 321 3058 qui
340 3006 448 3045 citius
469 3003 562 3045 ferat
584 3002 676 3044 addi
696 3017 783 3043 men
815 3016 876 3043 am
892 3016 1007 3057 quam
1026 3002 1109 3044 tolli
1128 3006 1144 3043 ?
1173 3001 1508 3056 Qandoquidem
1541 3016 1586 3043 ea
1611 3003 1797 3056 deprava-

69 3068 196 3098 torum
216 3070 346 3099 natura
363 3059 417 3100 est
434 3090 444 3107 ‚
471 3071 512 3099 ut
530 3058 669 3100 menda
689 3057 871 3099 mendam
893 3059 1046 3114 gignat,
1076 3058 1127 3099 Et
1145 3056 1230 3098 sunt
1250 3055 1328 3098 fere
1346 3056 1557 3110 ejusmodi,
1585 3071 1684 3112 quae
1714 3070 1797 3097 mu-

70 3124 215 3157 tamus,
245 3124 285 3152 ut
312 3114 361 3154 ad
389 3113 585 3167 emphasin
617 3114 832 3167 pertineant
861 3126 1005 3167 magis,
1034 3126 1151 3167 quam
1168 3111 1218 3154 ad
1238 3112 1384 3155 sensum
1402 3111 1543 3166 ipsum,
1574 3121 1797 3167 quanquam

68 3166 337 3221 saepenumero
355 3182 493 3223 magna
512 3168 635 3211 sensus
654 3180 741 3224 pars
759 3168 814 3211 est
842 3166 1042 3223 emphasis.

983 3221 1032 3264 M
1064 3234 1086 3262 a
1676 3215 1800 3260 Porro
