1976 3519
434 307 1444 353 PROLEGOMENA.
1729 318 1810 362 167

68 396 197 454 paucis
213 394 485 451 expendamus.
505 394 593 437 Def.
613 409 650 449 p.
670 406 738 447 43,
765 392 1034 444 „Pluralitas
1054 392 1176 435 MSS.
1190 425 1201 443 ,
1229 403 1277 434 ut
1293 397 1493 446 aCenfore
1508 398 1780 456 promulgatur
1792 433 1805 453 ‚

68 485 95 506 ,‚
124 452 369 506 labyrinthus
390 450 441 504 est
461 450 748 504 inexplicabilis
768 451 798 489 ’'.
854 448 948 489 Hoc
968 448 1061 488 dicit
1081 449 1237 502 quidem
1260 480 1272 499 ,
1301 450 1365 490 sed
1388 466 1468 492 non
1492 454 1637 507 probat.
1667 469 1704 511 p.
1733 469 1801 509 44,

67 536 95 561 ,,
127 507 321 562 Regulam
340 506 407 546 ille
413 505 491 557 sibi
507 507 557 545 in·
571 504 728 558 Proleg.
751 514 800 556 po
819 512 931 544 uerat
949 503 1073 543 hanc:
1104 505 1240 545 Lestio
1271 505 1435 558 plurium
1465 508 1661 551 Codicum
1680 542 1692 563 ,
1723 527 1802 555 cae-

67 590 94 615 „
121 564 211 604 teris
236 561 407 617 paribus,
434 560 490 601 est
517 559 785 614 praeferenda:
815 558 1077 613 commodeque
1093 573 1175 598 eam
1196 560 1430 614 explicarat.
1482 562 1605 604 Nunc
1626 564 1674 610 ὀύ
1693 581 1803 622 regu-⁴

65 646 93 670 ,‚
124 618 205 659 lam
226 617 274 663 ὠ·
293 615 588 672 explicationem
607 614 717 654 tollit
728 617 762 654 ''.
802 614 994 668 Regulam
1013 628 1095 654 non
1115 615 1232 664 tollo,
1263 614 1327 656 sed
1347 628 1493 670 partem
1513 620 1799 675 explicationis,

67 674 133 714 ubi
152 671 364 714 Codicibus
385 668 654 720 vetustiffimis,
683 683 782 724 quos
807 669 855 709 ad
877 668 1089 710 versionem
1110 670 1286 710 Latinam
1305 683 1472 713 mutatos
1490 674 1564 714 effe
1584 676 1715 727 postea
1733 677 1802 719 de-·

67 728 255 783 prehendi
274 760 285 777 ,
314 725 476 766 nimium
502 724 714 765 tribueram.
768 726 853 767 Ima
874 724 916 774 st
930 723 1165 778 pluralitati
1184 726 1308 767 MSS.
1339 728 1496 767 tantum
1519 728 1642 770 tribui
1661 731 1798 784 debet,

66 792 255 838 quantum
273 781 444 834 Cenficra
463 782 498 819 ei
519 779 682 830 tribuit,
712 793 837 819 omnes
866 782 992 834 copiae
1012 813 1022 829 ‚
1054 793 1151 834 quas
1171 782 1456 835 Prolegomena
1483 782 1556 822 illa
1586 787 1799 840 recensent,

66 838 221 877 dimitti
236 836 404 891 poffunt.
458 834 571 875 Haec
588 848 668 875 non
688 835 885 889 intellig03
916 834 943 874 fi
962 835 1066 875 enim
1086 849 1221 875 omnes
1240 837 1376 890 copiae
1395 836 1640 881 dimittuntur
1661 871 1672 890 ‚
1701 843 1799 897 quid

65 892 264 946 supererit,
292 889 401 946 quod
419 891 607 930 numerari
625 889 763 945 possit?
791 891 884 944 quin
905 901 1048 930 certum
1068 890 1142 940 est,
1173 902 1214 930 ut
1231 891 1411 942 sciamus,
1442 906 1630 947 quaenam
1652 895 1697 937 fit
1717 898 1799 951 plu-

65 948 164 988 rium
182 946 360 987 codicum
379 945 514 996 lestio,
546 959 704 995 omnes,
733 955 926 999 quotquot
943 946 1119 998 conquiri
1140 946 1314 999 poffimr,
1345 946 1619 1001 producendos
1646 954 1684 991 &
1705 967 1799 993 con-

65 1001 342 1046 ferendossseffe.
400 998 485 1041 Nil
501 1013 596 1040 vero
616 999 890 1052 aerumnefius,
913 999 1179 1056 periculosius,
1211 1000 1258 1045 ἔγ
1279 1004 1470 1043 incertius
1490 1008 1711 1059 excogitari
1726 1019 1801 1063 po-

66 1057 157 1110 test,
183 1069 299 1113 quam
331 1055 431 1096 talis
448 1055 690 1110 pluralitas,
711 1056 943 1109 praesertim
960 1055 1007 1106 st
1031 1055 1255 1095 Orthodoxi
1275 1060 1403 1098 omnia
1419 1058 1510 1112 fere
1539 1061 1798 1116 exemplaria,

65 1126 163 1168 quae
192 1125 241 1151 ex
270 1112 434 1152 Oriente
459 1119 740 1164 apportantur,
768 1119 1041 1161 corruperunt,
1072 1108 1120 1155 dy
1140 1113 1486 1165 manuscriptorum
1507 1115 1576 1154 vel
1594 1116 1799 1159 mediocris

66 1169 327 1223 antiquitatis
345 1174 463 1206 tanta
484 1165 537 1217 est
557 1168 718 1206 raritas.
747 1167 801 1206 At
821 1167 905 1220 quis
925 1166 978 1205 illi
998 1165 1114 1215 dixit,
1147 1167 1405 1208 Orthodoxos
1426 1168 1503 1209 fere
1524 1172 1654 1211 omnia
1669 1185 1799 1214 exem-³

65 1222 184 1276 plaria
201 1223 349 1262 Graeca
365 1220 594 1274 corrupisse?
624 1221 718 1261 Hoc
738 1221 844 1270 dixi,
875 1235 1010 1261 omnes
1030 1221 1205 1271 codices,
1235 1237 1333 1275 quos
1355 1223 1557 1274 habemus,
1588 1240 1611 1266 a
1639 1227 1797 1270 librariis

65 1276 314 1318 Orthodoxis.
326 1276 401 1317 esse
420 1276 600 1330 scriptos,
620 1277 796 1331 adeoque
808 1290 944 1316 omnes
953 1277 1152 1317 varietates
1173 1278 1219 1316 ab
1240 1277 1310 1317 illis
1329 1277 1435 1318 fuisse
1455 1279 1664 1333 profe&a3,
1677 1297 1799 1336 pauca-

64 1346 132 1373 eos
150 1346 216 1386 per
232 1332 415 1372 incuriam
435 1331 619 1376 omisisse,
642 1332 783 1385 reliqua
805 1331 1129 1382 studiomutaffe,
1159 1345 1200 1372 ut
1220 1332 1424 1374 lectionem
1447 1335 1504 1374 vel
1524 1335 1573 1375 ad
1593 1337 1798 1393 orthogra-

64 1388 179 1442 phiae
189 1387 247 1428 vel
259 1387 309 1427 ad
319 1387 550 1442 Syntaxeos,
563 1387 626 1426 vel‘
642 1387 691 1427 ad
711 1384 869 1433 εὐφωνῖας
889 1388 1034 1440 regulas
1055 1387 1713 1443 Grammaticas-accommodarent,
1737 1394 1796 1435 vei

65 1455 107 1484 ut
135 1443 338 1484 lectionem
356 1473 368 1492 ,
407 1457 522 1497 quam
549 1442 772 1495 impeditam
801 1441 876 1482 effe
903 1442 1126 1496 judicabant
1146 1473 1158 1493 ,
1190 1443 1561 1497 interpretarentur:
1598 1448 1797 1501 quodnam

63 1497 154 1538 hinc
173 1498 315 1538 oriatur
337 1498 564 1552 periculum,
595 1509 661 1537 aut
678 1512 775 1551 quae
794 1511 973 1537 aerumna
995 1501 1034 1537 Sc
1055 1498 1308 1548 incertitudo,
1339 1514 1419 1539 non
1453 1501 1651 1556 perspicio.
1709 1506 1798 1545 Ma-

64 1567 180 1608 gnam
208 1553 364 1607 quidem
386 1553 463 1594 esse
491 1552 604 1593 MSS.
634 1552 693 1593 vel
714 1552 918 1592 mediocris
939 1553 1176 1607 antiquitatis
1197 1554 1388 1594 raritatem
1412 1569 1460 1596 ne
1484 1556 1685 1612 Bengelius
1713 1562 1798 1614 qui-

63 1608 175 1654 dem,
205 1621 322 1662 puto,
353 1608 498 1649 inficias
526 1608 655 1648 iverit:
686 1607 888 1648 difficultas
921 1621 1032 1657 vero,
1062 1622 1160 1662 quae
1190 1608 1281 1648 inde
1303 1609 1446 1660 oritur,
1476 1612 1599 1665 ipsum
1622 1627 1702 1654 non
1724 1616 1797 1656 mi-

64 1677 139 1704 nus
152 1676 284 1718 urgete,
312 1664 486 1717 aliosque
501 1677 657 1713 omnes,
685 1678 800 1717 quam
823 1677 893 1703 me.
949 1663 1058 1717 Ergo
1085 1663 1371 1717 antiq-{cifimus
1402 1665 1580 1707 Latinus
1599 1698 1611 1718 ,
1641 1672 1801 1724 antiqui

65 1718 292 1760 orientales
312 1721 542 1771 interpretes
554 1728 570 1768 ,³
596 1732 644 1756 ac
656 1717 794 1771 patres
815 1719 918 1756 omni
931 1717 1020 1770 jure
1030 1718 1223 1772 stiffi-agii
1245 1729 1443 1759 exuuntur
1467 1725 1482 1761 ?
1511 1722 1592 1772 Ita,
1624 1725 1662 1764 in
1694 1737 1807 1767 textu*

69 1774 222 1814 Graeco
250 1772 541 1821 concinnando,
570 1773 636 1827 qui
661 1772 838 1812 omnibus
858 1772 1003 1825 placere
1024 1772 1155 1825 postit:
1185 1774 1224 1812 in
1247 1775 1354 1814 notis
1377 1789 1510 1818 eorum
1541 1779 1638 1819 ratio
1668 1780 1805 1821 haberi*

66 1828 212 1882 potest3
242 1829 305 1868 ubi
325 1840 451 1868 tamen
465 1827 656 1877 ‚instituto
676 1829 873 1876 examine,
893 1827 1110 1881 apparebit,
1131 1828 1310 1868 rarissirne
1331 1829 1536 1871 secundum
1558 1833 1652 1873 istos
1666 1838 1818 1877 contras

66 1883 289 1923 consensum
309 1883 486 1923 cod-icum
509 1883 745 1922 Graecorum
765 1881 839 1922 effe
858 1882 1204 1936 pronuntiandum.
1261 1882 1434 1923 Nullum
1445 1886 1564 1938 plane
1592 1894 1709 1929 manu
1727 1893 1802 1931 cri-'

60 1946 219 1992 'ptorum
237 1938 410 1991 deinceps
431 1937 634 1990 discrimen
655 1937 804 1977 valebit
818 1937 839 1976 ?
869 1937 919 1977 de
940 1952 984 1978 ea
1005 1952 1044 1978 re
1066 1950 1198 1991 agetur
1217 1938 1483 1980 observatione
1498 1941 1688 1996 sequenti.
1718 1947 1804 1986 Ae*

67 2002 247 2033 curatum
266 2006 390 2033 eorum
411 2005 608 2032 numerum
629 1994 718 2045 quis
737 1990 906 2046 quolibet
927 1992 1046 2032 inibit
1064 1992 1142 2032 loco
1156 1996 1174 2033 ἃ
1205 1993 1341 2033 Editor
1360 1995 1549 2048 producet
1566 1998 1680 2039 'testes
1703 2011 1803 2054 quos

67 2048 201 2094 habet,
232 2062 313 2088 non
332 2062 398 2088 eos
419 2061 516 2101 quos
536 2061 614 2087 non
636 2048 759 2088 habet.
815 2046 941 2086 ‘Duae
976 2050 1092 2087 unius
1122 2047 1203 2088 loci
1227 2048 1444 2100 lectiones,
1461 2051 1526 2091 ubi
1555 2052 1681 2094 altera
1704 2066 1808 2109 prae

69 2103 197 2149 altera
218 2106 332 2142 unius
343 2102 509 2156 subinde
538 2102 751 2143 duorumve
773 2101 955 2142 Codicum
973 2103 1176 2156 flcffragio.
1192 2113 1380 2157 augetur,
1409 2105 1643 2147 alternatim
1662 2113 1802 2163 genni-

68 2172 141 2198 nae
171 2167 284 2198 erunt
305 2161 320 2198 ?
351 2161 406 2198 At
425 2172 504 2197 non
528 2170 629 2198 nunc
651 2159 774 2213 agitur
794 2157 843 2198 de
863 2158 1048 2199 Lectione
1073 2159 1259 2212 genuina,
1289 2159 1353 2199 sed
1384 2159 1432 2200 de
1449 2161 1593 2203 ‘Textu
1623 2164 1801 2216 edendo,

69 2214 136 2267 qui
153 2213 199 2253 ab
219 2213 395 2254 omnibus
415 2214 531 2266 recipi
553 2212 676 2267 poflit.
737 2213 818 2253 Ubi
839 2213 1006 2266 aequalis
1038 2227 1101 2254 aut
1131 2227 1252 2267 prope
1280 2215 1446 2269 aequalis
1470 2230 1541 2271 pto
1563 2230 1722 2274 utraque
1752 2221 1805 2261 le-'

69 2269 196 2311 &ione
216 2268 376 2322 produci
393 2269 516 2322 potest
536 2282 735 2319 numerus,
765 2269 1034 2322 quaestionon
1058 2269 1197 2309 eit-hac
1214 2271 1371 2324 regula,
1394 2270 1463 2311 sed
1492 2273 1649 2314 aliunde
1679 2275 1803 2317 deter-

71 2324 205 2364 minari
223 2324 346 2368 debet.
400 2324 447 2364 Id
469 2335 592 2366 autem
606 2355 617 2373 ,
644 2324 715 2363 nisi
734 2338 794 2364 me
817 2325 999 2364 memoria
1019 2324 1136 2370 fallit,
1158 2327 1352 2379 contingit
1370 2327 1556 2376 rariffime.
1589 2329 1667 2369 Sed
1686 2326 1805 2385 quam·

70 2379 179 2419 aliam
200 2379 366 2432 regulam
386 2379 499 2420 habet
519 2393 651 2435 autor,
681 2393 779 2435 quae
797 2391 966 2419 omnem-
979 2380 1117 2434 ubique
1138 2381 1417 2422 dubitationem
1432 2383 1575 2434 tollat,
1606 2388 1650 2424 &
1671 2385 1805 2426 lectio-

70 2448 139 2475 nes
155 2446 289 2474 omnes
305 2434 697 2475 reddat-certiffimas?
894 2449 895 2454 ¹

73 2518 77 2529 .
127 2501 190 2540 ²4·
220 2490 366 2544 Pergit:
397 2490 476 2531 Sed
497 2489 588 2529 bene
616 2489 697 2541 est:
729 2489 945 2530 Censor'in
971 2489 1211 2531 praefatione
1244 2492 1298 2532 N.
1330 2492 1379 2532 T.
1410 2493 1648 2535 GraeciA0.
1684 2507 1806 2549 1735;

71 2543 185 2595 editi,
214 2556 295 2589 eam
320 2544 599 2598 pluralitatem
625 2545 703 2598 ipst·
730 2545 920 2597 improbat
941 2565 953 2590 ,-
984 2554 1106 2599 atque
1133 2548 1194 2585 ita
1214 2577 1226 2595 ,
1255 2556 1300 2585 ut
1331 2549 1737 2591 mirabli-celeritate
1761 2555 1809 2592 in

73 2598 236 2639 alterum
249 2609 460 2639 extremum
483 2602 670 2640 incurrat,
704 2599 833 2649 „Illud
851 2599 928 2653 jam
951 2600 1055 2640 addo
1071 2628 1080 2646 ,
1107 2603 1236 2654 inquit
1249 2603 1402 2655 ,quod,
1416 2605 1592 2657 quamvis
1612 2605 1713 2647 Forte
1731 2608 1808 2661 pri*-

74 2665 97 2704 ,‚
127 2669 187 2694 ma
207 2654 332 2694 fronte
352 2655 495 2694 novum
507 2654 754 2704 videatuniis
765 2656 991 2709 tamen‘,qui
1015 2668 1187 2709 receptae
1209 2657 1459 2712 vulgataeque
1479 2660 1635 2701 leuiori}
1657 2662 1704 2701 ab
1730 2663 1807 2703 istis

72 2739 98 2759 „
126 2709 722 2759 varietatibusmetuebant,non·
740 2711 881 2763 poterit
900 2711 1075 2751 noneffe
1092 2712 1338 2766 gratissimum
1353 2738 1372 2755 ‚⁴
1391 2715 1732 2758 nimirum-Textus
1752 2724 1809 2758 re·-

73 2789 101 2813 3,
129 2765 235 2817 cepti
252 2765 519 2805 auctoritatem,
534 2777 573 2805 ut
594 2766 796 2818 plurimum
819 2779 892 2805 nec
910 2765 1092 2806 consensu
1113 2767 1314 2807 citatorum
1337 2768 1456 2809 MSS..
1471 2769 1665 2812 Codicum
1687 2773 1811 2828 magis

73 2845 99 2868 ,‚
124 2818 285 2869 firmari,
298 2833 373 2860 nec.
388 2820 600 2861 eorundem
620 2820 781 2863 dissensu
802 2820 999 2861 debilitari.
1029 2821 1437 2864 Producuntur-fateor
1455 2826 1603 2866 testium
1618 2827 1707 2867 loco
1728 2841 1811 2866 cen-

75 2902 101 2921 „
131 2882 215 2912 tum
225 2875 413 2923 Codices,
427 2876 555 2915 multis
576 2877 613 2915 in
630 2878 724 2917 locis
744 2891 765 2915 a
786 2888 935 2931 recepta
956 2877 1142 2917 Lestione
1158 2877 1426 2919 dissentientes.
1457 2880 1566 2920 Cave
1579 2894 1706 2922 autem
1727 2883 1808 2922 exi-

77 2953 104 2975 „
133 2927 275 2978 stimes,
297 2929 695 2985 singulosreligiofos,
708 2944 861 2986 graves,
874 2932 1057 2977 idoneos,
1077 2933 1261 2987 omnique
1282 2935 1507 2987 exceptione
1528 2937 1691 2988 majores
1708 2937 1806 2985 effc;

78 3007 104 3030 ,,
126 2983 225 3034 quin
243 2985 726 3036 potiushotumffestium·
739 2987 971 3041 Catalogum
993 3001 1141 3027 mecum
1161 2989 1316 3028 attentis
1333 2990 1452 3030 oculis
1468 2991 1667 3043 perlustra,
1700 2996 1738 3031 &
1758 2992 1811 3032 lea

78 3066 104 3085 „
134 3049 220 3080 ves,
250 3050 469 3092 corruptos,
490 3041 570 3080 imo
587 3040 696 3081 fistos
716 3041 901 3095 falsosque
913 3041 978 3088 ‚fni
997 3043 1244 3083 vehementer
1265 3042 1674 3098 fallor,deprehendes
1696 3047 1812 3100 pluri-

78 3121 103 3140 „
134 3093 270 3131 mos”.
301 3092 495 3147 Temporis
514 3096 650 3147 causa,
672 3096 727 3135 ad
737 3097 1145 3152 censuramtantisper
1165 3098 1404 3149 comendam,
1424 3100 1558 3153 subito
1576 3112 1659 3143 eam
1679 3102 1812 3153 plura-

79 3141 234 3184 litatem
264 3149 461 3200 arripuiffie
479 3149 621 3190 videri
653 3150 802 3191 Censor
834 3160 991 3203 poterat
1011 3183 1023 3203 ,
1049 3153 1283 3205 praesertim
1305 3167 1389 3193 cum
1424 3155 1547 3206 paulu
1566 3154 1650 3207 post
1679 3157 1717 3194 in
1741 3155 1813 3194 ‘illa

80 3200 315 3253 praefatione
339 3202 396 3244 N&
414 3204 477 3245 T..
493 3204 783 3255 inaliaomnia
799 3209 937 3249 iverit.
990 3208 1174 3261 Injuriam
1190 3208 1297 3249 'mihi
1318 3208 1409 3249 facit
1426 3210 1664 3262 Bengeiius·,
1691 3218 1815 3303 quagi-

1788 3277 1815 3305 ο
