1976 3519
427 248 1416 294 PROLEGOMENA.
1723 252 1802 307 183

70 350 111 383 to
138 339 422 393 'praefationem
462 339 605 392 saepius
642 336 805 377 recusam
847 335 1038 388 praefixit.
1092 334 1386 378 Commentario
1417 339 1456 378 in
1480 338 1672 393 Joannem
1700 340 1800 395 Cap.

70 397 178 437 VIII.
207 407 315 435 notat
344 409 352 434 :
410 422 435 445 ,‚
467 395 525 434 Ea
550 407 647 447 quae
677 392 864 431 habentur
895 389 946 431 de
983 390 1137 431 muliere
1168 391 1336 431 adultera
1365 394 1466 446 apud
1493 396 1682 448 quosdam
1718 411 1800 439 non

125 451 253 490 haberi
273 454 305 488 ’'.

68 482 93 502 υ
121 506 188 545 III.
220 504 474 557 lVolfiJgangus
503 499 709 541 Fabricius
739 502 878 552 Capito
909 499 1051 540 Erasmi
1082 514 1240 553 operam
1265 500 1304 539 in
1334 500 1390 542 N.
1417 502 1467 542 T.
1495 504 1649 546 edendo
1679 509 1799 550 collo-

68 572 190 600 catam
211 554 372 612 utroque
392 557 528 611 pollice
549 557 735 609 probavit.
778 557 838 596 De
859 570 938 609 quo
960 554 1134 595 Erasmus
1166 557 1231 596 ΑΟ.
1266 569 1279 594 1
1295 561 1383 603 5¹6-
1414 559 1526 618 nonis
1541 560 1666 612 Juniis
1676 563 1798 615 Joan-

68 617 109 656 ni
132 615 323 668 Episcopo
344 611 518 654 Roffensi
540 611 591 650 ita
614 612 756 651 scribit:
786 641 811 660 ‚‚
844 612 1007 650 Novum
1027 610 1316 650 Testamentum
1339 624 1426 651 cum
1448 613 1515 653 tibi
1535 614 1794 670 destinassem,

67 697 93 721 ‚,
125 685 190 709 cur
209 680 353 709 mutato
373 665 530 706 consilio
551 665 697 706 summo
718 665 899 706 Pontifici
916 665 1185 718 inscripserim,
1216 665 1333 706 literis
1350 667 1444 706 meis
1459 668 1538 720 jam
1562 671 1712 722 pridem
1732 688 1794 714 ex-

83 754 91 768 ,
122 725 238 778 posui.
290 722 512 761 Timebatur
535 720 609 760 hoc
628 735 726 775 opus
745 733 949 774 antequam
970 720 1161 773 prodiret;
1191 733 1378 773 caeterum
1400 722 1546 763 editum
1567 725 1704 765 mirum
1727 729 1795 780 est,

66 759 93 831 ζ,
122 793 232 832 quam
253 777 431 830 probetur
450 777 626 816 omnibus
645 777 759 816 etiam
781 776 996 829 Theologis
1018 775 1075 814 vel
1100 775 1257 827 eruditis
1278 776 1334 817 vel
1357 777 1514 831 integris
1544 782 1584 818 ὃ(
1609 781 1793 824 candidis.

66 865 91 885 ‚‚
123 834 230 874 Prior
249 830 504 885 Friburgensis
522 831 578 870 vir
598 830 762 871 summae
783 831 993 871 autoritatis
1013 829 1115 883 apud
1136 830 1221 870 suos
1249 854 1317 862 ----
1344 846 1431 872 cum
1451 832 1675 888 degustasset
1696 851 1795 891 opus

65 919 91 940 „
121 889 192 936 ait,
222 887 257 927 se
277 886 386 926 malle
407 899 530 926 carere
552 885 724 927 ducentis
745 885 901 926 florenis
920 885 1040 925 aureis
1060 899 1173 938 quam
1193 900 1242 925 eo
1263 886 1368 927 libro.
1423 888 1644 930 Ludovicus
1677 891 1796 935 Berus

65 970 92 995 ,‚
122 942 346 995 Theologus
385 940 596 981 Parifiensis
631 964 696 972 ----
727 940 960 981 exosculatur
982 971 992 989 ,
1023 940 1158 981 adorat
1179 974 1188 989 ‚
1219 955 1262 980 ac
1299 941 1476 994 deplorat
1506 955 1564 984 tot
1593 959 1717 987 annos
1754 949 1794 989 in

66 1030 91 1050 ‚‚
121 996 347 1037 scholasticis
386 995 458 1035 illis
493 996 851 1036 confliffatiunculis
889 995 1108 1035 consumtos
1184 995 1294 1035 Idem
1333 997 1444 1037 sentit
1486 997 1796 1057 Vuolphgangus

66 1083 92 1105 ‚,
123 1053 267 1106 Capito
292 1051 543 1091 concionator
570 1051 740 1104 publicus
762 1050 988 1099 ssafilienfis‚
1011 1050 1068 1090 vir
1088 1050 1280 1090 Hebraice
1309 1051 1424 1105 longe
1451 1052 1685 1095 doffissimus
1707 1072 1714 1097 ε
1744 1059 1795 1099 ad

65 1138 90 1159 ‚‚
120 1107 212 1147 haec
242 1108 281 1146 in
315 1105 532 1159 theologica
563 1105 742 1158 palaestra
772 1105 1115 1155 exercitatiffimus,
1145 1118 1303 1159 uterque
1335 1108 1494 1148 Graecis
1521 1108 1635 1149 literis
1664 1111 1794 1155 sedulo

65 1193 91 1213 „
120 1162 186 1201 dat
213 1175 368 1215 operam
386 1162 420 1199 ’'.
478 1160 623 1200 Eadem
652 1160 788 1214 repetit
818 1160 988 1213 Epistola
1023 1160 1071 1200 ad
1108 1161 1324 1201 Henricum
1352 1163 1545 1203 Bovillum
1575 1165 1659 1206 Cal.
1690 1167 1794 1222 Sept.

65 1217 233 1270 ejusdem
266 1215 370 1256 Anni
393 1214 537 1267 scripta.

123 1272 193 1312 IV,
225 1272 434 1312 Martinus
455 1270 628 1310 Bucerus
650 1269 943 1310 Commentario
962 1270 998 1309 in
1021 1269 1090 1310 IV.
1114 1270 1322 1324 Evangelia
1343 1270 1544 1313 Var‘iarum
1565 1274 1793 1318 Leffionum

66 1327 300 1367 mentionem
323 1324 433 1375 facit,
462 1324 597 1365 sedita
619 1336 659 1365 ut
685 1326 724 1364 in
746 1325 864 1365 dubio
895 1325 1105 1378 relinquat,
1136 1339 1234 1379 quae
1260 1326 1494 1380 potissimum
1525 1329 1795 1382 praeferendae

65 1382 147 1422 fint.
175 1381 220 1421 In
252 1380 393 1420 Matth.
423 1380 451 1419 I.
483 1382 518 1419 8.
575 1410 601 1430 ‚‚
633 1381 771 1434 Ecquis
791 1380 900 1429 sciat,
932 1381 1077 1433 inquit,
1108 1380 1132 1419 fi
1157 1380 1257 1421 forte
1285 1382 1522 1437 negligenter
1552 1385 1650 1425 adeo
1684 1387 1794 1441 hujus

65 1467 91 1488 „
119 1437 264 1490 generis
284 1435 468 1489 pleraque
482 1449 561 1474 non
582 1436 737 1475 maximi
759 1436 946 1475 momenti
967 1436 1068 1474 Sacri
1087 1435 1288 1489 scriptores
1319 1439 1515 1491 attigerint
1535 1470 1546 1486 ‚
1585 1452 1626 1480 ut
1645 1441 1693 1481 ad
1716 1457 1795 1483 ma-

65 1522 91 1543 „
123 1492 178 1546 gis
199 1491 288 1531 seria
305 1504 375 1530 nos
395 1490 625 1530 invitarent?
654 1513 714 1520 ----
744 1490 860 1529 Ordo
879 1502 980 1530 certe
1002 1494 1039 1528 &
1059 1500 1235 1531 numerus
1261 1492 1446 1545 majorum
1479 1493 1624 1534 Christi
1655 1510 1712 1537 res
1732 1513 1796 1538 ex-

67 1577 92 1597 .,
122 1558 226 1586 terna
257 1546 332 1594 est,
361 1545 410 1585 ad
442 1544 596 1585 salutem
619 1559 686 1599 per
715 1544 752 1585 se
780 1545 874 1585 nihil
906 1544 1069 1588 faciens,
1099 1560 1215 1599 quare
1235 1547 1332 1586 cir-ca
1353 1562 1395 1588 ea
1420 1548 1445 1588 fi
1472 1549 1709 1604 Evangelista
1730 1567 1797 1607 pa-

65 1629 92 1652 ,‚
120 1614 201 1641 rum
231 1599 395 1641 curiosus
426 1598 517 1649 fuit,
547 1599 587 1640 id
616 1601 663 1640 ab
693 1601 865 1640 instituto
886 1600 1124 1653 ‘Apostolico
1153 1601 1317 1641 alienum
1347 1617 1426 1642 non
1458 1604 1512 1644 est
1531 1607 1564 1645 ’'.
1607 1604 1703 1647 Vers
1737 1621 1797 1649 ιι.

65 1687 90 1707 ,,
122 1657 231 1696 Duos
266 1655 477 1705 Jechom'as
507 1654 690 1695 fateamur
720 1667 895 1708 oportet,
923 1667 987 1695 aut
1016 1655 1123 1709 quod
1151 1655 1381 1709 scriptorum
1405 1659 1504 1698 vitio'
1521 1660 1800 1716 pr0'‚quacim

68 1743 94 1763 „
123 1723 228 1764 patre
244 1701 454 1764 jechoniae
475 1709 660 1762 irrepserit
681 1709 910 1761 Jechom‘as.
965 1710 1073 1751 Nam
1095 1710 1217 1750 Faber
1236 1713 1483 1765 Stapulensis,
1512 1715 1729 1758 eruditione
1757 1722 1799 1758 δε

67 1797 93 1817 ,,
122 1767 261 1819 pietate
287 1763 523 1804 venerandus
554 1764 684 1814 senex,
715 1765 887 1804 meminit
917 1763 994 1802 hoc
1022 1764 1110 1803 loco
1139 1778 1185 1804 ex
1215 1768 1332 1805 veteri
1369 1767 1539 1820 quodam
1568 1771 1795 1826 Archetypo

66 1849 92 1871 ,‚
125 1821 277 1860 Graeco
307 1819 433 1873 priore
459 1817 573 1867 Ιοεο,
602 1819 665 1858 ubi
694 1832 764 1858 nos
795 1818 1014 1870 Jechonias
1045 1818 1227 1859 habemus
1245 1854 1254 1868 ,
1285 1821 1358 1875 legi
1389 1821 1569 1877 Jojacim
1590 1827 1624 1865 ’'.
1654 1827 1799 1870 Matth.

66 1875 138 1916 VI.
177 1888 235 1927 ¹3·
294 1904 318 1923 ,‚
351 1873 459 1913 Haec
488 1874 664 1917 coronis,
697 1873 772 1913 five
792 1872 922 1913 addita
942 1888 962 1912 a
982 1874 1180 1923 Domino,
1212 1875 1297 1914 sive·
1318 1876 1447 1929 postea
1474 1878 1624 1932 adjesta
1653 1895 1674 1920 a
1701 1896 1800 1936 quo-⁴

67 1962 93 1982 ,‚
123 1931 224 1984 piam
245 1928 375 1978 fuerit,
404 1929 466 1981 pia
485 1931 522 1967 &
545 1927 749 1968 secundum
769 1928 1000 1980 Scripturam
1024 1929 1078 1968 est
1099 1932 1127 1968 ''.
1160 1928 1249 1968 ibid.
1303 1961 1327 1979 ‚,
1360 1931 1643 1974 LatinaLucae
1673 1939 1802 1977 exem-⁶

67 2013 94 2032 „
123 1985 239 2039 plaria
267 1983 453 2037 quaedam
485 1983 809 2035 praetermittunt,
837 1996 942 2035 quae¹
954 1983 993 2021 in
1015 1983 1220 2023 Matthaeo
1242 1984 1449 2032 habentur,
1478 1991 1617 2041 nempe
1636 2020 1647 2039 ‚
1679 1992 1804 2043 noster

67 2071 92 2092 ,‚
124 2042 190 2092 qui
210 2052 250 2077 es
270 2041 311 2077 in
329 2037 456 2088 coelis,
474 2037 556 2089 fiat
574 2036 760 2076 voluntas
780 2045 849 2076 tua
869 2039 911 2076 in
931 2045 1040 2076 terra
1053 2037 1153 2087 ficut
1173 2040 1215 2079 in
1235 2039 1346 2090 coel0'‚
1378 2038 1426 2085 ὠ·
1445 2040 1565 2082 libera
1584 2056 1653 2082 nos
1676 2059 1698 2084 a
1719 2061 1801 2086 ma-

67 2126 94 2147 „
122 2094 179 2144 lo,
210 2095 302 2148 quia
323 2101 431 2132 tuum
451 2091 500 2141 est
523 2105 679 2145 regnum
699 2091 777 2136 &a
836 2092 984 2132 Graeca
1005 2093 1257 2147 exemplaria,
1289 2095 1364 2136 five
1393 2102 1442 2136 ex‘
1470 2097 1675 2139 Matthaeo
1706 2102 1801 2143 haec

69 2177 96 2201 ‚,
123 2149 252 2203 postea
271 2148 418 2201 adjecta
441 2147 534 2198 fint‚
564 2147 640 2187 five
672 2148 793 2187 Lucas
821 2147 871 2186 ita
902 2146 1085 2201 scripserit
1106 2179 1116 2197 ‚
1147 2152 1186 2188 &
1216 2151 1339 2190 mutili
1368 2149 1438 2191 sint
1467 2152 1621 2193 codices
1649 2156 1801 2203 Latini,

70 2236 94 2256 ,‚
123 2205 251 2244 omnia
271 2216 311 2243 ut
334 2202 551 2243 Matthaeus
569 2203 719 2242 habent.
778 2203 816 2242 Si
838 2214 966 2242 tamen
985 2216 1005 2242 a
1026 2204 1402 2257 Luca-praetermissa
1435 2206 1496 2246 illa
1525 2207 1644 2249 essent
1664 2241 1675 2259 ,
1706 2213 1802 2253 nihil

71 2291 98 2311 ‚,
125 2272 249 2299 tamen
270 2257 359 2298 esset
381 2257 591 2298 detrastum
619 2258 823 2298 sententiae
842 2260 874 2296 ’'.
934 2258 978 2298 In
1001 2258 1144 2312 Joann.
1173 2259 1284 2301 VIII.
1341 2288 1365 2310 ,‚
1395 2262 1506 2302 Haec
1535 2262 1691 2305 historia
1720 2271 1802 2308 non'

71 2346 97 2366 „
124 2314 178 2354 est
209 2314 345 2353 attasta
366 2327 386 2351 a
408 2313 583 2359 Nonno,
613 2313 678 2366 qui
710 2325 929 2366 perpetuam
963 2325 1089 2353 tamen
1123 2310 1370 2368 Paraphrafin
1392 2317 1432 2357 in
1460 2318 1700 2373 Evangelion
1728 2322 1808 2364 hoc'

73 2400 98 2421 „
122 2369 283 2422 Joannis
300 2367 540 2421 conscripfit‚
572 2368 635 2408 sed
664 2370 734 2407 n'ec
754 2383 775 2407 a
797 2367 1076 2422 Chrysostomo
1099 2381 1162 2409 aut
1186 2369 1395 2425 Vulgario,
1425 2374 1491 2427 qui
1520 2373 1637 2414 iidem
1672 2379 1806 2431 perpe-

74 2455 100 2476 „
128 2436 191 2464 tua
215 2424 451 2463 enarratione
480 2423 600 2476 ipsum
632 2423 892 2476 explicarunt;
923 2423 963 2462 id
992 2435 1217 2476 argumento
1246 2427 1300 2466 est
1320 2457 1331 2476 ‚
1360 2428 1467 2481 quod
1490 2432 1622 2469 eorum
1654 2442 1807 2486 tempo·¹

74 2507 99 2530 ‚,
128 2492 210 2518 rum
243 2477 425 2518 Ecclesiae
457 2492 537 2518 non
567 2479 795 2532 agnoverint
825 2492 954 2531 parem
988 2480 1068 2519 aliis
1090 2479 1278 2533 historiis,
1308 2495 1401 2536 quas
1422 2483 1462 2522 in
1491 2483 1567 2523 hoc
1592 2485 1808 2542 Evangeliol

74 2561 100 2585 „
129 2534 327 2589 legimus’'.

126 2589 177 2629 V.
206 2587 405 2627 Conradus
437 2587 669 2628 Pellicanus
699 2586 905 2641 Vulgatam
935 2588 1162 2629 Versionem
1193 2591 1368 2631 Latinam
1397 2606 1468 2645 pro
1495 2592 1624 2634 Textu
1656 2595 1809 2649 sum'fi't',

52 2672 57 2676 -
77 2645 116 2684 in
139 2643 288 2696 reliquis
310 2643 391 2682 crisi
414 2643 559 2682 Erasmi
581 2643 813 2696 subscripfit,
845 2645 894 2683 de
913 2641 1127 2696 δὀξολογίᾳ,
1158 2648 1228 2685 &e
1253 2646 1316 2699 Jo.
1349 2644 1458 2688 VIII.
1513 2678 1540 2698 ‚‚
1571 2649 1809 2707 Hucusque,

74 2729 98 2749 ,‚
129 2699 273 2752 inquit,
304 2698 474 2738 Historia
495 2698 544 2738 de
564 2697 732 2738 adultera
754 2699 930 2749 muliere,
959 2713 1056 2753 quae
1075 2708 1096 2738 a
1120 2700 1309 2754 plerisque
1330 2703 1696 2749 creditur-insertas
1778 2748 1783 2751 ,

130 2753 199 2793 VI.
230 2752 428 2793 Henricus
456 2752 709 2802 Bullingerus
741 2754 938 2795 Erasmum
973 2755 1176 2808 praecipue
1206 2756 1350 2796 secutus
1378 2759 1432 2797 est
1464 2785 1474 2804 ,
1514 2758 1673 2814 ejusque
1706 2762 1808 2803 seve*

78 2821 156 2846 ram
173 2807 296 2847 Crisin
315 2809 353 2847 in
375 2822 463 2851 eos,
494 2809 561 2861 qui
579 2805 779 2862 ὃοξολογῖοιν
802 2810 841 2849 in
862 2810 991 2850 Textu
1010 2809 1202 2851 Matthaei
1224 2811 1482 2863 addiderunt,>
1507 2815 1548 2854 in
1569 2814 1655 2857 suos
1687 2817 1809 2859 Com-

81 2863 282 2902 mentarios
310 2863 548 2916 transcripsit.

135 2915 225 2955 V11.
256 2916 508 2971 lVolffgangzts
538 2917 742 2971 llffusculus
772 2919 811 2959 in
847 2933 881 2961 1.
903 2920 998 2961 Cor.
1029 2919 1119 2961 VII.
1153 2932 1215 2973 34.
1246 2921 1437 2975 duplicem
1465 2923 1670 2967 lectionem
1692 2926 1812 2982 expli-¹

81 2981 152 3009 cat.
181 2970 226 3008 In
256 2972 346 3012 XII.
378 2986 410 3012 2.
466 3004 492 3022 ,‚
522 2973 747 3025 Quaedam,
778 2975 923 3028 inquit,
951 2976 1177 3030 exemplaria
1203 2977 1352 3017 Graeca
1370 2992 1451 3018 non
1470 2980 1613 3022 habent
1631 2983 1700 3021 ὅτε.
1751 2983 1813 3023 Sic

81 3054 107 3076 ,‚
136 3023 326 3065 Lectionis
350 3027 508 3067 varietas
528 3029 672 3068 varium
692 3028 836 3069 sensum
860 3031 994 3084 gignit.
1026 3031 1171 3081 Scitis,
1202 3032 1336 3086 inquit.
1393 3035 1506 3087 Quid
1538 3051 1604 3077 eos
1637 3037 1727 3077 scire
1755 3032 1814 3077 di-·’

82 3109 108 3129 ‚,
138 3079 214 3117 cit?
243 3081 321 3119 Aut
340 3081 445 3133 quod
466 3081 604 3122 fuerint
626 3084 779 3123 Ethnici
801 3084 1054 3130 Idololatrae,
1085 3098 1149 3127 aut
1169 3087 1276 3140 quod
1299 3096 1385 3128 cum
1407 3097 1517 3130 antea
1539 3090 1657 3134 essent
1678 3092 1814 3133 Ethni-

82 3163 108 3183 „
138 3134 172 3171 ci
191 3133 240 3172 ad
261 3133 450 3175 simulacra
470 3149 574 3176 muta
589 3136 726 3179 fuerint
744 3139 909 3180 abducti.
961 3142 1151 3182 Posterior
1170 3145 1209 3181 ὃ(
1231 3143 1365 3184 Lectio
1388 3147 1424 3183 &
1446 3144 1570 3186 sensus
1589 3147 1709 3200 magis
1729 3157 1815 3197 pro·

83 3218 109 3238 ,‚
139 3188 257 3229 batur.
315 3188 436 3230 Haud
463 3191 567 3232 enim
597 3203 676 3234 tam
700 3195 837 3248 'magni
861 3197 1050 3238 momenti
1079 3208 1181 3248 erat,
1209 3197 1250 3239 in
1279 3200 1509 3240 memoriam¹
1524 3200 1596 3240 illis
1615 3206 1816 3250 revocare,

1655 3279 1681 3304 2,
1710 3254 1818 3307 quod
