1976 3519
130 226 182 266 72
516 205 1515 252 PRoLEGoMENA.

130 311 294 353 quorum
323 296 558 338 mentionem
587 295 679 337 facit
706 294 993 349 Hieronymus,
1022 294 1063 333 in
1093 293 1253 334 Catenis
1281 306 1374 336 vero
1404 292 1636 347 Fragmenta
1658 306 1704 334 ex
1723 290 1858 336 iisdem

132 365 345 395 occurrunt.

186 406 433 462 Epiphanius
452 405 683 447 Palaestinus
704 403 1126 458 Eleutheropolitanus‚
1157 403 1409 445 Constantiae
1429 403 1470 443 in
1493 404 1630 457 Cypro
1652 403 1864 457 Episcopus

128 463 364 515 Linguarum
394 462 556 516 peritus,
584 474 632 502 ex
662 461 845 501 Editione
877 460 1023 500 Petavii
1043 457 1155 498 Paris.
1190 462 1310 497 1622.
1340 459 1402 498 De
1421 459 1544 500 coita
1566 457 1689 498 scribit
1715 459 1864 498 Consa-

130 518 187 558 lus
226 518 412 557 Poncius:
450 544 476 566 ‚,
505 516 533 556 fi
555 517 640 570 quis
660 515 714 556 est
736 516 832 554 inter
852 514 1011 555 Sanstos
1031 515 1183 563 Patres,
1214 513 1471 566 quorum,vel
1493 526 1709 566 temporum
1732 513 1868 565 injuria

130 603 156 624 „
186 572 247 612 vel
266 571 523 612 Librariorum
540 570 738 611 oscitantia
751 568 925 617 ‚mutila‚
937 580 1114 622 corrupta
1134 568 1416 621 depravataque
1435 567 1487 608 ad
1509 581 1581 608 nos
1592 566 1726 620 scripta
1738 581 1870 621 perve-

130 658 158 679 „
186 640 276 668 nere
296 650 370 658 -—-
393 627 424 667 is
445 625 603 681 quidem
624 638 720 665 unus
737 624 884 677 judicio
906 638 994 664 meo
1017 624 1053 663 S.
1082 623 1136 664 est
1160 621 1441 675 Epiphanius”.

188 681 435 735 Apollinaris
459 680 675 722 Laodiceae
696 680 736 719 in
761 678 866 732 Syria
886 689 996 719 natus
1013 678 1067 718 est
1088 676 1322 730 Episcopus,
1352 677 1503 717 Libanii
1523 688 1636 730 atque
1658 676 1870 731 Epiphanii

132 738 295 787 amicus,
324 737 430 790 cujus
448 735 828 776 Commentariorum
850 733 891 772 in
913 734 1073 773 Catenis
1093 732 1331 772 Graecorum
1352 731 1530 785 frequens
1547 732 1602 772 est
1621 733 1779 774 mentio.

146 808 149 812 ·
186 791 392 831 ‘Diodorus
411 790 627 845 Tarfinsi's,
656 790 887 841 Praeceptor
905 787 1188 841 Mopsuesteni;
1220 787 1368 827 mentio
1388 787 1469 840 ejus
1491 801 1646 841 quoque
1665 787 1709 828 fit
1728 789 1769 828 in
1793 788 1872 828 Ca-

135 848 234 890 tenis
254 846 409 901 pallini,
441 850 480 886 &
511 847 551 885 in
572 843 725 885 Codice
748 856 812 896 72.
847 842 897 883 ad
918 843 1060 883 Matth.
1088 841 1265 883 XXVII.
1295 853 1364 892 49.

190 901 412 942 Theodorus
436 898 743 954 Mopfuestenus,
772 896 853 939 ταῖς
881 896 1071 950 ’γςοιφικαῖς
1094 894 1209 949 ἅςιςοι
1226 895 1396 936 πλουτῶν
1415 894 1635 948 μαρτυρίαις,
1665 899 1757 938 teste
1767 897 1873 939 Pho-

130 958 188 999 tio
210 956 307 997 Bibl.
336 969 373 1007 4.
385 987 397 1007 ,
427 956 588 1010 plurima
605 952 770 1008 scripsit,
800 966 963 1007 quorum
983 952 1215 1008 Fragmenta
1234 952 1275 992 in
1297 951 1457 992 Catenis
1477 951 1594 994 MSS.
1623 956 1662 993 δε
1681 953 1794 995 editis
1815 967 1872 994 re-

163 1023 341 1053 criuntur.

134 1027 161 1066 p
184 1066 364 1119 Joannes
395 1063 679 1118 Chryfbstomus
699 1063 846 1111 dislus,
875 1077 973 1118 quae
991 1063 1220 1118 appellatio,
1242 1063 1388 1118 aliquot
1407 1062 1537 1104 seculis
1555 1063 1639 1118 ipso
1658 1065 1868 1111 recentior,

131 1137 153 1162 a
175 1134 349 1175 tempore
381 1119 450 1160 VI.
481 1119 629 1175 Synodi
658 1122 724 1160 ΑΟ.
755 1120 849 1160 680.
887 1119 1039 1159 habitae
1077 1119 1332 1159 communiter
1351 1119 1544 1169 innotuit,
1575 1119 1770 1173 presbyter
1799 1119 1872 1160 fuit

131 1176 387 1227 Antiochiae,
418 1175 504 1229 post
525 1175 743 1216 Patriarcha
763 1174 846 1216 CP.
874 1175 1017 1214 amicus
1036 1173 1242 1214 Theodori
1262 1173 1471 1227 Mopsuest.
1524 1173 1653 1214 Textu
1673 1175 1789 1214 etiam
1811 1174 1868 1215 N.

129 1231 181 1272 T.
210 1231 295 1272 usus
321 1231 374 1272 est
405 1230 544 1271 eodem
567 1241 681 1284 atque
702 1229 906 1284 Origenes.
948 1229 1148 1282 Frequens
1167 1231 1249 1282 ejus
1268 1228 1322 1269 est
1341 1228 1490 1268 mentio
1511 1229 1551 1268 in
1575 1229 1732 1269 Catenis
1756 1230 1870 1270 MSS.

130 1286 315 1327 Editione
342 1285 425 1326 usus
455 1285 536 1326 sum
568 1285 697 1326 Savilii
726 1285 878 1325 Etonae
896 1285 961 1323 ΑΟ.
999 1289 1120 1327 1612.
1150 1287 1189 1322 &
1213 1283 1345 1337 postea
1367 1284 1412 1323 Β.
1442 1282 1487 1322 de
1509 1283 1770 1337 Montfaucon
1800 1285 1873 1325 Pa-

130 1342 188 1382 ris
223 1343 343 1394 1718.
372 1341 565 1381 Homilias
587 1340 628 1380 in
651 1339 898 1380 Matthaeum
916 1352 963 1379 ex
984 1338 1138 1379 Codice
1157 1338 1404 1379 vetustissimo
1426 1337 1490 1378 sed
1502 1337 1627 1379 lacero
1639 1338 1872 1380 Academiae

130 1397 250 1451 Juliae
272 1410 359 1438 cum
379 1395 509 1437 Textu
531 1394 724 1435 Matthaei
744 1394 899 1448 vulgato
919 1393 1084 1434 contulit
1096 1420 1108 1439 ‚
1136 1405 1252 1446 atque
1271 1393 1321 1436 V.
1349 1393 1392 1433 L.
1422 1392 1546 1434 edidit
1566 1392 1615 1446 J.
1645 1392 1871 1434 Saubertus.

189 1451 328 1499 Titus,
358 1450 579 1503 Bostrorum
600 1450 640 1490 in
666 1449 806 1489 Arabia
828 1448 1060 1502 Episcopus,
1088 1448 1232 1502 scripfit
1252 1459 1386 1488 contra
1406 1447 1683 1499 Manichaeos,
1714 1463 1736 1488 a
1767 1449 1872 1490 Pho-

130 1508 187 1547 tio
219 1507 315 1548 Bibl.
349 1507 414 1554 85.
442 1506 598 1550 citatus,
629 1507 667 1544 &
695 1504 737 1544 in
768 1503 927 1544 Canifio
958 1504 1138 1557 Basnagii
1167 1502 1310 1543 editus:
1339 1502 1482 1556 scripsit
1502 1503 1594 1542 item
1613 1504 1654 1543 in
1675 1503 1801 1544 Lucae
1821 1505 1873 1544 E-

131 1562 350 1616 vangelium
376 1559 710 1609 Commentarios,
740 1559 807 1613 qui
829 1559 870 1598 in
891 1559 1036 1598 catenis
1054 1558 1168 1599 MSS.
1197 1571 1285 1599 cum
1307 1558 1468 1600 aliorum
1484 1558 1641 1599 Patrum
1655 1559 1873 1600 Commen-

131 1618 236 1658 tariis
253 1615 423 1671 permisti
444 1619 484 1656 &
506 1630 528 1656 a
548 1614 705 1655 Poffino
727 1614 882 1654 Romae
899 1615 966 1654 ΑΟ.
1001 1616 1121 1666 1673.
1151 1612 1247 1653 editi
1269 1612 1365 1654 sunt.

187 1671 498 1724 Polychronius,
528 1669 641 1710 frater
669 1667 877 1710 Theodori
903 1667 1166 1723 Mopsuesteni
1185 1698 1199 1719 ,
1241 1667 1385 1722 scripfit
1413 1669 1455 1709 in
1483 1669 1711 1720 Proverbia,
1739 1669 1871 1711 Eccle-

134 1727 281 1769 fiastem
301 1730 341 1765 &
361 1726 582 1766 Canticum.

186 1780 438 1830 Timotheus,
467 1777 739 1821 Alexandriae
762 1776 998 1834 Epifiopus,
1028 1779 1135 1833 cujus
1154 1778 1340 1820 Canones
1360 1778 1483 1821 edidit
1508 1779 1777 1835 Beveredgius.

188 1833 580 1890 Pfi’udo-‘Dionystus
606 1833 851 1888 Areopagita
870 1835 912 1874 in
936 1834 1014 1874 hoc
1039 1834 1165 1875 seculo
1185 1834 1344 1875 collatur
1365 1850 1388 1874 a
1411 1835 1626 1875 Pearsonio.
1682 1836 1765 1889 Qui
1786 1849 1874 1878 cum

131 1892 349 1946 frequenter
369 1905 391 1930 a
411 1888 621 1930 Monachis
640 1888 932 1939 describeretur,
962 1892 1003 1928 &
1022 1889 1323 1929 Commentariis
1340 1889 1611 1942 explicaretur,
1625 1890 1715 1930 inde
1727 1890 1869 1932 fastum

131 1948 329 1992 existimo,
358 1956 400 1985 ut
422 1958 502 1984 non
522 1942 775 1996 repraesentet
803 1954 950 1984 textum
972 1942 1029 1983 N.
1057 1943 1132 1993 T.,
1162 1943 1282 1997 qualis
1300 1943 1372 1984 fuit
1391 1943 1514 1983 seculo
1535 1944 1605 1985 IV.
1620 1976 1631 1994 ,
1661 1945 1724 1985 sed
1747 1947 1869 2000 qualis

132 2002 205 2044 fuit
222 2001 457 2043 librariorum
478 2010 543 2040 aut
564 1996 857 2039 Scholiastarum
879 1997 1125 2052 temporibus,
1153 1997 1292 2040 Editus
1309 1998 1363 2040 est
1383 1997 1600 2040 Florentiae
1621 2001 1687 2040 ΛΟ.
1723 2014 1738 2040 1
1752 2005 1844 2053 516.

679 2083 1188 2126 SECULO
1273 2082 1324 2125 V.

188 2164 219 2206 S
208 2162 358 2219 ynefius
380 2159 591 2218 Episcopus
607 2157 877 2210 ptolemaidis,
906 2158 1051 2214 Libyae
1070 2158 1328 2215 Cyrenaicae,
1358 2174 1406 2202 ex
1426 2159 1598 2202 editione
1618 2161 1790 2203 Turnebi
1801 2164 1875 2205 Pa-

133 2220 192 2261 ris.
226 2226 344 2260 1612.

191 2274 385 2323 Pmclus,
414 2272 682 2328 Chrysostomi
704 2270 966 2322 amanuenfis,
995 2270 1139 2325 scripsit
1156 2271 1278 2312 varias
1299 2271 1514 2323 Homilias,
1545 2286 1642 2327 quae
1662 2272 1799 2315 Latine
1809 2288 1874 2315 ex-

137 2342 221 2372 tant
243 2330 283 2369 in
304 2328 542 2370 Bibliotheca
562 2328 729 2368 Patrum.
1833 2324 1837 2328 ⁷

193 2384 477 2430 Theodoram,
507 2382 722 2436 Discipulus
747 2379 954 2422 Theodori
984 2381 1248 2435 Mopsuesteni
1279 2385 1319 2421 &
1338 2381 1626 2437 Chrysostomi,
1657 2383 1870 2437 Episcopus

136 2440 235 2536 {Dyri
266 2440 307 2480 in
334 2439 440 2495 Syria
449 2446 462 2490 ‚¹
489 2452 537 2479 ex
566 2437 739 2479 editione
767 2435 963 2478 Sirmondi
985 2436 1097 2478 Paris
1135 2440 1255 2489 1642.
1284 2437 1420 2478 collata
1442 2452 1529 2479 cum
1551 2438 1664 2479 MSS.
1693 2439 1873 2480 Bafilien-

155 2496 247 2536 ibus.
884 2499 888 2502 ”

190 2548 364 2600 Cyrillus
391 2546 720 2598 Alexandrinus,
750 2546 801 2588 de
829 2561 908 2602 quo
929 2546 981 2588 ita
1001 2547 1150 2589 Millius
1176 2575 1203 2599 ,‚
1215 2558 1424 2602 quantum,
1453 2548 1598 2602 inquit,
1629 2563 1675 2589 ex
1697 2549 1790 2589 locis
1814 2549 1870 2590 N.

136 2631 164 2656 ‚,
193 2605 244 2645 T.
276 2618 344 2658 per
362 2618 479 2658 opera
496 2604 577 2657 ejus
595 2603 726 2658 sparfis
745 2602 981 2657 colligimus,
1009 2603 1200 2657 exemplar
1220 2604 1352 2644 naetus
1372 2603 1426 2644 est
1446 2615 1563 2644 notae
1584 2605 1811 2658 probatioris
1832 2608 1873 2644 δε

137 2690 165 2711 „
194 2658 405 2700 admodum
434 2658 703 2704 emendatum,
732 2657 858 2712 qualia
893 2656 996 2698 haud
1009 2672 1128 2711 pauca
1151 2658 1286 2699 Seculo
1309 2658 1378 2698 lII.
1408 2659 1449 2698 in
1467 2657 1573 2698 usum
1597 2659 1807 2699 Praesulum
1831 2662 1871 2697 ὃς

137 2746 164 2766 „
194 2714 411 2755 Dostorum
438 2728 460 2754 a
498 2713 624 2754 scribis
644 2712 912 2754 Alexandrinis
931 2724 1080 2753 exarata
1104 2712 1212 2754 fuisse
1234 2713 1342 2766 supra
1363 2713 1622 2753 notavimus”.
1679 2714 1771 2753 Hoc
1794 2714 1871 2762 est,

138 2781 180 2811 ut
209 2769 323 2810 verba
357 2767 441 2808 Viri
461 2768 525 2809 Cl.
554 2770 866 2821 interpretamur,
897 2767 1040 2809 secutus
1064 2768 1117 2808 est
1140 2767 1352 2809 editionem
1373 2768 1556 2820 Origenis
1577 2779 1690 2821 atque
1709 2768 1870 2808 Eusebii.

137 2824 242 2865 Edit.
271 2822 418 2864 Parisiis
449 2823 568 2876 1638.
596 2837 694 2877 quae
722 2835 850 2863 tamen
875 2836 956 2863 non
987 2823 1126 2876 ubique
1156 2822 1205 2863 ad
1227 2822 1344 2863 fidem
1368 2822 1482 2862 MSS.
1515 2835 1640 2862 curata
1661 2823 1737 2871 est,
1768 2835 1807 2863 ut
1824 2837 1870 2862 ex

137 2879 302 2920 Scholiis
329 2878 444 2918 MSS.
473 2881 513 2917 &
544 2877 629 2918 MS.
661 2877 850 2918 Basilienfi
882 2877 1170 2932 Glaphyrorum
1202 2881 1242 2917 &
1263 2877 1313 2918 de
1333 2876 1425 2918 XII.
1453 2877 1792 2917 Anathemati'smis
1814 2878 1867 2917 vi-

141 2933 278 2975 dimus.
310 2933 410 2973 Non
429 2938 514 2972 raro
534 2933 649 2973 etiam
669 2933 835 2986 sequitur
854 2932 1057 2974 Leffiones
1079 2932 1266 2974 Ecclesiae
1286 2933 1443 2972 Latinae

198 2987 451 3040 Theophilus,
481 2987 741 3041 praedecessor
763 2987 900 3042 Cyrilli
922 2988 961 3026 in
983 2988 1215 3042 Episcopatu
1240 2986 1524 3031 Alexandrinoj
1555 2986 1699 3040 scripsit
1720 2986 1872 3041 Episto-

137 3043 192 3084 las
213 3042 408 3083 Paschales
427 3054 561 3082 contra
583 3042 841 3096 Origenistas,
871 3042 1117 3097 Hieronymo
1140 3044 1346 3096 interprete
1367 3042 1503 3082 Latine
1523 3042 1654 3082 editas.

193 3097 381 3140 Eutherii
399 3097 622 3138 Nestoriani
643 3096 826 3151 Episcopi
841 3096 1055 3149 Tyanensis
1078 3097 1263 3139 secundae
1282 3096 1556 3151 Cappadociea
1582 3097 1696 3138 libelli
1722 3098 1785 3138 18.
1814 3099 1868 3137 in-

140 3164 196 3195 ter
217 3151 415 3196 Athanasii
434 3151 576 3206 Opera.

1703 3205 1871 3258 Isidorus
