1976 3519
134 243 193 285 94
494 207 1496 266 PROLEGOMENA.

140 321 180 359 in
198 324 443 357 communem
462 307 649 350 invidiam
668 319 828 355 vocem,
858 317 947 345 nam
967 304 1025 343 vir
1043 301 1104 341 ille
1121 300 1201 353 jam
1233 295 1381 351 pridem
1415 294 1535 348 gloria
1567 291 1752 345 superavit
1781 290 1878 331 invi-

140 374 245 413 diam
256 391 267 415 ;
299 368 363 409 sed
382 378 425 406 ut
446 365 571 419 palam
589 362 725 403 faciam
738 388 749 406 ,
778 373 893 413 quam
915 359 1045 411 inique
1064 356 1203 395 faciant
1222 351 1414 406 quidam,⁴
1433 350 1497 403 qui
1519 348 1625 401 quod
1643 347 1721 400 jam
1740 346 1804 387 diu
1822 345 1877 386 cst

144 443 165 468 a
186 425 312 466 multis
333 422 567 469 factitatum,
595 419 688 458 citra
709 415 955 463 calumniam,
978 414 1018 452 in
1039 424 1102 451 me
1119 408 1219 450 velut
1242 406 1404 447 subitum
1419 419 1462 444 ac
1483 416 1628 443 novum
1649 402 1879 441 calumnian-

146 495 224 531 tur,
251 483 322 519 &c.
351 476 495 518 Roffae
515 473 613 528 prid.
634 471 720 513 Cal.
740 470 842 522 Sept.
868 482 883 508 1
898 472 986 517 516.
1162 511 1168 517 ,

201 535 306 576 Item
336 531 390 572 ad
411 531 635 570 Martinam
668 523 868 579 Lypfium:
900 521 1017 576 Quod
1038 520 1062 561 fi
1082 519 1209 560 noster
1226 515 1381 561 censor,
1412 514 1557 568 inquit,
1587 510 1681 551 nihil
1718 510 1881 550 omnino

148 591 230 632 vult
252 588 337 639 edi,
367 584 473 641 quod
497 582 662 623 dissonet
680 596 701 621 a
721 579 874 632 vulgata
894 578 1097 625 Lestione,
1127 587 1206 614 non
1233 572 1305 612 erit
1336 571 1392 611 fas
1411 569 1575 610 Novum
1593 567 1882 607 Testamentum

153 648 322 693 Graece,
352 655 394 683 ut
414 656 435 680 a
457 639 616 679 Graecis
634 636 791 690 legitur,
820 633 955 682 edere,
983 631 1053 671 nisi
1079 630 1181 684 prius
1209 626 1259 667 ad
1287 625 1387 665 hanc
1405 624 1615 664 editionem
1636 621 1880 673 castigatum,

152 715 201 741 ne
220 700 305 754 quis
326 697 425 738 forte
445 691 709 747 deprehendat
728 688 922 729 Lectionis
941 685 1223 727 dissonantiam.
1254 681 1356 734 Qus
1376 691 1500 720 autem
1523 677 1621 717 adeo
1641 676 1798 716 demens
1820 673 1885 723 sit,

152 769 194 797 ut
223 754 345 795 isthuc
373 752 502 792 dicat?
527 747 616 802 Jam
645 759 736 786 vero
761 742 948 784 abolenda
967 742 1021 782 est
1040 738 1133 780 Divi
1153 735 1345 778 Ambrosii
1366 735 1425 774 vel
1447 732 1643 774 translatio
1670 731 1727 770 vel
1752 728 1888 769 Leffio

154 812 195 852 in
227 807 406 863 Epistolis
434 804 565 853 Pauli,
594 815 690 855 quae
719 798 921 852 plurimum
940 797 986 837 ab
1007 796 1078 835 hac
1101 792 1227 833 nostra
1257 790 1432 830 dissonat.
1464 785 1666 828 Abolenda
1688 790 1725 825 ὃ(
1747 784 1888 824 Hiero·

156 866 263 920 nymi
281 894 293 914 ‚
336 875 432 916 quae
466 872 545 898 non
574 856 704 910 paucis
734 853 828 894 locis
855 852 902 893 ab
922 852 994 892 hac
1012 848 1190 890 dissentit.
1246 845 1425 898 Denique
1446 843 1662 882 nostrorum
1692 839 1888 879 Codicum

155 920 327 975 plerique
354 917 437 957 sunt
470 910 674 960 abolendi,
703 907 810 962 quod
843 908 939 948 inter
960 905 997 946 se
1019 904 1097 945 fere
1118 900 1348 943 dissentiant.
1402 899 1452 939 Et
1474 897 1585 945 vide,
1613 908 1729 949 quam
1749 894 1795 934 ab
1818 892 1890 932 isto

157 973 350 1015 dissentiat
380 968 635 1023 Augustinus,
664 977 780 1018 quem
801 963 832 1003 is
866 962 933 1002 sibi
955 959 1105 1001 videtur
1126 957 1224 997 solus
1242 953 1382 1008 legisse.
1435 951 1544 993 Nam
1566 951 1626 990 ille
1646 949 1820 997 testatur,
1853 946 1890 987 se

159 1030 333 1083 adjutum
355 1026 471 1066 etiam
490 1020 808 1074 exemplariorum
830 1017 1029 1065 varietate,
1057 1013 1174 1062 dum,
1196 1010 1303 1066 quod
1322 1009 1415 1049 alius
1435 1006 1627 1047 obscurius
1646 1005 1780 1053 vertit,
1799 1002 1892 1042 alius

162 1081 350 1125 transtulit
370 1077 629 1133 explanatius,
659 1085 701 1115 ut
723 1087 805 1113 non
826 1072 958 1113 omnia
979 1069 1173 1124 possumus
1191 1079 1337 1106 omnes.
1391 1062 1472 1103 Hic
1491 1062 1617 1102 adium
1634 1071 1740 1113 putat
1751 1058 1799 1098 de
1812 1056 1890 1098 fide

162 1141 367 1181 Sacrorum
394 1132 666 1175 Voluminum,
696 1128 724 1169 fi
744 1127 846 1168 varia
867 1127 1001 1168 Leffio
1024 1123 1247 1179 proferatur.
1303 1120 1355 1160 Et
1375 1117 1518 1159 mavult
1537 1115 1595 1157 vel
1617 1111 1888 1155 manifestarias

164 1192 324 1235 mendas
342 1192 381 1231 in
397 1189 500 1230 libris
521 1186 642 1227 Sacris
662 1183 846 1237 relinqui,
874 1195 990 1236 quam
1009 1177 1160 1220 offendi
1176 1175 1274 1217 duos
1291 1185 1356 1216 aut
1375 1173 1464 1214 treis
1483 1173 1635 1225 ineptos
1653 1184 1697 1209 ac
1722 1166 1896 1208 morosos

163 1247 361 1291 seniculos.
419 1246 474 1285 At
493 1241 589 1283 nihil
611 1239 792 1281 deterruit
811 1238 858 1278 ab
876 1238 953 1278 hoc
974 1234 1100 1276 studio
1119 1233 1404 1286 Hieronymum
1416 1255 1427 1273 ,
1456 1226 1563 1281 quod
1582 1226 1634 1266 ob
1645 1223 1818 1265 voculam
1831 1236 1896 1262 ne-

165 1305 244 1346 scio
273 1316 391 1356 quam
423 1309 606 1339 mutatam
622 1296 662 1335 in
684 1293 880 1347 Propheta
894 1292 998 1346 J0na
1017 1301 1120 1330 totus
1140 1286 1260 1329 ferme
1279 1283 1443 1339 populus
1462 1281 1659 1322 desciverit
1678 1295 1699 1319 a
1718 1279 1784 1319 suo
1805 1277 1898 1332 Epi-

168 1361 305 1413 scopo,
337 1355 512 1408 ridetque
530 1349 798 1392 cucurbitarios
817 1348 902 1388 illos
924 1347 1053 1395 Deos,
1085 1356 1183 1397 quos
1211 1340 1356 1382 tantula
1373 1351 1432 1379 res
1451 1335 1726 1380 commoverit·,
1753 1331 1899 1374 etiamsi

167 1412 402 1469 Augustinus
431 1409 530 1449 hanc
561 1405 724 1446 fabulam
745 1418 814 1444 ceu
836 1402 967 1444 seriam
986 1398 1170 1453 scripserit
1190 1397 1446 1449 Hieronymo.
1502 1393 1589 1447 Age
1609 1389 1667 1431 vel
1690 1387 1785 1429 illud
1803 1387 1900 1427 mihi

170 1466 398 1522 respondeat
428 1464 575 1504 severus
600 1460 668 1501 iste
694 1462 886 1508 monitor,
913 1467 1038 1497 utrum
1072 1451 1287 1507 optandum
1305 1450 1360 1491 est
1378 1446 1565 1489 Ecclesiae
1584 1445 1681 1495 Dei,
1711 1457 1752 1485 ut
1778 1443 1902 1483 sacrae

168 1525 387 1578 Scripturae
407 1520 523 1560 libros
544 1516 682 1557 habeat
701 1527 816 1568 quam
834 1507 1155 1552 emendatissimos
1175 1520 1223 1546 an
1244 1507 1351 1545 non?
1380 1503 1420 1544 Si
1438 1501 1576 1555 fatetur
1590 1499 1827 1554 optandum,
1849 1510 1904 1538 re-

172 1578 441 1635 spondeat‚an
462 1573 645 1621 fateatur,
663 1567 838 1624 quotidie
857 1567 978 1608 varias
1003 1562 1162 1605 mendas
1174 1562 1213 1601 in
1233 1573 1300 1602 eos
1317 1556 1540 1607 invehi,vel
1551 1554 1696 1596 inscitia
1706 1554 1906 1608 castigato-

173 1648 281 1685 rum,
311 1632 373 1673 vel
408 1627 640 1684 negligentia
658 1624 898 1665 Scribarum?
927 1619 1051 1673 Qlod
1073 1618 1101 1659 fi
1121 1630 1203 1658 non
1223 1614 1347 1670 potest
1370 1611 1553 1662 inficiari,
1580 1625 1645 1651 cur
1665 1624 1746 1650 non
1764 1607 1909 1662 ample-

174 1691 290 1732 {titur
320 1687 396 1727 hoc
426 1697 554 1725 meum
583 1679 770 1729 studium,
797 1675 906 1731 quod
934 1674 1111 1716 omnium
1144 1671 1309 1711 maxime
1327 1667 1377 1709 ad
1392 1681 1476 1708 eam
1497 1679 1577 1707 rem
1597 1664 1802 1712 conducit,
1833 1662 1909 1703 sive

176 1758 219 1787 ut
251 1739 502 1785 emendentur
532 1735 761 1789 depravata,
791 1732 867 1772 five
895 1744 945 1771 ne
972 1728 1228 1782 depraventur
1259 1737 1358 1778 quae
1385 1722 1487 1763 resta
1509 1720 1620 1761 sunt?
1650 1717 1911 1772 Qandoqui-

175 1800 269 1842 dem
293 1796 423 1853 negari
443 1806 524 1835 non
546 1789 694 1846 potest,
722 1787 797 1830 esse
818 1783 1007 1842 quaedam
1027 1784 1069 1824 in
1090 1780 1249 1828 nostris,
1279 1780 1360 1820 imo
1378 1778 1420 1819 in
1440 1775 1619 1819 omnibus
1639 1773 1716 1817 fere
1727 1773 1910 1828 deprava-

177 1867 217 1897 ta
239 1850 464 1895 Codicibus.
1554 1829 1558 1839 '

237 1913 304 1961 46.
333 1906 467 1960 Negat
488 1900 694 1944 Ecclesiam
712 1913 835 1941 errare
853 1895 970 1951 posse.
997 1893 1251 1936 Continuone
1267 1900 1365 1933 errat
1386 1887 1576 1938 Ecclefia,
1604 1885 1632 1927 fi
1661 1898 1746 1928 tuus
1768 1881 1911 1924 Codex

180 1966 411 2019 depravatus
430 1960 511 2001 est?
539 1961 578 1998 8<
600 1968 728 1998 tamen
746 1952 937 2008 quaedam
957 1950 1137 1991 accedere
1156 1946 1311 2002 possunt
1331 1944 1540 1993 Ecclefiae,
1568 1955 1665 1997 quae
1676 1939 1838 1981 antehac
1849 1952 1916 1979 ne-

182 2020 329 2067 scierit3
357 2028 482 2070 neque
509 2026 581 2053 nos
610 2010 842 2052 affirmamus
861 2008 901 2047 in
922 2005 994 2046 hac
1013 2004 1087 2046 este
1107 2002 1354 2044 translatione
1374 1998 1482 2054 quod
1504 1997 1622 2039 fidem
1643 1996 1831 2037 subvertat
1852 2007 1918 2033 or·

187 2074 428 2121 thodoxam‚
455 2068 531 2110 esse
559 2079 688 2108 tamen
714 2063 823 2119 quod
843 2074 983 2117 operae
1003 2059 1166 2115 pretium
1188 2057 1234 2099 fit
1253 2053 1499 2097 admonuisse.
1554 2064 1619 2105 47.
1648 2049 1837 2093 Scandalo
1855 2061 1917 2096 es,

184 2130 331 2185 inquit,
359 2125 465 2176 orbi,
495 2122 589 2164 dum
619 2133 739 2162 novas
765 2129 927 2172 recepta.
982 2115 1070 2156 Imo
1097 2112 1254 2154 maximi
1285 2114 1325 2151 δε
1343 2109 1483 2165 optimi
1503 2108 1645 2164 quique
1664 2105 1760 2146 mihi
1781 2105 1920 2158 gratias

187 2196 330 2242 agunt,
359 2186 398 2222 &
424 2179 491 2234 qui
520 2178 624 2232 prius
650 2174 909 2218 oblatrabant,
938 2184 1055 2226 opere
1075 2169 1177 2210 letto
1198 2165 1376 2208 desinunt
1392 2164 1602 2213 oblatrare,
1631 2161 1696 2202 sed
1716 2158 1923 2201 offendunt

188 2241 301 2297 pauci
323 2233 573 2292 superciliosi,
602 2233 668 2286 qui
688 2230 826 2270 nolunt
844 2228 1049 2283 quicquam
1070 2222 1193 2266 videri
1212 2219 1376 2263 nescisse.
1406 2220 1475 2271 48.
1505 2219 1568 2260 Ut
1589 2217 1744 2264 demus,
1772 2214 1922 2268 inquit,

189 2295 307 2338 inesse
333 2304 501 2336 errores,
529 2301 610 2329 non
640 2285 844 2340 oportebat
873 2283 913 2325 in
943 2281 1079 2336 vulgus
1097 2277 1278 2333 proferre.
1335 2275 1423 2316 Imo
1442 2274 1604 2315 maxime
1622 2273 1662 2312 in
1684 2270 1817 2326 vulgus
1832 2268 1926 2310 effe-

192 2349 355 2394 rendum
385 2346 461 2396 est,
489 2342 598 2399 quod
617 2351 772 2396 oportet
793 2339 841 2380 ab
859 2337 1038 2379 omnibus
1056 2334 1148 2375 sciri.
1204 2344 1273 2385 49.
1302 2330 1402 2372 Non
1424 2329 1572 2384 potest,
1602 2326 1748 2381 inquit,
1779 2324 1927 2379 privata

192 2404 356 2463 persona
385 2415 465 2443 non
495 2398 706 2449 autorizata
736 2407 880 2436 novam
909 2390 1197 2433 translationem
1217 2386 1379 2436 cudere,
1407 2396 1576 2427 veterem
1595 2382 1793 2437 corrigere.
1848 2379 1930 2419 Pri-

195 2474 303 2503 mum
320 2459 461 2513 opinor
481 2458 520 2495 ὅ(
543 2452 638 2493 mihi
657 2451 789 2499 licere,
820 2448 848 2490 fi
869 2445 963 2502 quid
988 2447 1029 2487 in
1047 2445 1169 2486 Sacris
1190 2442 1307 2484 literis
1323 2439 1493 2496 profeci,
1521 2439 1562 2479 in
1582 2436 1752 2478 medium
1771 2434 1930 2483 afferre,

197 2516 445 2572 posteaquam
475 2511 516 2551 in
544 2507 839 2562 Theologorum
867 2501 1045 2543 ordinem
1066 2500 1145 2541 sum
1164 2508 1379 2552 cooptatus.
1433 2492 1588 2536 Deinde
1609 2506 1680 2533 nec
1701 2503 1843 2532 novam
1868 2503 1930 2529 cu-

197 2572 277 2621 do,
306 2569 370 2609 sed
401 2568 553 2608 Graeca
572 2573 704 2613 verto,
734 2564 774 2601 &
795 2570 904 2602 vetus
924 2555 1046 2599 editio
1065 2554 1242 2596 omnibus
1253 2563 1319 2604 ,ut
1337 2561 1519 2604 erat‚per
1535 2562 1598 2590 me
1616 2559 1756 2588 manet.
1785 2543 1933 2585 Postre-

200 2641 270 2669 mo
307 2635 348 2665 ut
379 2621 480 2663 nulla
511 2620 578 2660 fim
598 2617 799 2658 autoritate
818 2611 1034 2669 praeditus,
1062 2624 1150 2652 cum
1169 2607 1336 2649 indoffis
1354 2606 1465 2647 liceat
1485 2603 1608 2644 sacros
1627 2603 1743 2643 libros
1762 2612 1932 2640 corrum-

202 2695 294 2737 pere
306 2711 318 2731 ,
348 2677 445 2719 mihi
463 2689 544 2716 non
563 2673 690 2714 licebit
708 2668 912 2712 emendare
931 2666 1002 2708 nisi
1024 2663 1186 2722 Synodo
1204 2663 1445 2704 convocata?
1472 2658 1538 2701 sed
1556 2657 1610 2700 fin
1639 2668 1677 2698 at
1697 2669 1759 2696 me
1779 2654 1936 2708 Episco-

205 2750 300 2792 pum
319 2745 383 2775 aut
405 2729 652 2773 Cardinalem
672 2727 767 2777 esse,
794 2723 892 2780 'quid
913 2723 991 2764 hoc
1010 2721 1060 2762 ad
1080 2719 1253 2775 praesens
1270 2716 1491 2772 negotium,
1520 2727 1600 2767 quo
1647 2724 1728 2752 non
1750 2709 1861 2750 mitra
1872 2719 1938 2749 aut

205 2795 338 2847 galero
362 2786 428 2829 sed
455 2786 671 2840 linguarum
698 2782 832 2836 peritia
862 2778 1037 2820 constat?
1081 2788 1145 2827 50.
1171 2773 1282 2826 Quin
1309 2769 1462 2812 &illud
1483 2766 1707 2816 ridiculum,
1734 2763 1842 2819 quod
1861 2764 1937 2814 ait,

209 2860 278 2901 per
305 2845 406 2886 hanc
434 2839 721 2882 translationem
738 2835 938 2877 convi&os
957 2832 1243 2886 Hieronymum
1264 2827 1353 2869 Hus
1371 2828 1412 2866 δε
1432 2821 1601 2869 Wiclef,
1629 2833 1716 2862 cum
1738 2820 1831 2860 alter
1849 2832 1940 2859 exu-

211 2902 289 2943 stus
315 2899 449 2947 fuerit,
478 2908 558 2935 non
589 2893 774 2942 revistus,
801 2889 953 2932 alterius
973 2887 1059 2928 libri
1077 2899 1158 2926 non
1188 2882 1257 2924 nisi
1281 2880 1367 2937 post
1385 2889 1549 2921 mortem
1567 2875 1757 2917 damnati:
1785 2872 1894 2928 quod
1911 2871 1939 2913 si

211 2955 378 2997 maxime
398 2964 531 2994 verum
550 2948 664 2998 esset,
693 2960 775 2988 non
794 2944 920 2986 licebit
938 2943 1054 2997 igitur
1071 2955 1094 2983 e
1109 2940 1231 2982 Sacris
1252 2938 1373 2987 libris,
1404 2934 1432 2975 fi
1453 2931 1549 2989 quid
1572 2925 1714 2973 erroris
1727 2928 1937 2983 irrepserit,

213 3010 374 3052 tollere?
414 3020 475 3055 51.
505 3004 545 3045 Si
573 3002 669 3058 quid
695 3001 832 3043 erroris
859 2999 935 3049 est,
964 2997 1113 3051 inquit,
1141 2992 1349 3036 secundum
1367 2990 1522 3031 Patrum
1540 2987 1696 3041 antiqua
1725 2983 1942 3026 testimonia

214 3064 338 3106 fuerat
358 3057 653 3104 emendandum.
708 3055 831 3110 Atqui
852 3053 913 3104 id,
934 3052 1043 3107 quod
1064 3060 1221 3097 monet,
1244 3047 1405 3088 maxime
1423 3043 1567 3085 fastum
1584 3041 1639 3083 est
1660 3056 1681 3082 a
1701 3054 1784 3081 me:
1813 3050 1944 3080 verum

216 3119 296 3163 hoc
323 3117 438 3162 istum
465 3114 588 3170 fugit,
616 3112 706 3168 quia
736 3111 872 3153 librum
893 3121 974 3150 non
997 3104 1170 3161 inspexit.
1229 3114 1292 3157 52.
1321 3101 1468 3155 Lepta,
1493 3097 1642 3153 inquit,
1669 3092 1867 3139 Sacerdoti
1886 3093 1946 3187 idn·

477 3185 480 3186 γ
1920 3160 1950 3187 ¹·
