1976 3519
482 198 1478 244 PROLEGOMENA.
1762 203 1837 242 181

96 301 229 334 contra
257 300 425 331 mentem
455 303 578 330 meam
601 319 612 338 ,
641 288 694 327 illi
724 286 830 339 cujus
863 297 1008 324 nomen
1038 284 1253 333 antecedit,
1282 286 1422 326 tribuit.
1477 286 1592 341 Pejus
1619 284 1696 338 est,
1727 289 1837 342 quod

95 348 145 388 ad
190 360 222 387 Ι.
245 345 345 387 Tim.
387 345 455 385 III.
498 348 559 383 16.
599 343 724 383 scribit
779 368 805 388 ‚‚
836 340 1062 381 Leffionem
1087 332 1159 380 “Os
1187 341 1375 392 approbat
1399 351 1509 382 autor
1538 341 1837 396 Prolegomeno-

95 430 122 450 2,
151 416 233 442 rum
254 401 303 441 ad
325 415 467 441 novam
486 399 598 440 Novi
625 396 863 438 Testamenti
891 393 1102 434 editionem
1112 397 1146 434 ''.
1204 398 1306 434 Cum
1327 407 1455 435 tamen
1477 411 1547 437 nec
1568 397 1634 437 illo
1654 398 1742 438 loco
1764 413 1836 440 nec

95 457 183 497 alibi
215 457 314 496 illam
348 456 572 496 Lefflonem
600 451 901 506 approbaverim.
942 450 994 490 Et
1032 449 1082 488 ad
1110 448 1246 501 Judae
1276 461 1313 501 7.
1367 480 1393 499 ‚‚
1424 449 1514 491 Vox
1533 483 1544 501 ‚
1573 453 1698 506 inquit
1716 485 1728 502 ‚
1755 451 1835 497 θεὸς

94 542 120 563 ,,
150 527 170 551 a
193 511 383 552 nonnullis
402 509 595 550 codicibus
613 508 724 547 abest.
772 505 849 546 Alii
870 505 998 558 itaque
1017 518 1101 544 eam
1122 505 1184 557 pia
1205 504 1338 545 fraude
1359 504 1529 545 additam
1549 508 1835 550 existimant.---

94 594 119 617 a,
149 567 239 606 Illos
260 566 423 620 sequitur
446 566 571 604 Autor
593 563 955 616 prolegomenorum
975 559 1025 600 ad
1046 571 1257 600 accuratam
1288 560 1401 601 Novi
1422 560 1660 602 Testamenti
1694 564 1833 605 editio-

92 652 119 670 „
150 636 236 662 nem
268 635 303 674 p.
340 633 430 668 190.
459 641 522 649 --—-
550 617 726 658 Mediam
745 615 968 655 sententiam
988 613 1199 654 orthodoxi
1225 626 1378 656 tuentur
1389 617 1422 655 '‘.
1476 616 1581 657 Cum
1604 628 1733 658 tamen
1764 619 1832 660 illo

93 677 180 717 loco
200 690 279 716 non
299 686 431 715 contra
447 686 583 713 vocem
603 671 701 722 θεὸς,
731 682 795 712 aut
815 681 948 710 contra
968 669 1179 710 editionem
1204 682 1418 723 receptam,
1448 669 1512 710 sed
1532 683 1666 712 contra
1693 672 1832 713 editio-

95 734 157 771 nis
190 727 463 782 Complutmffs
492 728 694 768 leffionem
723 726 852 766 invitis
881 725 1059 765 omnibus
1092 724 1288 766 codicibus
1319 725 1515 765 admistam
1548 726 1830 780 disputaverim.

94 786 204 825 Haec
224 786 306 825 viro
333 784 483 836 optimo
502 782 679 823 excidisse
708 781 850 821 nollem
872 781 881 819 ἔ
912 783 953 819 &
979 779 1195 820 correxisset
1228 781 1304 822 fine
1328 780 1470 831 dubio,
1500 782 1703 836 postquam
1724 797 1746 823 a
1769 796 1831 824 me

91 840 162 881 fuit
189 839 376 889 monitus,
406 838 474 878 nifi
499 849 621 878 morte
642 836 766 878 fuisset
783 845 1019 890 praeventus.

142 950 209 990 DE
251 949 435 988 CLARIS
475 948 857 988 INTERPRETIBUS
902 957 1203 996 MAGNAEQJE
1246 958 1574 986 AUTomTATls
1623 959 1774 987 INTER

220 1005 592 1044 PRorEsTANTEs
625 1014 776 1052 viius,
809 1013 864 1040 ET
896 1014 1009 1051 qun>
1040 1013 1141 1040 ILLI
1173 1014 1227 1039 DE
1262 1000 1311 1041 V.
1340 1002 1385 1043 L.
1416 1014 1697 1042 SENSERINT.

98 1143 99 1146 =
180 1114 339 1155 Rimum
361 1112 535 1167 produco
555 1112 782 1154 Martinam
805 1110 1053 1161 Luffiemm,
1084 1110 1368 1152 celeberrimum
1400 1111 1611 1153 Bibliorum
1640 1113 1829 1169 Interpre-

93 1114 174 1222 Ρ
207 1181 305 1216 tem;
337 1169 441 1221 cujus
468 1168 691 1208 Editionem
722 1166 779 1207 N.
809 1167 860 1207 T.
890 1167 954 1206 hic
983 1166 1181 1216 recenseo,
1212 1180 1293 1206 non
1327 1166 1430 1220 quasi
1464 1182 1551 1207 vera
1582 1169 1716 1211 Lestio
1736 1171 1828 1212 inde

92 1225 152 1265 vel
169 1225 247 1265 erui
268 1223 325 1264 vel
349 1223 566 1263 confirmari
586 1221 720 1275 possit,
752 1221 816 1262 sed
841 1221 889 1261 ad
909 1221 1140 1262 molliendos
1166 1222 1408 1276 quorundam
1440 1223 1607 1274 animos,
1636 1227 1703 1279 qui
1734 1226 1828 1267 dum

92 1279 128 1319 se
149 1279 269 1319 hodie
293 1292 363 1332 pro
379 1276 516 1328 γνησίοις
544 1277 658 1332 ipsius
678 1276 869 1330 discipulis
889 1276 1112 1326 venditant,
1141 1277 1187 1316 ab
1207 1276 1326 1330 ipsius*
1342 1277 1473 1316 animo
1504 1290 1631 1318 tamen
1659 1281 1828 1336 longiffi-

93 1348 154 1375 me
184 1333 386 1382 recedunt,
417 1334 561 1387 quippe
590 1333 663 1386 qui·
684 1333 743 1372 vel
763 1346 849 1372 curn
871 1331 953 1386 ipso
972 1331 1175 1372 sentientes
1194 1333 1252 1372 vel
1272 1332 1391 1372 levius
1414 1331 1498 1385 ipso
1530 1345 1632 1374 certe
1659 1348 1828 1378 errantes

93 1403 142 1430 ne
161 1389 318 1429 tolerare
345 1389 502 1443 quidem
521 1389 657 1433 velint,
687 1391 727 1426 ὃς
749 1387 972 1427 Editionem
992 1387 1104 1440 hujus
1126 1387 1187 1427 vel
1208 1387 1305 1427 illius
1325 1388 1583 1442 typographi,
1614 1405 1688 1444 qua
1711 1392 1827 1447 vulgo

91 1455 265 1490 utuntur,
278 1455 459 1498 tanquam
479 1443 527 1483 de
550 1442 659 1484 coelo
682 1441 872 1496 delapsam
894 1456 939 1483 ea
960 1442 1221 1495 superstitione
1241 1454 1492 1488 venerantur,
1507 1454 1548 1484 ut
1569 1444 1595 1484 fi
1617 1447 1701 1500 quis
1722 1447 1761 1486 in
1783 1461 1828 1487 ea

89 1499 236 1554 judicio
262 1500 394 1539 critico
424 1498 598 1539 adhibito
628 1497 688 1539 vel
712 1497 907 1538 verbulum
940 1497 1000 1537 vel
1020 1497 1166 1537 literam
1187 1497 1247 1538 vel
1267 1498 1416 1550 apicem
1438 1498 1638 1540 immutare
1666 1501 1826 1553 audeat,

92 1554 215 1594 statim
236 1566 415 1608 tanquam
433 1554 593 1608 impium
610 1553 794 1593 conviciis
814 1551 1081 1606 proscindant,
1114 1555 1153 1592 ὃ(
1175 1552 1371 1593 haereseos
1391 1566 1531 1607 magna
1548 1556 1751 1598 acerbitate
1773 1558 1829 1597 in-

93 1608 276 1649 simulent.
331 1609 446 1649 Tales
465 1610 530 1663 qui
551 1608 635 1648 sunt
654 1621 851 1663 rogamus,
881 1619 922 1648 ut
942 1607 1038 1648 serio
1059 1607 1322 1661 perpendant,
1354 1608 1448 1662 quid
1468 1609 1658 1651 Luthcrus
1677 1642 1688 1661 ,
1718 1613 1830 1652 mini-

93 1678 155 1704 me
175 1665 346 1704 omnium
368 1664 414 1703 ab
432 1663 646 1704 eruditione
665 1674 728 1703 aut
748 1662 962 1703 Codicibus
983 1662 1097 1703 MSS.
1126 1674 1190 1702 aut
1209 1663 1290 1703 aliis
1308 1662 1479 1704 subsidiis
1498 1664 1699 1706 instruslms
1721 1698 1732 1717 ,
1762 1667 1830 1707 fibi

95 1719 135 1758 in
157 1719 228 1758 isto
254 1719 412 1771 negotio
435 1717 664 1770 permiserim
695 1715 803 1770 quod
822 1716 848 1756 fi
879 1717 918 1756 in
940 1717 1006 1756 illo
1026 1717 1112 1757 viro
1131 1716 1331 1757 ferendum
1359 1718 1434 1758 effe
1458 1718 1656 1771 judicant,
1685 1721 1829 1763 summa

96 1774 275 1827 iniquitas
294 1773 367 1822 est,
398 1773 465 1812 nifi
487 1773 602 1813 etiam
620 1771 670 1811 de
690 1771 770 1811 aliis
791 1771 831 1810 in
853 1770 962 1811 simili
984 1785 1023 1811 re
1042 1772 1169 1811 mitius
1190 1770 1363 1812 sentiant.

151 1829 338 1868 Luthcrus
356 1828 491 1881 igitur,
526 1840 561 1866 1.
588 1827 692 1866 Inter
718 1826 832 1866 libros
863 1825 985 1866 sacros
1008 1826 1101 1866 alios
1120 1826 1200 1866 aliis
1224 1826 1340 1881 longe
1370 1828 1609 1882 praeposuit,
1639 1830 1830 1884 quosdam

96 1898 190 1925 vero
209 1897 287 1923 non
308 1883 494 1923 dubitavit
513 1882 675 1922 omnino
696 1881 873 1934 rejicere;
900 1907 926 1931 ‚‚
957 1881 1015 1920 Ex
1037 1880 1118 1926 his,
1149 1881 1297 1934 inquit,
1328 1884 1471 1935 poteris
1492 1883 1725 1936 dijudicare,
1746 1888 1831 1941 qui-

96 1965 123 1985 „
153 1952 240 1977 nam
261 1952 306 1978 ex
329 1938 405 1978 istis
424 1937 526 1976 libris
545 1936 617 1976 fint
638 1935 947 1989 praestantiores,
978 1936 1157 1975 nimirum
1173 1936 1338 1989 Joannis
1369 1938 1622 1992 Evangelium
1654 1943 1694 1980 &
1725 1941 1832 1983 Pauli

96 2023 122 2045 „
150 1993 340 2045 Epistolae
352 2014 363 2040 3
393 1992 433 2031 hi
453 1991 537 2032 sunt
555 1991 729 2031 omnium
747 1990 851 2044 quafi
873 1990 1027 2030 nucleus
1047 1993 1086 2030 &
1105 1991 1269 2031 medulla
1297 2015 1363 2022 --2-
1384 1991 1549 2047 Joannis
1578 1995 1832 2052 Evangelium

96 2079 121 2099 ‚‚
151 2048 206 2088 est
230 2048 382 2088 unicum
408 2046 501 2087 illud
529 2046 736 2099 genuinum
765 2059 808 2084 ac
839 2046 1059 2100 primarium
1088 2046 1365 2100 Evangelium‚
1393 2048 1511 2088 tribus
1541 2049 1694 2103 reliquis
1715 2052 1831 2107 longe

97 2129 123 2150 2,
152 2103 387 2156 multumque
408 2100 698 2155 praeferendum
720 2110 834 2154 atque
855 2100 1007 2154 plurimi
1027 2099 1265 2141 faciendum:
1296 2101 1389 2142 ficut
1407 2103 1522 2143 etiam
1541 2103 1648 2144 Pauli
1668 2109 1707 2144 ὃ(
1727 2108 1833 2148 Petri

100 2190 126 2209 „
156 2157 344 2211 Epistolae
373 2158 443 2198 tria
473 2156 681 2210 Evangelia
710 2155 901 2196 Matthaei
923 2183 934 2202 ‚
964 2156 1147 2196 Marci&
1168 2156 1293 2197 Lucae
1314 2157 1434 2212 longo
1453 2159 1653 2200 intervallo
1678 2162 1764 2214 post
1794 2163 1832 2205 se

100 2239 126 2263 ‚,
155 2213 381 2266 relinquunt.
434 2212 469 2252 S.
493 2213 630 2265 Jacobi
661 2210 831 2265 Epistola
860 2211 1030 2265 respeiffl
1057 2211 1194 2252 horum
1213 2213 1268 2252 est
1287 2225 1376 2253 vere
1408 2214 1608 2256 straminea
1637 2215 1831 2270 Epistola,

101 2298 127 2318 „
156 2282 279 2321 neque
300 2268 403 2307 enim
434 2267 605 2308 indolem
633 2265 904 2320 Evangelicam
934 2266 1100 2321 arguit''.
1157 2267 1338 2321 Epistolis
1358 2267 1408 2308 ad
1430 2268 1651 2321 Hebraeos,
1672 2271 1832 2326 Jacobi,

102 2323 219 2376 Judae
232 2326 268 2361 &
281 2322 511 2377 Apocalypsi
523 2353 534 2372 ,
546 2335 643 2376 quos
663 2322 777 2361 libros
789 2321 838 2360 ad
850 2321 991 2361 calcem
1011 2322 1211 2375 rejecerat,
1234 2322 1428 2377 sequentia
1450 2323 1658 2377 praefatur:
1690 2358 1714 2377 „
1727 2328 1834 2369 Huc-

102 2404 128 2424 „
155 2391 272 2431 usque
303 2377 498 2418 habuimus
526 2378 713 2431 genuinos
743 2377 967 2430 praecipuos
987 2377 1123 2417 Libros
1144 2377 1200 2418 N.
1229 2378 1302 2428 Τ.,
1331 2377 1381 2419 de
1400 2390 1564 2433 quatuor
1593 2380 1834 2435 sequentibus

103 2461 129 2482 ,‚
158 2446 284 2473 autem
302 2433 460 2474 Veteres
480 2433 595 2486 longe
616 2432 722 2473 aliter
739 2431 970 2484 judicarunt.
1025 2433 1076 2473 Et
1106 2433 1232 2485 primo
1265 2433 1423 2487 quid-em
1452 2435 1560 2489 quod
1591 2437 1761 2491 Epistola
1783 2438 1835 2478 ad

103 2514 130 2537 ,‚
158 2487 356 2527 Hebraeos
376 2501 500 2541 neque
521 2487 627 2527 Pauli
646 2500 770 2540 neque
791 2486 883 2526 alius
897 2487 1073 2540 Apostoli
1092 2488 1159 2538 fit,
1189 2502 1235 2528 ex
1254 2502 1303 2528 eo
1323 2490 1504 2542 probatur
1525 2495 1597 2532 &a
1616 2515 1680 2524 ----
1699 2493 1835 2534 Meam

106 2569 131 2592 „
160 2541 381 2582 sententiam
403 2542 547 2581 nemini
567 2541 792 2587 obtrudam,
813 2551 962 2581 tantum
982 2541 1106 2581 dicam
1119 2574 1130 2592 ,
1158 2556 1218 2583 me
1238 2543 1591 2599 EpistolamJacobi
1612 2560 1692 2587 non
1713 2548 1837 2589 existi-

106 2623 131 2647 „
160 2611 260 2636 mare
279 2597 352 2637 effe
374 2597 552 2651 scriptum
573 2596 837 2650 Apostolicum
852 2628 863 2646 ,
892 2597 945 2636 ob
962 2596 1061 2637 hanc
1083 2599 1291 2649 rationem,
1321 2601 1447 2653 primo
1465 2602 1555 2654 quia
1576 2601 1720 2643 diree‘te
1743 2618 1837 2645 con-

105 2681 133 2701 „
160 2664 215 2691 tra
246 2652 404 2692 Paulum
436 2656 475 2691 δε
506 2665 661 2692 omnem
691 2652 920 2705 Scripturam
948 2653 1126 2705 operibus
1154 2652 1461 2707 justificationem
1485 2657 1637 2706 tribuit;
1667 2658 1836 2714 denique

106 2737 132 2756 ,‚
154 2706 320 2760 Jacobus
340 2707 407 2746 iste
425 2708 475 2747 ita
494 2706 697 2747 confundit
716 2707 845 2747 omnia
867 2721 910 2747 ac
930 2707 1128 2760 permiscet
1150 2735 1160 2753 ‚
1191 2719 1232 2748 ut
1266 2709 1361 2749 mihi
1393 2711 1450 2749 vir
1473 2711 1597 2752 bonus
1626 2712 1761 2767 aliquis
1792 2729 1836 2755 ac

109 2790 134 2810 ,‚
164 2761 317 2814 simplex
339 2761 444 2802 fuisse
463 2762 657 2812 videatur,
686 2763 753 2815 qui
775 2762 932 2816 arreptis
954 2762 1180 2816 quibusdam
1201 2763 1313 2804 dietis
1341 2765 1613 2818 discipulorum
1643 2769 1838 2821 Apostoli-

111 2844 137 2864 „
165 2830 294 2856 corum
312 2831 356 2857 ea
372 2818 411 2856 in
430 2817 600 2859 chartam
619 2817 825 2871 conjecerit
845 2820 916 2857 ὅτε.
955 2818 1165 2871 Epistolam
1177 2818 1304 2872 Judae
1324 2834 1439 2861 nemo
1460 2835 1599 2876 negare
1620 2823 1745 2876 potest
1765 2822 1840 2865 esse

114 2898 138 2918 ,‚
166 2871 434 2923 compendium
453 2884 567 2927 atque
585 2873 776 2926 exemplar
798 2871 981 2913 secundae
991 2873 1115 2923 Petri,
1127 2887 1214 2913 cum
1232 2873 1309 2915 fere
1328 2877 1459 2916 omnia
1479 2877 1592 2917 verba
1610 2890 1838 2931 congruant,

115 2950 140 2971 2,
170 2923 331 2979 ideoque
350 2941 429 2966 non
449 2927 593 2967 necesse
611 2928 684 2977 est,
714 2939 755 2968 ut
772 2927 874 2967 libris
902 2928 1113 2982 praecipuis
1138 2928 1194 2969 N.
1223 2929 1276 2970 T.
1307 2944 1609 2973 connumeretur.
1639 2956 1700 2963 ----
1731 2933 1777 2972 In
1798 2934 1841 2974 li-

115 3007 141 3028 „
171 2978 240 3017 bro
272 2980 556 3035 Apocalypseos
585 2983 708 3036 patior
736 2996 928 3037 quemque
958 2983 1013 3024 uti
1036 2982 1183 3037 judicio
1215 2984 1305 3034 suo,
1344 3000 1470 3041 neque
1501 3002 1606 3028 meae
1635 2988 1842 3028 sententiae

117 3062 142 3082 „
170 3046 384 3087 quenquam
415 3037 631 3078 adstrifitum
660 3037 772 3088 volo,
803 3048 951 3078 tantum
981 3037 1107 3078 dicam
1136 3039 1243 3093 quod
1272 3040 1416 3092 sentio,
1446 3056 1526 3082 non
1546 3057 1620 3083 una
1638 3043 1692 3083 est
1721 3044 1841 3091 ratio,

117 3116 143 3137 „
171 3101 268 3142 quae
287 3101 348 3130 me
367 3093 518 3146 coegit,
546 3104 588 3133 ut
607 3099 732 3147 neque
742 3093 1009 3191 Apostolic5m
1028 3107 1154 3149 neque
1175 3095 1443 3150 propheticum
1464 3097 1602 3139 librum
1623 3097 1697 3138 effe
1714 3096 1842 3135 crede==

1006 3161 1028 3202 3
1662 3176 1690 3200 2,
1717 3164 1798 3190 rem
1810 3153 1845 3191 '’.
