1976 3519
116 241 198 283 116
471 231 1475 284 ,PR‘QLEG-0ME-NA.

116 323 354 379 scripseram,
383 335 485 371 nunc
505 320 671 372 addere,
686 321 893 370 „Graecum
912 321 1028 362 etiam
1046 329 1271 360 contextum
1293 318 1341 358 ab
1360 318 1573 373 Interprete
1594 318 1734 361 Gotho
1763 334 1856 360 con·

118 380 255 421 sultum
283 376 414 428 fuisse?
431 388 508 427 aut
537 381 604 417 cur
619 390 701 421 non
726 376 838 416 liceat
867 375 1129 420 nunesaltem
1161 384 1332 414 mentem
1361 387 1486 414 meam
1505 372 1639 414 clarius
1667 375 1856 429 explicare

118 448 233 489 atque
253 445 385 487 aperte·
402 432 515 484 fateri⁴
530 432 629 483 (five
648 432 689 472 id
710 431 1061 484 interpretationem
1079 429 1485 471 sive-retraetasionem
1504 428 1695 482 appellare
1724 429 1853 483 malis)

120 488 399 541 me,re·denuo
420 487 679 536 considerata,
698 486 848 527 Tecum
871 486 1030 536 sentire,
1058 496 1173 539 atque
1192 483 1424 535 existimare,
1456 482 1682 525 Verfionem
1713 485 1854 527 Gothi·

119 559 203 585 cam
224 544 446 598 plerumque
464 542 622 598 quidem
640 541 810 582 Textum
830 539 1275 594 Graecumcxprimere,
1303 539 1414 593 saepe
1434 552 1562 581 tamen
1583 539 1721 581 reliffis
1734 541 1856 581 Grae-

120 602 175 641 cis
192 598 573 650 Verfionemrtltalam
592 597 723 651 sequi?
753 595 867 640 Haec
887 609 960 637 non
979 595 1261 644 contentionis,
1281 594 1357 647 βά
1373 597 1570 635 veritatis
1590 608 1718 635 amore
1745 595 1855 636 dic‘t'a

113 658 264 709 stulto-‚⁴
285 666 328 696 ut
349 653 462 702 verba
482 665 547 698 tua
567 666 614 693 ex
632 652 829 705 Apparat.
854 664 894 705 p.
914 662 1013 703 409.
1041 663 1128 692 mea
1146 647 1293 690 faciam.

129 760 131 764 ⁴
336 808 339 811 ,
527 761 957 808 ’ΒΕΕΒΙΤΙΟΝΕ
995 759 1446 801 CoMPLUTENsI.

241 866 328 917 Um
356 873 528 922 viderem
549 906 559 922 ‚
591 871 905 912 Commentarios
933 869 1119 925 Zwingui
1139 900 1151 920 ,
1180 869 1390 923 Bullingeri
1410 904 1420 920 ‚
1451 868 1588 910 Buceri
1606 901 1618 921 ,
1649 870 1858 926 Martyris,

260 930 418 977 Calvini
435 929 673 980 aliorumque
693 926 732 966 in
751 925 809 967 N.
826 926 878 967 T.
900 926 963 967 vix
995 926 1101 979 posse
1121 925 1304 979 intelligi,
1334 924 1402 965 nifi
1431 924 1613 977 sciamus,
1641 926 1748 980 cujus
1768 926 1861 967 Edi-

129 989 245 1030 tionis
261 986 485 1033 leffionem,
516 997 538 1022 a
559 981 686 1022 nostra
704 980 815 1034 saepe
834 980 1043 1030 diversam,
1071 979 1206 1036 finguli
1226 979 1365 1020 fuerint
1389 979 1523 1020 secuti:
1550 994 1716 1036 cumque
1742 995 1861 1036 porro

129 1043 378 1092 existimarem
393 1051 480 1088 ‚tum
500 1036 550 1086 ad
571 1036 785 1076 Historiam
806 1035 953 1077 Textus
975 1035 1065 1076 sacri
1078 1066 1090 1086 ,
1119 1047 1200 1075 tum
1218 1033 1269 1075 ad
1292 1035 1430 1075 rectius
1447 1034 1498 1076 de
1517 1033 1566 1076 V.
1586 1036 1630 1077 L.
1661 1035 1862 1078 ferendum

128 1098 315 1153 judicium
345 1109 424 1135 non
447 1105 581 1148 parurn
600 1091 721 1132 facere
751 1091 930 1135 notitiam
950 1090 1202 1141 Editionum,
1231 1103 1330 1144 quae
1344 1088 1441 1131 ,inde
1463 1105 1486 1131 a
1505 1090 1783 1134 Seculo.·XVI.
1810 1091 1863 1132 ad

132 1154 258 1194 nostra
281 1162 398 1204 usquc
419 1161 593 1202 tempora
605 1181 614 1196 ‚
627 1147 728 1187 varie
745 1161 769 1186 a
788 1147 901 1188 variis
923 1156 1180 1188 commutatae
1192 1177 1204 1196 ,
1217 1145 1486 1194 decurrerunt;
1499 1145 1703 1188 Editiones
1722 1147 1864 1201 princi-

134 1223 200 1264 pes
232 1206 444 1253 accuratius
460 1202 640 1251 ,conferre
669 1212 784 1256 atque
812 1200 1021 1243 describere
1051 1201 1171 1242 statui.
1220 1199 1424 1241 Editiones
1445 1201 1637 1256 principes
1654 1215 1718 1243 eas
1738 1216 1864 1252 voco,

135 1278 232 1318 quae
262 1260 426 1314 singulae
447 1260 545 1306 inter
567 1257 603 1300 se
630 1256 833 1308 differunt,
862 1271 934 1298 nec
954 1267 1083 1298 tamen
1103 1257 1216 1297 aliam
1234 1256 1403 1310 priorem
1419 1255 1505 1297 sunt
1524 1256 1693 1302 secutae,
1722 1256 1786 1298 sed
1805 1257 1866 1298 vel

134 1333 181 1361 ex
211 1316 424 1362 Codicibus
453 1313 566 1354 MSS.
597 1313 657 1354 vel
684 1326 731 1353 ex
760 1311 927 1366 pluribus
954 1311 1209 1361 editionibus,
1238 1311 1342 1352 varie
1360 1325 1433 1365 pro
1454 1311 1611 1352 arbitrio
1628 1311 1796 1354 >editoris
1826 1313 1867 1352 in

136 1387 252 1424 unam
273 1371 472 1420 conflatis,
501 1368 736 1422 prodierunt.
774 1367 870 1408 Sunt
892 1378 1018 1408 autern
1047 1366 1252 1421 (negleffis
1282 1367 1327 1406 iis
1354 1366 1611 1418 editionibus,
1641 1381 1741 1422 quae
1768 1369 1872 1423 prio·

138 1444 216 1477 rem
241 1428 405 1481 aliquam
426 1422 531 1464 κατὰ.
551 1422 654 1462 πέδοι
679 1422 920 1476 exprimunt)
948 1423 990 1463 in
1008 1422 1224 1463 universum
1242 1421 1381 1475 viginti
1399 1433 1465 1463 aut
1485 1423 1754 1464 novendecim.

141 1530 143 1533 ι
189 1485 318 1534 Prima
337 1481 512 1524 omnium
534 1477 666 1518 Editio
685 1477 742 1518 N.
763 1477 813 1518 T.
840 1479 989 1518 Graece
1018 1476 1164 1531 prodiit
1196 1475 1366 1517 Alcalae
1396 1477 1474 1518 five
1504 1478 1700 1531 Compluti
1732 1478 1773 1518 in
1794 1477 1872 1518 His·

140 1540 269 1594 spania
308 1536 407 1587 „De
428 1533 612 1581 mandato
632 1547 675 1572 ac
692 1531 873 1573 sumtibus
898 1531 1131 1573 Illustriffimi
1161 1545 1206 1572 ac
1225 1531 1546 1573 Reverendiffimi
1564 1533 1605 1573 in
1626 1533 1786 1573 Christo
1803 1534 1875 1574 Pa-

141 1627 167 1647 „
197 1595 263 1635 tris
291 1590 514 1632 &Domini
534 1588 698 1630 Domini
717 1587 859 1628 Fratris
879 1587 1069 1628 Francisci
1090 1587 1284 1629 Ximenez
1304 1587 1355 1627 de
1380 1587 1564 1628 Cisneros
1584 1588 1650 1629 SS.
1670 1589 1876 1629 Romanae

141 1682 167 1702 ‚,
199 1646 386 1696 Ecclesiae
406 1647 480 1693 Tr.
512 1645 671 1686 Santrae
698 1643 880 1684 Balbinae
908 1642 1122 1697 Presbyteri
1153 1642 1372 1683 Cardinalis
1394 1674 1406 1691 ‚
1435 1643 1727 1697 Archiepisc'opi
1757 1643 1878 1684 Tole-

142 1737 170 1757 ‚,
201 1704 300 1748 tani,
331 1706 371 1741 ὃ(
398 1700 672 1754 Hispaniarum
699 1698 899 1747 Primatis,
933 1711 979 1738 ac
1008 1698 1239 1753 Regnorum
1267 1697 1458 1739 Castellae
1486 1698 1824 1740 Archicancellarii
1841 1702 1878 1745 ξ’.

143 1764 212 1802 ΑΟ,
245 1773 260 1798 1
303 1771 317 1797 1
357 1788 363 1795 .
1334 1770 1337 1775 ·
1578 1753 1581 1755 ’
1620 1785 1624 1788 «
1753 1751 1812 1790 ‘iz-l
1860 1782 1867 1787 .

200 1768 566 1860 Hagc,4Edit,i0nem
596 1806 914 1862 complutensem
941 1807 1100 1862 ejusque
1127 1806 1329 1848 Editorem
1358 1818 1508 1854 tantum
1536 1822 1618 1849 non
1660 1809 1700 1849 in
1738 1809 1879 1855 coelum

147 1871 286 1912 tollunt
305 1866 478 1912 laudibus
490 1884 503 1910 ς
534 1864 634 1905 hanc
654 1861 995 1912 emendatiflimam
1014 1862 1111 1913 effe,
1131 1862 1234 1902 hanc
1251 1862 1429 1903 omnibus
1447 1864 1735 1917 praeferendam
1749 1898 1759 1913 ,
1781 1865 1881 1909 hanc

147 1926 265 1966 solam
297 1923 335 1962 in
355 1921 484 1965 Textu
516 1917 756 1965 retinendam
783 1919 1041 1972 pronunciant
1071 1917 1273 1958 Alvarur
1289 1918 1495 1958 Gomecius
1523 1919 1586 1959 lib.
1621 1934 1656 1960 2.
1687 1919 1737 1960 de
1769 1921 1885 1975 gestis

148 1981 182 2022 F
186 1996 212 2021 r.
242 1977 440 2026 Ximenii‚
461 1973 614 2028 ,Joackn
645 1974 893 2014 Camerarius
919 1971 1155 2028 praefatione
1184 1972 1225 2012 in
1255 1972 1464 2014 Siracidem
1484 2008 1495 2025 ,
1536 1974 1590 2013 R.
1618 1975 1814 2016 Simonias
1842 1979 1882 2016 ὃς

145 2050 196 2082 cx
212 2049 275 2075 ><eo
305 2031 463 2072 Millius
494 2029 590 2084 prol.
624 2041 743 2078 1115.
771 2027 849 2068 Sed
879 2042 950 2083 age
977 2027 1239 2083 expendamus
1257 2029 1443 2080 rationes,
1473 2043 1572 2084 quae
1594 2029 1696 2084 ipsos
1719 2030 1759 2070 in
1782 2030 1882 2071 hanc

152 2088 374 2132 sententiam
392 2084 597 2140 perducere
611 2094 835 2137 potuerunt.
1337 2084 1344 2106 l
1378 2100 1381 2117 :
1851 2111 1853 2113 ,

145 2172 161 2194 :⁷
207 2142 426 2196 „Duravit
456 2141 503 2180 ab
530 2153 636 2180 anno
670 2151 791 2190 150²·
819 2138 947 2193 inquit
975 2138 1187 2180 Gomecius
1205 2169 1217 2189 ,
1257 2152 1380 2181 annos
1406 2140 1614 2182 continuos
1642 2139 1727 2194 plus
1758 2141 1883 2182 minus

149 2234 180 2254 .‚‚
210 2198 431 2254 quindecim
452 2195 559 2236 deS.
580 2193 712 2234 Bibliis
729 2192 891 2235 edendis
910 2208 1022 2241 cura,
1049 2205 1093 2234 ut
1111 2207 1212 2249 pene
1231 2208 1319 2235 cum
1341 2195 1516 2237 Ximenii
1537 2196 1616 2238 vita
1647 2194 1764 2237 finem
1787 2192 1884 2251 quo'-

154 2288 181 2308 „
210 2269 286 2309 que
315 2251 448 2294 Editio
476 2249 685 2303 susceperit.
714 2249 800 2289 Ubi
831 2248 858 2288 fi
887 2263 955 2303 per
987 2260 1114 2304 partes
1140 2248 1371 2291 narrandum
1399 2250 1511 2301 esset,
1541 2262 1727 2305 quantum
1745 2251 1885 2293 laboris

154 2322 189 2363 ‚5
209 2308 430 2351 exhaustum
453 2305 516 2356 fit,
545 2316 730 2358 quantum
750 2302 867 2347 taedii
897 2308 937 2344 &
960 2303 1102 2345 fastidii
1120 2304 1346 2346 devoratum
1363 2305 1389 2347 a
1407 2306 1499 2348 viris
1517 2306 1572 2347 illi
1601 2307 1712 2361 operi
1740 2306 1885 2360 praefe'-

155 2394 181 2419 ‚‚
211 2366 303 2414 ftis,
332 2365 371 2403 in
392 2360 666 2413 exemplaribus
684 2358 920 2403 excutiendis
939 2382 1004 2391 ----
1024 2359 1186 2401 nimium
1213 2359 1390 2415 profecto
1417 2362 1458 2401 in
1479 2361 1526 2402 iis
1552 2360 1728 2402 dicendis
1748 2363 1885 2402 immo-

155 2453 181 2474 „
210 2433 386 2461 raremur.
414 2418 469 2458 At
489 2414 590 2461 ,illud
616 2429 758 2464 unum,
787 2414 896 2468 q'uod
923 2414 974 2456 ad
1003 2414 1192 2469 impensas
1210 2430 1234 2456 a
1251 2416 1439 2457 Ximenio
1464 2417 1506 2457 in
1525 2431 1569 2457 ea
1587 2431 1628 2457 re
1654 2417 1884 2458 absolvenda

159 2508 185 2529 ‚‚
216 2475 332 2516 fafias
351 2473 551 2527 pertinet,
567 2469 803 2511 reticendum
819 2483 901 2510 non
921 2469 991 2511 est,
1014 2469 1170 2524 Septem
1191 2470 1368 2512 Hebraea
1386 2471 1631 2524 exemplaria,
1663 2486 1762 2527 quae
1783 2486 1885 2513 nunc

155 2563 182 2584 „
210 2529 413 2582 Compluti
432 2527 616 2566 habentur
629 2537 813 2578 ,quatuor
832 2524 982 2566 milibus
1001 2539 1200 2567 aureorum
1217 2539 1268 2566 ex>
1281 2525 1438 2568 diver-fis
1458 2527 1676 2581 regiombus
1694 2527 1761 2568 fibi
1779 2542 1886 2568 com*-

155 2618 181 2640 ,‚
215 2584 356 2638 parasse
384 2580 564 2628 Alfonsus
594 2580 762 2620 Zamora
784 2579 903 2621 Hebr.
922 2580 976 2622 lit.
995 2579 1183 2634 professor
1202 2580 1473 2635 saepenumero
1502 2582 1697 2623 referebat.
1726 2606 1774 2614 ---
1796 2583 1886 2638 Jam

147 2674 183 2694 .‚,
210 2654 302 2684 vero
321 2635 690 2690 chalcographorum
711 2639 751 2675 &
770 2634 972 2676 scribarum
990 2635 1140 2686 salaria,
1170 2636 1372 2677 dostorum
1393 2637 1597 2678 hominum
1620 2651 1700 2677 non
1720 2638 1886 2692 vulgaria

156 2729 184 2750 ,‚
214 2694 403 2748 praemia,
425 2689 619 2732 mercedes
640 2690 887 2732 internunciis
905 2690 1142 2745 propositas,
1169 2691 1311 2746 quibus
1324 2691 1376 2731 ad
1388 2691 1559 2733 Codices
1579 2692 1747 2733 vetustos
1766 2693 1888 2747 adipi-

156 2783 183 2804 „
213 2748 373 2790 scendos
403 2746 596 2796 utebatur,
625 2768 673 2776 ---
704 2744 730 2786 fi
755 2745 853 2786 bene
880 2746 965 2799 quis
991 2746 1145 2787 ratione
1169 2745 1350 2788 subduffli
1374 2758 1547 2788 numeret
1570 2778 1582 2797 ,
1609 2748 1887 2802 quinquaginta

157 2838 184 2858 „
213 2805 372 2845 millium
399 2815 595 2844 aureorum
628 2804 665 2839 ὃ(
698 2800 859 2853 amplius
887 2801 1071 2842 summam
1101 2801 1311 2852 conficiet,
1332 2800 1441 2855 quod
1461 2805 1501 2840 ὃ(
1519 2802 1683 2855 majores
1700 2814 1792 2842 natu
1816 2804 1888 2843 fre-

147 2892 184 2912 .„
212 2870 371 2912 quenter
392 2856 517 2901 dicere
536 2854 675 2895 audivi.
704 2854 793 2894 Hac
813 2855 970 2896 tandem
990 2855 1188 2911 diligentia
1207 2859 1248 2896 δε
1267 2856 1469 2898 autoritate
1487 2859 1527 2897 δε
1548 2857 1767 2898 liberalitate
1788 2872 1887 2913 opus

214 2913 304 2954 illud
326 2909 633 2953 absolutissimum
655 2907 799 2961 prodiit
817 2913 889 2950 &c

211 2969 365 3022 *Qubus
384 2964 542 3020 quidem
560 2963 682 3004 verbis
700 2964 1010 3006 munificentiam*
1023 2965 1262 3015 Cardinalis,
1292 2968 1333 3005 &
1350 2966 1548 3007 avaritiam
1571 2980 1619 3008 ex
1647 2967 1761 3008 altera
1781 2980 1888 3022 parte

159 3038 291 3067 corum
304 3053 315 3073 ‚
346 3034 445 3076 quos
464 3019 567 3061 libris
587 3018 811 3059 coemendis
829 3032 943 3074 atque
962 3021 1186 3061 evolvendis
1203 3020 1399 3071 adhibuit,
1429 3020 1547 3062 fidem
1566 3036 1610 3062 ac
1630 3023 1805 3076 peritiam
1824 3037 1887 3064 eo-

157 3079 320 3125 rundem
338 3088 580 3130 nequaquam
600 3072 886 3126 cognoscimus,
916 3086 1179 3129 praeterquam
1200 3076 1325 3126 enim,
1355 3075 1463 3130 quod
1493 3075 1590 3117 fides
1616 3089 1731 3132 atque
1754 3079 1888 3132 peritia

158 3138 198 3176 in
228 3132 419 3189 ejusmodi
445 3144 564 3184 opera
591 3128 641 3168 ad
665 3139 882 3170 numeratae
902 3130 1091 3171 mercedis
1109 3130 1269 3170 modum
1289 3131 1474 3172 aestimari
1500 3144 1572 3172 nec
1595 3133 1710 3186 possit
1730 3148 1802 3174 nec
1822 3134 1889 3174 de-

157 3192 265 3240 beat,
293 3186 394 3243 quid,
418 3185 445 3230 si
475 3184 679 3230 esurientes
706 3183 764 3225 illi
789 3183 968 3232 Graeculi
998 3199 1044 3228 ac
1060 3184 1292 3238 Semijudaei
1318 3186 1423 3240 spem
1449 3186 1630 3229 locatoris
1654 3187 1888 3238 fefellerunt,

1822 3257 1891 3284 ne-

157 2948 183 2968 ³>
