1976 3519
446 222 1433 280 PRoLEGoMENA.
1763 254 1817 298 93

85 320 217 350 eorum
239 307 360 351 facere
380 312 673 362 contumeliam,
704 313 770 366 qui
790 311 900 354 hasce
919 314 1043 355 literas
1062 317 1255 366 nesciunt,
1285 321 1351 362 sed
1370 324 1409 363 in
1434 324 1622 378 publicam
1643 329 1818 370 omnium

84 365 306 415 utilitatem,
335 380 433 420 quae
464 367 608 408 nemini
636 381 718 407 non
748 369 914 422 patebit,
944 370 972 409 fi
1001 371 1094 412 velit
1127 374 1206 424 uti,
1234 377 1428 417 neminem
1458 382 1628 436 urgebit,
1657 383 1684 423 si
1711 385 1818 425 malit

81 433 227 459 carere:
257 432 338 460 turn
355 435 403 461 eo
417 421 492 461 esse
511 420 660 472 animo,
690 433 754 473 ut,
784 423 809 463 fi
829 425 914 477 quis
931 426 1142 477 exoriatur,
1172 430 1239 483 qui
1256 432 1418 473 rectiora
1447 435 1587 477 docere
1614 436 1729 491 possit
1752 449 1818 480 aut

82 474 192 524 velit,
222 475 300 528 ipse
330 476 472 529 primus
500 474 646 517 futurus
677 477 768 528 fim,
797 480 861 532 qui
881 480 1008 520 nostra
1028 482 1238 525 rescindam
1257 489 1298 541 ὃ(
1317 486 1520 542 abrogem,
1551 495 1591 531 ὃς
1611 491 1708 534 illius
1731 494 1817 535 sub-

23 561 29 573 „
78 530 236 569 scribam
259 530 471 570 sententiae.
501 532 749 585 Antwerpiae
782 545 902 584 1515.
1348 569 1349 572 ,

134 585 197 625 De
223 584 360 625 eodem
387 585 546 638 negotio
571 589 652 641 egit
680 586 855 640 Epistola
885 585 943 629 ad
960 588 1178 633 Henricum
1204 593 1432 637 Bovillum:
1462 599 1538 640 Fas
1555 598 1629 642 esse
1649 615 1814 659 negant,

77 639 228 692 inquit,
259 651 403 680 tentare
429 640 635 693 quicquam
665 642 875 695 ejusmodi,
906 644 975 684 nisi
1004 659 1050 686 ex
1079 650 1280 691 autoritate
1309 652 1479 694 Concilii
1508 657 1704 710 generalis.
1758 662 1814 700 At

77 694 201 734 isthoc
230 692 325 747 quid
356 694 547 747 iniquius?
576 696 653 750 Ipsi
682 698 858 750 quotidie
887 698 1099 753 depravant
1118 704 1253 746 Sacros
1275 706 1468 756 Codices,
1498 711 1574 750 sola
1599 711 1746 753 inscitia
1769 728 1814 754 ac

76 749 285 788 temeritate
315 748 355 787 in
386 749 583 790 consilium
612 751 807 793 adhibita:
837 754 949 795 nobis
976 769 1056 795 non
1077 758 1205 800 licebit
1222 775 1272 801 ex
1292 774 1463 804 veterum
1493 766 1678 807 sententia
1709 769 1814 809 resti-

74 814 199 852 tuere,
228 802 335 856 quod
366 816 588 857 corruptum
618 806 690 856 est,
721 807 790 848 nisi
825 810 945 850 totius
974 811 1078 852 orbis
1107 815 1317 856 Christiani
1345 831 1565 861 convocato
1597 822 1811 865 Concilio?

73 857 172 897 adeo
195 858 366 911 pejorem
382 858 516 899 volunt
533 859 607 900 effe
627 861 895 904 conditionem
914 865 1100 907 mendum
1120 869 1397 924 submoventis,
1427 890 1543 930 quam
1571 877 1810 929 invehentis‚

72 911 168 952 bene
189 914 367 953 merentis
388 912 449 953 sua
468 914 671 966 industria,
700 930 816 970 quam
837 918 936 959 male
955 924 1135 963 merentis
1157 925 1218 965 sua
1245 927 1508 984 incogitantia.
1531 930 1685 980 ,Verum
1716 934 1811 975 illud

69 967 167 1006 mihi
186 967 440 1021 respondeant
462 970 599 1019 velim,
629 971 724 1011 haec
745 972 824 1026 ipsa
844 988 942 1028 quae
960 975 1032 1016 illis
1051 988 1252 1033 tantopere
1281 982 1405 1034 placet
1432 986 1576 1038 editio,
1605 1001 1733 1029 utrum
1761 990 1809 1030 ab

69 1021 276 1075 interprete
305 1022 472 1076 suscepta
500 1024 613 1065 fuerit
639 1040 687 1066 ex
705 1028 909 1070 autoritate
939 1029 1110 1072 Concilii
1139 1037 1324 1089 generalis
1341 1070 1353 1088 ,
1382 1053 1438 1079 an.
1462 1043 1566 1095 prius
1595 1042 1699 1084 edita
1720 1076 1732 1095 ,
1761 1060 1806 1085 ac

67 1076 210 1118 deinde
235 1077 383 1131 judicio
412 1090 563 1132 patrum
594 1083 866 1135 comprobata?
896 1085 1003 1125 Prius
1023 1087 1200 1142 scriptam
1219 1093 1383 1144 opinor,
1413 1097 1543 1148 postea
1572 1100 1802 1152 comproba-

68 1142 167 1172 tam:
197 1133 318 1185 Atqui
337 1132 441 1173 idem
462 1135 587 1187 potest
608 1136 650 1175 in
672 1137 744 1177 hac
762 1152 846 1178 mea
865 1141 1039 1192 evenire,
1069 1144 1177 1197 quod
1203 1146 1283 1199 ipse
1311 1159 1440 1189 tamen
1469 1166 1541 1192 nec
1575 1154 1704 1194 ambio
1735 1169 1807 1196 nec

67 1186 229 1239 postulo.
257 1188 428 1228 Tametfi
444 1203 495 1228 nc
516 1189 556 1229 id
578 1190 735 1244 quidem
757 1194 1014 1236 concesserim.
1046 1199 1152 1238 Mihi
1178 1201 1299 1255 magis
1327 1204 1478 1246 videtur
1506 1207 1572 1248 usu
1600 1209 1805 1262 irrepsisse,

66 1255 111 1280 ac
131 1242 309 1295 paulatim
329 1243 522 1297 progressu
539 1248 725 1299 temporis
743 1248 933 1305 coliegiss‘e
954 1251 1078 1293 robur.
1108 1254 1268 1310 Alioqui
1288 1257 1314 1296 sl
1337 1261 1490 1312 publico
1512 1263 1684 1305 Concilii
1703 1265 1807 1318 judi-

65 1296 127 1336 cio
145 1295 268 1337 fuisset
291 1300 500 1351 approbata
519 1300 756 1356 traditique,
785 1318 921 1347 omnes
936 1320 982 1346 ea
1001 1311 1257 1352 communiter
1277 1312 1329 1352 usi
1351 1314 1513 1357 fuiffent.
1545 1318 1590 1359 N
1594 1333 1668 1359 unc
1701 1321 1804 1362 aliud

63 1351 156 1392 citat
184 1352 405 1394 Ambrosius
425 1384 437 1404 ,
466 1354 569 1395 aliud
596 1358 831 1411 Augustinus
849 1391 861 1410 ,
889 1361 991 1402 aliud
1021 1363 1192 1405 Hilarius
1210 1397 1221 1417 ‚
1251 1368 1354 1408 aliud
1384 1371 1659 1428 Hieronymus.
1715 1376 1803 1417 Imo

63 1419 135 1446 nec
156 1406 268 1460 hujus
287 1409 418 1449 aetatis
436 1410 665 1464 exemplaria
681 1414 934 1456 consentiunt.
965 1418 1089 1470 Qiod
1110 1419 1135 1459 si
1157 1422 1332 1474 protinus
1351 1427 1476 1467 astum
1498 1441 1636 1482 putant
1655 1429 1706 1471 de
1722 1432 1805 1473 Re-

61 1460 205 1515 ligione
233 1462 474 1514 Christiana,
503 1465 531 1505 fi
563 1466 659 1519 quid
688 1482 849 1522 usquam
881 1472 1021 1522 variet,
1052 1475 1196 1516 etiamsi
1223 1489 1296 1518 nos
1324 1479 1612 1535 dormiffemus,
1638 1484 1718 1539 jam
1749 1488 1804 1528 illi

61 1516 232 1569 periculo
262 1532 409 1559 eramus
437 1520 605 1561 obnoxii.
635 1545 698 1554 -·—
726 1524 927 1566 Postremo
954 1530 1204 1582 quamobrem
1231 1535 1353 1588 tnagis
1373 1538 1630 1591 trepidamus,
1659 1539 1685 1581 sl
1705 1543 1802 1596 quid

59 1570 163 1612 secus
185 1571 324 1614 lestum
343 1572 457 1616 fuerit
477 1576 519 1616 in
539 1576 681 1618 divinis
699 1578 824 1630 libris,
854 1594 969 1635 quarn
991 1583 1017 1623 si
1038 1585 1134 1638 quid
1152 1586 1255 1628 secus
1281 1597 1525 1634 enarratum?
1556 1595 1675 1637 Certe
1699 1610 1803 1639 utro-

60 1624 176 1680 bique
192 1641 258 1681 par
279 1628 492 1671 discrimen.
520 1631 644 1687 Atqui
662 1634 838 1676 videmus
856 1637 1081 1692 interpretes
1101 1654 1181 1681 non
1201 1643 1324 1684 modo
1340 1645 1487 1688 diversa
1499 1680 1510 1699 ‚
1541 1664 1671 1692 verum
1685 1653 1801 1695 etiam

60 1683 272 1736 pugnantia
299 1683 426 1725 dicere
453 1686 735 1739 saepenumero,
764 1691 876 1744 Qiin
902 1695 942 1730 ὃ(
970 1694 1064 1734 illud
1090 1695 1270 1737 dilemma
1292 1698 1318 1739 s1
1338 1702 1482 1754 poffint
1510 1706 1728 1758 explicent:
1759 1725 1802 1750 u-

60 1746 161 1776 trum
186 1739 412 1791 permittunt
442 1740 588 1794 aliquid
614 1745 752 1784 novari
777 1745 819 1784 in
838 1745 960 1786 Sacris
980 1748 1104 1798 libris,
1132 1763 1180 1789 an
1203 1754 1367 1794 omnino
1389 1757 1513 1798 nihil?
1543 1760 1568 1799 fi
1592 1762 1798 1817 quicquam

60 1792 306 1844 permittunt,
336 1808 401 1834 cur
426 1808 509 1835 non
537 1797 734 1839 excutiunt
761 1799 910 1853 potius,
939 1802 1041 1843 refoe
1068 1816 1255 1848 mutatum
1282 1808 1328 1848 fit
1356 1823 1426 1851 nec
1455 1815 1536 1854 ne?
1566 1815 1621 1855 fin
1651 1819 1799 1871 minus,

59 1846 154 1900 quid
182 1847 321 1888 facient
350 1848 420 1889 illis
446 1849 563 1898 locis,
593 1851 635 1890 in
664 1852 801 1906 quibus
821 1855 1004 1896 mendum
1034 1859 1149 1900 inefle
1178 1862 1409 1906 manifestius
1429 1869 1504 1914 est,
1536 1883 1650 1924 quam
1674 1886 1715 1914 ut
1735 1889 1799 1916 ne-

58 1902 140 1954 gari
171 1901 436 1944 diffimularive
464 1904 614 1956 poffit?
652 1921 701 1946 an
732 1908 796 1948 hic
825 1909 1045 1952 Sacrificum
1074 1913 1178 1954 illum
1208 1917 1354 1960 malunt
1382 1922 1553 1970 imitari,
1594 1928 1660 1980 qui
1691 1930 1798 1974 suum

56 1955 320 2010 mumpstmus,
349 1972 428 2012 quo
456 1958 569 2000 fuerit
598 1961 736 2015 viginti
761 1963 847 2004 usus
873 1978 1017 2016 annos,
1048 1980 1193 2010 mutare
1220 1972 1366 2024 noluit,
1397 1977 1618 2021 admonitus
1649 1998 1670 2024 a
1700 2001 1800 2040 quo·

56 2011 159 2064 piam
180 2012 408 2068 fitmpstmus
432 2012 507 2054 effi:
539 2014 754 2069 legendum.
784 2018 1057 2062 Vociferantur
1083 2020 1144 2064 καὶ
1175 2026 1450 2082 χετλιοίζεσινῑ
1482 2034 1524 2074 O
1550 2036 1708 2080 Coelum
1728 2073 1740 2092 ,
1771 2055 1798 2084 o

55 2067 174 2107 terra!
207 2069 379 2123 Corrigit
397 2068 462 2108 hic
482 2069 702 2125 Evangelia.
734 2074 789 2113 At
809 2087 958 2128 quanto
973 2077 1106 2130 justius
1133 2082 1424 2126 exclamandum
1449 2101 1529 2130 erat
1548 2092 1587 2131 in
1623 2094 1798 2151 Corrup-

54 2133 198 2163 torem:
228 2124 270 2163 O
289 2123 541 2178 Sacrilegum!
573 2126 757 2180 depravat
776 2128 840 2169 hic
859 2132 1077 2186 Evangelia.
1106 2134 1252 2190 Neque
1273 2140 1377 2181 enim
1398 2156 1471 2184 nos
1488 2159 1631 2188 novam
1665 2154 1796 2205 prodi-

53 2190 138 2218 mus
165 2177 411 2225 Editionem‚
441 2179 506 2220 sed
529 2192 695 2223 veterem
726 2196 799 2238 pro
825 2186 923 2226 virili
945 2189 1194 2242 restituimus,
1226 2205 1265 2233 at
1285 2194 1337 2235 ita
1358 2208 1400 2237 ut
1419 2198 1520 2240 hanc
1548 2216 1690 2246 novam
1713 2222 1795 2250 non

53 2230 329 2274 labefactemus.
360 2235 443 2288 Qi
475 2249 546 2288 pro
567 2236 640 2278 hac
659 2252 762 2280 nova
793 2251 975 2295 tanquam
998 2257 1070 2297 pro
1090 2246 1164 2286 aris
1183 2261 1226 2287 ac
1249 2247 1345 2291 focis
1365 2252 1573 2302 dimicant,
1604 2260 1700 2301 nihil
1722 2263 1795 2305 illis

53 2288 173 2338 perit,
203 2288 346 2342 aliquid
368 2290 417 2331 de
437 2290 544 2332 lucro
564 2292 721 2334 accessit.
751 2295 869 2335 Hanc
891 2311 1006 2351 quam
1029 2299 1230 2353 adamant,
1259 2307 1501 2350 emendatius
1533 2312 1661 2368 legent
1691 2320 1794 2371 post-

52 2341 146 2391 hac;
173 2346 213 2383 &
243 2345 378 2385 reffius
404 2346 629 2400 intelligent.
659 2350 772 2401 Quid
801 2350 828 2391 fi
860 2352 975 2394 libros
994 2354 1151 2397 divinos
1170 2362 1320 2400 omneis
1349 2363 1571 2418 Paraphrasi
1602 2371 1795 2424 explanas-

50 2396 150 2448 sem,
178 2412 258 2452 quo
277 2399 428 2453 pollent
446 2401 629 2442 incolumi
645 2402 829 2446 sententia
849 2410 889 2446 &
910 2408 982 2462 legi
1003 2410 1247 2463 inoffensius,
1277 2419 1317 2455 δε
1339 2421 1485 2474 percipi
1506 2421 1673 2476 facilius,
1696 2442 1790 2470 num

50 2452 111 2493 isti
137 2452 264 2494 dicam
292 2455 388 2496 mihi
417 2455 648 2499 scriberent?
679 2459 850 2501 Laudem
881 2464 997 2504 etiam
1031 2470 1242 2519 promeruit
1255 2471 1473 2526 Juvencus,
1504 2479 1569 2532 qui
1592 2480 1793 2538 Evangeli-

49 2520 135 2547 cam
158 2508 374 2550 Historiam
395 2511 503 2553 ausus
522 2513 576 2552 est
594 2513 759 2555 versibus
776 2516 979 2559 includere.
1010 2521 1214 2564 Canuntur
1245 2526 1286 2566 in
1306 2530 1460 2583 templis
1480 2534 1656 2586 quotidie
1682 2539 1791 2591 juxta

50 2573 217 2604 veterem
248 2564 472 2607 Editionem
503 2567 662 2608 Psalmi:
690 2570 742 2611 Et
771 2583 899 2612 tamen
930 2585 1033 2616 extat
1058 2576 1140 2618 divi
1160 2580 1394 2638 Hieronymi
1415 2589 1654 2642 recognitio,
1685 2606 1790 2637 extat

49 2617 220 2670 ejusdem
237 2620 345 2672 juxta
363 2623 561 2663 veritatem
582 2623 814 2666 Hebraicam
836 2628 1111 2683 interpretatio.
1154 2635 1223 2675 Illa
1244 2636 1420 2691 leguntur
1440 2642 1481 2681 in
1501 2644 1666 2687 Choris:
1696 2649 1790 2691 haec

49 2671 90 2711 in
111 2673 260 2715 Scholis
277 2687 343 2716 aut
364 2676 496 2719 Domi.
524 2678 676 2719 Neutra
704 2681 830 2722 alteris
849 2684 1034 2728 officiunt.
1068 2692 1197 2743 Atque
1218 2691 1317 2733 adeo
1338 2708 1460 2750 nuper
1474 2696 1581 2740 Felix
1603 2700 1790 2747 Pratensis

49 2725 217 2769 Psalterii
247 2731 364 2771 totius
393 2746 536 2773 novam
562 2734 687 2775 edidit
717 2736 1095 2792 interpretationem,
1126 2746 1173 2785 ab
1189 2749 1367 2790 omnibus
1382 2751 1635 2805 superioribus
1655 2758 1788 2801 admo-

49 2781 143 2823 dum
173 2783 427 2827 diffidentem.
457 2789 559 2842 Quis
587 2789 676 2830 huic
705 2805 875 2846 unquam
908 2798 1032 2838 movit
1060 2801 1294 2855 tragoedias?
1317 2804 1487 2858 Jacobus
1510 2809 1633 2851 Faber
1653 2813 1788 2869 Stapu-

53 2835 185 2889 lenfis,
216 2841 358 2882 amicus
384 2843 533 2894 noster,
562 2844 711 2886 dudum
740 2848 780 2887 id
803 2847 892 2890 fecit
914 2851 955 2890 in
975 2852 1153 2906 Paulum,
1184 2859 1293 2911 quod
1320 2874 1395 2916 ego
1416 2862 1456 2902 in
1477 2875 1601 2906 totum
1621 2867 1787 2911 Novum

50 2889 354 2937 Instrumentum.
385 2899 468 2939 Cur
488 2898 552 2940 hic
573 2899 729 2942 demum
751 2913 934 2958 tanquam
956 2906 1006 2947 ad
1027 2922 1106 2950 rem
1127 2925 1268 2954 novam
1288 2929 1582 2962 commoventur
1603 2922 1789 2976 quidam?

50 2946 118 2985 An
141 2947 220 2988 aliis
241 2952 417 2993 omnibus
444 2954 543 2995 istud
579 2956 689 2998 licere
715 2957 873 3010 volunt,
901 2962 997 3002 mihi
1018 2966 1084 3005 uni
1111 2980 1192 3007 non
1213 2970 1377 3012 volunt?
1407 2974 1530 3028 Atqui
1561 2975 1788 3031 Stapulenfis

50 3013 132 3039 non
153 3003 264 3053 paulo
285 3006 368 3059 plus
386 3008 493 3049 ausus
508 3010 583 3060 est,
613 3026 727 3065 quam
749 3027 836 3070 ego.
864 3015 932 3058 Ille
951 3017 1056 3060 suam
1075 3021 1433 3076 interpretationem
1455 3032 1574 3071 veteri
1592 3047 1646 3086 op
1675 3033 1786 3085 osuit,

50 3055 168 3107 idque
198 3057 238 3097 in
259 3061 551 3105 Academiarum
583 3068 757 3108 omnium
784 3070 914 3124 regina
935 3071 1106 3117 Lutetia:
1135 3090 1211 3132 ego
1231 3082 1536 3135 recognitionem
1556 3099 1621 3128 mo
1652 3104 1678 3128 o
1698 3100 1787 3142 pro-

50 3108 182 3162 fessus,
208 3112 314 3156 locos
332 3117 477 3171 aliquot
495 3131 559 3162 aut
585 3123 738 3177 corrigo
759 3137 823 3166 aut
842 3126 1004 3223 εκῗᾶςο.
1043 3132 1134 3173 Nec
1162 3134 1240 3175 hoc
1270 3135 1455 3189 dixerim,
1486 3140 1593 3193 quod
1620 3142 1654 3182 F
1655 3142 1787 3205 abtum

978 3197 999 3238 3
1747 3211 1790 3239 m
