1976 3519
134 199 193 241 44
521 179 1523 223 PROLEGOMENA.

135 306 162 327 „
191 273 258 328 qui
288 270 481 313 Codicem
512 269 637 309 minus
667 267 824 323 quidem
856 267 1046 319 nitidum,
1077 268 1141 309 sed
1172 268 1476 310 emendatiorem
1488 269 1522 308 '’.
1578 267 1630 307 Et
1655 268 1720 309 ΑΟ.
1754 275 1876 320 Ῑςιτι

136 328 330 384 Apologia
354 326 406 371 aa'
424 325 627 365 Stunicam
646 324 686 364 in
699 323 764 377 Jo.
790 323 822 363 1.
853 335 918 373 47.
971 354 996 375 „
1026 325 1161 374 Quum
1183 324 1277 364 haec
1301 323 1575 364 excuderentur
1596 322 1878 377 Basileae‚sup-

137 416 162 437 ‚‚
191 384 371 439 petebant
401 380 512 420 nobis
541 379 770 432 exempiaria
799 378 870 418 tria
895 374 1236 433 [Evangeliorum]
1262 392 1380 419 unum
1398 377 1504 432 quod
1528 378 1639 417 nobis
1657 379 1878 431 praebuerat

136 472 163 492 „
192 438 351 480 eximius
382 437 440 476 vir
465 435 529 490 JO.
556 434 818 482 Reuchlinus‚
850 432 952 483 duo,
982 448 1079 488 quae
1101 434 1320 488 praebuerat
1340 433 1612 473 monasterium
1635 433 1876 475 Praedicato-

137 527 164 548 „
194 508 278 535 rum
306 491 471 533 Bafileae
492 517 504 537 ‚
539 490 579 529 in
605 503 768 543 quorum
790 487 908 528 altero
928 488 1086 529 aderant
1113 489 1393 529 Commentarii
1417 488 1556 529 Graeci
1575 488 1879 541 Theophylasti,

141 578 168 601 ,,
199 563 313 604 quem
336 561 408 587 nos
429 546 543 586 toties
563 544 791 585 adduximus
812 544 970 583 nomine
991 544 1162 598 Vulgarii
1175 575 1186 594 ,
1217 542 1325 597 quod
1342 542 1629 597 Theophylaffi
1651 543 1878 584 vocabulum

138 637 165 658 ,,
194 606 246 645 ob
277 604 402 644 literas
435 601 590 642 detritas
617 601 680 640 vix
708 598 784 653 legi
816 599 982 652 posset''.
1015 602 1053 638 ὃ(
1085 601 1149 639 A0.
1185 599 1304 648 1528.
1337 597 1518 651 qupons.
1553 598 1609 636 ad
1635 598 1784 649 Ovjeffl.
1817 605 1880 638 16.

140 661 406 714 Hispanorum
437 655 490 696 de
511 655 598 696 loco
619 656 745 695 Lucae
765 653 794 692 Ι.
827 667 847 707 3
860 666 892 704 5.
946 684 972 704 ‚,
996 653 1196 708 Johannes
1219 653 1459 694 Reuchlinus
1479 651 1735 706 suppeditarat
1756 652 1878 693 Codi-

139 748 165 769 ‚‚
195 729 277 756 cem
308 713 362 754 N.
395 712 446 752 T.
477 710 616 750 bellum
643 709 767 749 verius
796 721 911 761 quam
939 708 1207 755 emendatum3
1238 709 1268 748 is
1299 708 1361 747 hic
1395 707 1543 748 reliEtus
1562 707 1616 747 est
1635 722 1656 746 a
1680 706 1883 748 Cardinau

139 800 166 824 ,‚
197 769 389 825 quodam,
407 765 555 821 Synodi
582 777 766 818 tempore.
809 763 893 816 QJi
912 774 1110 818 praeerant
1133 763 1411 817 Castigationi‚
1441 776 1528 803 cum
1545 762 1727 802 haberent
1762 763 1881 803 theo—

141 858 168 879 „
198 825 369 880 phylaffi
398 816 681 862 vetustifflmum
715 816 930 866 Codicem5
961 818 1171 860 maluerunt
1194 817 1303 858 illum
1327 817 1467 857 bellum
1489 817 1600 871 sequi.
1661 817 1716 857 Ita
1736 816 1878 858 fa&um

139 913 167 933 ‚‚
197 882 275 930 est,
304 891 345 920 ut
375 875 584 931 aliquando
616 873 812 914 contextui
841 887 922 913 non
943 884 1171 927 congrueret
1190 887 1276 912 mea
1295 872 1528 913 emendatio.
1584 873 1676 912 Hoc
1698 872 1803 912 simul
1824 884 1879 913 at-

138 968 166 989 „
196 950 271 990 que
293 933 488 986 comperi,
513 928 621 984 jum,
650 942 698 968 ne
718 927 812 982 quid
834 928 882 968 ad
904 928 1009 968 illum
1029 929 1283 983 corrigerent,
1312 929 1380 981 qui
1401 927 1590 968 videretur
1612 927 1661 966 ad
1672 927 1879 981 Vulgatam

139 1023 165 1044 ,‚
195 991 422 1032 Latinorum
444 1000 487 1025 ac
509 996 702 1025 recentem
722 984 947 1024 Leffionem
967 983 1191 1024 emendatus
1204 984 1238 1024 ³².

201 1046 260 1085 Ab
290 1045 362 1083 hac
384 1040 529 1081 Erasmi
561 1038 744 1080 sententia
765 1038 931 1088 disceffi,
945 1038 1089 1089 fateor,
1118 1039 1157 1078 in
1180 1039 1300 1092 prima
1317 1037 1682 1090 Proiegomenorum
1706 1047 1880 1079 meorum

138 1100 335 1143 Editione.
367 1098 471 1137 Cum
490 1094 593 1135 enim
609 1108 658 1134 eo
678 1105 851 1147 tempore
869 1094 962 1134 alios
983 1093 1033 1133 ad
1047 1094 1269 1134 Verfionem
1291 1093 1423 1132 Italam
1445 1091 1694 1145 interpolatos
1705 1093 1877 1134 Codices

139 1170 221 1198 non
241 1154 387 1195 nossem
403 1151 474 1192 nisi
495 1149 847 1199 Graeco-Latinos,
875 1148 917 1197 id
935 1149 987 1189 est
1010 1163 1030 1188 a
1052 1149 1209 1188 librariis
1233 1149 1400 1197 Latinis,
1416 1161 1484 1187 nec
1507 1147 1647 1187 Graeci
1669 1161 1739 1188 nec
1752 1148 1879 1188 Latini

143 1211 327 1253 sermonis
351 1208 437 1248 satis
458 1206 590 1260 peritis
603 1216 818 1253 ‚exaratosz
850 1203 952 1244 hunc
973 1218 1064 1243 vero
1086 1203 1278 1244 Codicem
1300 1203 1346 1243 ab
1367 1203 1525 1242 homine
1544 1201 1883 1243 Graeco&erudi-

140 1279 183 1309 to
205 1266 382 1319 scriptum
401 1258 756 1315 deprehendissem,
787 1259 854 1313 qui
878 1262 915 1298 &
939 1258 1254 1314 Orthographiae
1279 1258 1427 1313 regulas
1448 1268 1620 1298 accurate
1642 1257 1882 1309 observasset,

141 1327 182 1363 ὃς
213 1319 326 1370 ἰῶτα,
355 1317 463 1372 quod
493 1316 583 1356 alias
602 1313 778 1355 subscribi
799 1313 912 1364 solet,
942 1314 1082 1368 ubique
1106 1313 1374 1367 adscripfiffet‚
1405 1316 1444 1352 δε
1466 1314 1505 1352 in
1531 1312 1703 1353 Patribus
1723 1313 1883 1354 Graecis

140 1376 265 1419 fuisset
292 1372 576 1420 versatiffimus,
607 1369 714 1424 quod
749 1380 897 1423 praeter
927 1368 998 1408 alia
1027 1370 1145 1409 multa
1177 1368 1319 1409 indicia
1339 1379 1444 1422 patet
1465 1383 1507 1408 ex
1526 1368 1776 1408 annotatione
1800 1368 1882 1421 ejus

140 1432 191 1474 ad
214 1431 426 1472 Historiam
449 1427 660 1475 adulterae,
685 1424 747 1478 Jo.
778 1424 888 1465 VIII.
919 1426 957 1462 &
979 1423 1029 1464 ad
1053 1423 1174 1465 Marc.
1230 1422 1346 1465 XVI.
1377 1436 1436 1471 9.;
1466 1437 1545 1463 non
1568 1423 1676 1476 potui
1697 1438 1718 1462 a
1739 1437 1800 1463 me
1812 1424 1882 1464 im·

142 1500 314 1542 petram,
327 1496 368 1526 ut
390 1483 495 1523 illum
515 1485 553 1521 ὃς
576 1479 747 1520 Codices
768 1479 1099 1520 Graeco-Latinos
1119 1481 1159 1519 in
1178 1479 1342 1520 eandem
1362 1478 1512 1518 c-lafl‘em
1533 1477 1719 1518 referrem.
1751 1480 1804 1519 At
1825 1478 1883 1519 su.-

139 1543 310 1598 spicione
339 1538 434 1580 mihi
459 1551 551 1579 tunc
580 1536 717 1575 oborta
746 1534 796 1574 de
827 1533 1043 1574 Codicibus
1076 1536 1122 1576 A.
1153 1535 1202 1574 C.
1233 1538 1272 1574 ὃ(
1295 1535 1361 1580 L.,
1392 1536 1432 1573 &
1465 1548 1504 1574 re
1523 1533 1653 1587 postea
1673 1534 1882 1574 accuratius

137 1597 377 1645 examinata,
407 1607 486 1634 non
507 1591 643 1632 dubito
663 1591 822 1630 Erasmo
843 1588 1007 1630 assentiri
1027 1601 1142 1643 atque
1160 1590 1307 1634 dicere,
1330 1588 1431 1630 hunc
1444 1588 1742 1641 Evangeliorum
1758 1588 1882 1631 Codi-

138 1667 225 1695 cem
245 1664 326 1694 tum
354 1664 399 1690 ex
427 1646 614 1691 versione
633 1645 751 1694 ltala,
784 1644 860 1686 five
879 1657 925 1685 ex
946 1643 1161 1686 Codicibus
1182 1644 1342 1685 Graecis
1360 1642 1409 1684 ad
1429 1643 1529 1684 hanc
1553 1642 1775 1684 Verfionem
1797 1643 1884 1684 effi-

140 1709 212 1750 &is
235 1738 247 1758 ‚
289 1718 371 1747 tum
401 1717 447 1744 ex
475 1702 556 1742 aliis
583 1701 699 1741 etiam
730 1699 998 1747 Versionibus,
1032 1712 1113 1740 tum
1139 1714 1187 1740 ex
1206 1700 1401 1749 Patribus,
1430 1700 1648 1752 euphoniae
1669 1710 1783 1752 atque
1805 1699 1881 1740 ele-

137 1764 292 1820 gantiae
315 1756 599 1800 studiofioribus
609 1788 618 1804 ,
640 1754 914 1806 interpolatum
926 1753 1031 1794 fuisse
1041 1776 1052 1802 ·,
1064 1754 1173 1807 quod
1185 1754 1391 1794 innumeris
1402 1753 1584 1807 exemplis
1595 1753 1692 1792 mihi
1701 1753 1884 1797 constitit.

201 1812 236 1859 2.
263 1813 406 1857 Codex
429 1809 643 1865 Bafilienfis
667 1809 710 1850 B.
742 1808 812 1851 VI.
848 1821 910 1859 25.
943 1809 1250 1850 membranaceus
1280 1808 1401 1849 Seculi
1422 1807 1516 1849 XV.
1553 1808 1717 1849 Bafileae
1744 1823 1765 1849 a
1795 1809 1826 1849 F
1832 1810 1881 1851 R.

136 1864 691 1915 -PRAEDICATOROEUS
723 1875 848 1904 emtus
880 1865 1005 1917 pretio
1026 1863 1190 1905 duorum
1212 1862 1448 1905 florenorum
1469 1863 1713 1904 Renensium.
1772 1864 1883 1906 Con·

133 1930 237 1970 tinet
259 1936 423 1981 quatuor
447 1919 677 1974 Evangelia,
707 1919 884 1972 imperita
901 1918 1016 1972 plane
1036 1933 1150 1959 manu
1174 1919 1330 1972 scripta,
1367 1932 1464 1972 quae
1484 1934 1502 1963 η
1524 1921 1563 1957 ὃ(
1587 1936 1597 1957 ι·
1615 1922 1653 1958 &
1670 1935 1712 1966 ει,
1741 1935 1765 1957 ω
1784 1923 1821 1960 &
1844 1937 1881 1973 o,

137 2000 175 2023 αι
195 1987 234 2023 &
255 1998 292 2027 e,
321 1982 348 2025 β
372 1982 410 2018 &
432 1993 450 2016 υ
473 1975 551 2017 fere
579 1972 807 2023 confundit,
837 1973 956 2014 multa
985 1974 1100 2014 etiam
1130 1974 1182 2014 ob
1203 1971 1447 2021 ὃμοιοτέλευτα
1472 1973 1630 2014 omittit.
1686 1974 1880 2016 Martinus

138 2037 294 2091 Crustus
322 2033 462 2076 eodem
491 2030 576 2072 usus
603 2029 658 2070 est
678 2027 883 2083 Tubingae
904 2030 968 2070 ΑΟ.
1002 2041 1015 2068 1
1030 2042 1119 2080 577.
1151 2032 1190 2068 &
1214 2040 1303 2069 ante
1319 2029 1423 2069 illum
1442 2029 1643 2082 praecipue
1663 2028 1881 2080 Erasmus,

136 2095 207 2149 qui
225 2094 290 2134 ΑΟ·
324 2103 340 2129 1
354 2103 396 2140 51
411 2100 444 2138 ς.
473 2086 577 2127 hunc
595 2082 724 2138 ipsum
739 2083 933 2124 Codicem
955 2082 994 2124 in
1017 2084 1215 2125 officinam
1235 2084 1516 2124 Frobenianam
1531 2114 1541 2133 ‚
1573 2096 1613 2124 ut
1634 2085 1735 2137 typis
1753 2084 1883 2126 edere.-

140 2162 222 2195 tur,
252 2144 434 2194 tradidit,
465 2140 569 2183 unde
597 2139 713 2180 etiam
744 2138 849 2194 signa
874 2138 1187 2194 Typothetarum
1219 2141 1258 2179 &
1280 2139 1550 2194 quaterniones
1574 2141 1613 2178 ὃς
1634 2140 1791 2194 paginas
1811 2139 1883 2195 fig-

140 2215 248 2246 natas
280 2199 474 2242 Editionis
504 2196 649 2251 primae
682 2195 926 2235 Erasmianae
959 2193 1086 2235 adhuc
1118 2196 1395 2243 retinet;.·ante
1425 2206 1553 2235 tamen
1581 2195 1757 2235 Erasmus
1777 2191 1881 2235 hune

140 2258 335 2301 Codicem
366 2254 416 2296 ad
447 2252 564 2293 fidem
588 2249 878 2304 Theophylasti
909 2249 1146 2304 aliorumque
1175 2251 1353 2300 Panum,
1383 2253 1422 2288 δε
1445 2263 1492 2290 ex
1515 2248 1701 2292 Verfione
1721 2251 1880 2301 Latina,

141 2326 205 2356 aut
237 2313 319 2353 aliis
349 2308 564 2351 Codicibus
595 2305 778 2354 Graecis,
809 2304 1002 2346 interdum
1035 2306 1149 2346 etiam
1170 2319 1218 2346 ex
1237 2305 1457 2358 conjeEtura
1478 2305 1660 2345 correxit:
1689 2306 1804 2345 uti&
1833 2319 1880 2346 ex

141 2368 378 2423 inspeffione
405 2362 568 2405 Codicis
587 2360 730 2402 discere
749 2359 861 2410 lieet,
888 2359 1024 2414 &ipse
1044 2360 1215 2414 Epistola
1234 2360 1380 2401 CCLI.
1408 2359 1457 2400 ad
1478 2359 1675 2400 Budaeum
1693 2358 1769 2400 hoc
1779 2360 1880 2403 ultro

141 2425 289 2467 fatetur.
345 2422 405 2461 En
436 2416 642 2470 Exempla,
673 2429 720 2457 ex
747 2416 921 2470 margine
943 2415 1055 2468 hujus
1074 2415 1236 2457 Codicis
1258 2416 1398 2470 petita,
1428 2415 1492 2456 ubi
1511 2429 1598 2457 eum
1620 2415 1797 2456 Erasmus
1816 2414 1880 2457 sua

141 2494 258 2521 manu
278 2488 478 2532 perperam
496 2471 670 2513 correxit.

141 2533 286 2577 Matth.
314 2532 363 2572 II.
399 2545 412 2571 1
429 2543 460 2569 1.
489 2524 596 2595 3&an
617 2523 698 2577 εὗρον
716 2539 763 2566 ex
780 2522 968 2568 Verfione
993 2525 1179 2580 Vulgata.
1634 2523 1879 2579 (adimplere.

315 2590 364 2630 V.
399 2596 461 2637 17.
491 2582 603 2622 ἄλλοι
632 2578 841 2635 &huffe-ott]
875 2581 969 2621 ἀλλ’
998 2579 1272 2634 ἀναπληςὸσαι,
1302 2580 1392 2634 quia
1412 2580 1452 2620 in
1475 2577 1649 2633 l⁷ulgata
1670 2579 1782 2634 legit:
1804 2579 1883 2633 fid

394 2653 458 2691 29.
485 2635 628 2692 γέενναν]
662 2647 699 2679 -ι-
719 2636 769 2675 τᾶ
790 2633 898 2688 πυρὸς
917 2651 964 2678 ex
986 2635 1170 2678 versione
1193 2635 1375 2690 Vulgata.
1408 2636 1514 2676 Duas
1534 2646 1662 2676 tamen
1683 2635 1877 2677 Correffi-

493 2707 579 2734 ores
599 2693 685 2733 istas
705 2691 881 2733 Erasmus
903 2693 942 2733 in
963 2692 1147 2734 Editione
1163 2691 1243 2746 ipsa
1263 2704 1345 2732 non
1362 2691 1417 2732 est
1443 2690 1599 2731 secutus.

252 2751 365 2795 XIII.
398 2761 460 2802 14.
488 2748 738 2799 ἂναπληρέτσιι
757 2756 795 2787 -·Ι-
812 2744 873 2787 ἒπ’
891 2761 939 2788 ex
959 2747 1145 2801 Vulgata.

250 2806 369 2850 XXI.
423 2818 460 2859 7.
488 2801 550 2844 καὶ
582 2801 800 2843 &mulsam
819 2800 934 2843 ἐπάνω
965 2801 1098 2858 ἀυτῶν]
1131 2803 1263 2853 Haec,
1294 2801 1449 2856 quaein
1471 2798 1623 2840 Codice
1639 2799 1722 2854 ipso
1741 2800 1875 2841 omissa

490 2871 618 2908 erant,
645 2859 823 2898 Erasmus
847 2871 894 2899 ex
923 2857 1110 2900 Verfione
1137 2857 1312 2912 Vulgata
1331 2869 1413 2898 non
1440 2854 1629 2895 intelleera
1651 2855 1782 2895 vertit:
1813 2852 1875 2895 καὶ

491 2911 661 2953 ἒκοίθισοιν
682 2911 802 2953 ἐπάνω
821 2911 948 2955 auris:
978 2914 1024 2954 In
1045 2913 1125 2968 ipsa
1142 2927 1235 2953 vero
1256 2911 1426 2953 editione
1444 2910 1755 2964 Typothetarum
1778 2911 1875 2952 vitio

490 2968 703 3023 expressum
721 2970 791 3009 est:
820 2963 881 3007 καὶ
910 2966 1054 3009 &deum
1073 2966 1188 3009 ἐπάνω
1209 2966 1328 3010 ἀυτῖἷς.

210 3027 367 3071 ΧΧΙΙῙ.
401 3038 466 3079 13.
500 3036 562 3075 14.
592 3024 771 3064 Erasmus
790 3023 967 3064 ordinem
989 3035 1223 3065 commatum
1245 3022 1400 3064 invertit
1421 3033 1467 3062 ex
1487 3019 1674 3062 Verfione
1688 3019 1874 3075 Vulgata.

187 3091 366 3136 XXVII.
399 3102 464 3144 35·
495 3086 668 3128 addidit:
705 3083 760 3125 ἰ’νοι
776 3086 957 3139 πληςωθῆ
977 3079 1070 3129 Π.
1101 3100 1148 3127 ex
1171 3084 1357 3147 Versione
1380 3082 1565 3135 Vulgata.

403 3158 469 3200 52.
496 3142 672 3195 addidit,
700 3154 799 3196 quae
820 3142 997 3187 aberant:
1025 3137 1086 3184 202}
1105 3139 1162 3183 τοὶ
1179 3156 1324 3190 pompaei«.
1339 3137 1569 3191 ἦνεῶχθησαιν.
1750 3191 1799 3233 Μ

1801 3205 1873 3234 arc·
