1976 3519
467 189 1462 235 PRoLEGoMENA.
1742 204 1824 245 205

99 293 214 334 atque
232 279 380 334 spiritus
391 279 530 329 saneti,
543 279 720 333 personas
736 277 886 318 divinas
903 287 1076 317 accurate
1096 276 1242 329 semper
1261 277 1308 317 ab
1327 278 1506 319 omnibns
1536 277 1739 333 distingui:
1763 278 1826 318 illa

98 351 191 377 vero
212 350 292 375 non
313 336 440 388 agnita
460 335 606 388 semper
627 333 839 381 confundi,
869 333 972 372 illam
994 329 1162 382 ὑπεροχὴν
1183 331 1319 372 diserte
1341 337 1379 371 ὃ(
1401 345 1529 387 aperte
1548 333 1689 387 ubique
1708 334 1828 374 incul-

98 391 202 440 cavi,
222 405 302 430 non
325 381 432 444 duod
450 390 655 436 nescirem,
677 388 805 428 multis
823 387 1040 441 Theologis
1056 400 1141 426 eam
1162 401 1243 426 non
1266 387 1441 440 probari,
1471 387 1534 428 sed
1557 387 1664 443 quod
1693 388 1825 429 scirem

96 450 137 486 &
150 447 322 485 Patribus
343 446 501 485 Graecis
523 443 817 492 Antenicaenis,
850 443 1039 483 Nicaenis
1057 446 1095 481 ὅ(
1116 441 1399 492 Postnicaenis,
1416 447 1456 482 &
1484 443 1702 498 Theologis
1721 457 1828 498 prae-

97 501 346 546 stantissimis,
365 501 564 553 praecipue
582 498 740 552 Anglis,
770 501 810 537 ὃς
831 497 1191 538 Remonstrantibus
1210 497 1388 537 omnibus
1407 497 1629 550 probatam,
1659 512 1731 539 nec
1760 512 1830 539 un·-

100 570 217 597 ouam
237 557 275 595 in
299 554 462 595 Ecclefia
485 553 711 594 Reformata
733 552 953 593 damnatam
976 551 1083 600 fuisse
1105 566 1113 591 :
1143 555 1293 592 cum&
1312 552 1383 605 ipsi
1409 551 1642 594 Profeffores
1664 553 1830 595 Leiden-

101 599 156 652 scs
175 643 185 662 ,
216 623 379 665 quorum
403 609 572 660 Censura
599 610 642 648 in
666 607 936 662 Confeffionem
956 606 1315 658 Remmstrantium
1335 607 1430 647 acris
1449 617 1573 653 extat,
1603 609 1643 648 vi
1662 610 1831 650 veritatis

100 667 245 716 coacti,
258 665 335 705 faffi
357 664 496 704 fuerint
513 677 548 716 p.
574 676 636 712 52.
669 662 988 715 Remonstrantes
1006 662 1199 715 nobiscum
1217 662 1379 703 credunt
1392 661 1532 716 Jesstm
1544 662 1739 716 Christum
1761 664 1832 716 effi’

98 731 245 762 natura
267 732 400 758 verum
421 717 469 764 ὠ
491 726 691 759 aeternum
712 718 861 758 Deum.
978 728 981 729 ’
1084 735 1086 737 ’
1526 748 1528 751 -

157 777 259 815 Cum
279 788 360 814 non
380 772 588 814 desinerem
608 773 658 814 V.
684 773 745 814 Cl.
765 774 902 815 iterum
920 787 964 814 ac
983 772 1130 827 saepius
1149 772 1389 827 interpellare
1408 800 1419 819 ‚
1451 773 1517 815 ΑΟ.
1542 771 1672 823 ἰ728.
1706 787 1832 815 meam

99 832 309 871 libertatem
328 842 438 883 aegre
458 827 581 869 ferens
601 829 697 869 mihi
716 829 814 870 dixit
835 845 844 870 :
873 830 1028 874 omnia,
1042 827 1092 868 de
1110 829 1245 882 quibus
1264 829 1525 884 conquerebar
1544 860 1556 880 ‚
1585 830 1688 871 reste
1707 833 1746 869 &
1768 830 1832 884 pie

99 889 140 926 «Sc
163 884 436 925 convenienter
456 883 629 938 dogmati
648 884 874 925 orthodoxo
894 884 995 934 dici,
1017 887 1056 922 &
1078 884 1271 926 neminem
1291 884 1337 924 iis
1357 884 1511 926 offendi
1529 885 1655 938 posse,
1684 884 1754 925 nisi
1775 888 1833 927 A·

100 942 257 982 rianum.
291 940 472 993 Cumque
493 938 673 993 responso
695 940 957 994 inexspeslato
977 938 1166 993 perculsus
1187 939 1393 992 objicerem
1412 966 1423 984 ‚
1454 940 1577 994 ipsum
1598 940 1706 982 aliter
1722 954 1835 982 antea

97 996 151 1036 de
171 995 229 1035 his
249 993 354 1035 fuiffe
373 994 540 1035 locutum
554 1025 566 1045 ,
594 994 815 1048 respondit,
836 994 875 1034 se
896 1008 1000 1034 nunc
1021 994 1128 1034 aliter
1150 993 1286 1035 sentire
1305 1025 1317 1045 ,
1346 995 1450 1047 prius
1480 1007 1609 1036 autem
1639 1009 1835 1038 venenum

93 1049 429 1104 fitbordinationis
449 1063 532 1089 non
552 1049 730 1091 olfecisse.
759 1050 941 1103 Denique
962 1050 1018 1090 uti
1037 1049 1184 1090 dietum
1200 1049 1242 1089 d.
1267 1063 1328 1098 14.
1343 1051 1438 1092 Dec.
1458 1052 1580 1091 Anno
1606 1064 1727 1103 1729.
1747 1052 1839 1096 hor÷

100 1106 188 1146 rido
201 1110 238 1144 &
259 1104 404 1144 inculto
422 1103 563 1158 scripto
583 1104 851 1145 atrociflimam
873 1104 1152 1145 accusationem
1171 1104 1353 1155 instituit,
1374 1108 1413 1144 &
1433 1106 1544 1146 unice
1565 1119 1611 1146 ex
1633 1108 1776 1148 notatis
1794 1107 1839 1148 il-

100 1161 172 1202 lius
191 1159 383 1214 discipuli,
412 1160 502 1213 qui,
533 1159 569 1200 se
589 1172 759 1200 mentem
785 1173 909 1213 mea-m
939 1173 1020 1208 non
1051 1160 1158 1199 fuisse
1189 1160 1393 1200 assecutum
1417 1193 1426 1210 ‚
1458 1162 1622 1215 ingenue
1641 1165 1680 1201 &
1699 1162 1838 1216 sponte

101 1214 289 1257 confessus
313 1225 415 1264 erat,
434 1228 478 1254 ea
499 1215 593 1254 mihi
615 1215 840 1268 imputavit,
871 1228 969 1268 quae
988 1215 1133 1255 nemini
1154 1229 1323 1268 unquam
1353 1214 1445 1255 sano
1463 1217 1503 1255 in
1526 1228 1695 1257 mentem
1724 1230 1836 1259 vene·

101 1271 316 1324 runt,quin
338 1270 585 1323 &epistolam
608 1271 773 1312 Pastoris
791 1270 987 1324 cujusdam
1010 1270 1219 1310 Lutherani
1243 1269 1471 1316 ostentavit,
1500 1271 1539 1311 in
1561 1285 1636 1325 qua
1656 1272 1838 1327 scriptum

99 1338 180 1367 erat
197 1356 208 1375 ,
239 1339 300 1366 me
328 1323 464 1378 (quem
486 1338 567 1365 non
596 1324 663 1365 nifi
685 1339 732 1366 ex
751 1330 968 1366 narratione
989 1325 1027 1379 J
1048 1325 1091 1365 L.
1112 1325 1212 1378 Frey
1235 1337 1418 1376 noverat,
1437 1326 1533 1366 nihil
1554 1327 1656 1366 enim
1679 1340 1771 1369 tunc
1800 1343 1839 1369 e-

101 1378 297 1432 dideram)
327 1379 526 1420 hominem
549 1395 630 1420 non
649 1380 783 1422 leviter
803 1381 951 1422 luxatae
971 1381 1110 1420 mentis
1128 1380 1261 1421 videri.
1291 1381 1474 1434 Cumque
1503 1382 1630 1422 mense
1653 1382 1839 1436 Januario

104 1449 223 1490 1730·
243 1437 349 1475 illum
368 1436 625 1477 convenissem
637 1466 648 1485 ,
661 1437 897 1491 &rogassem
908 1468 920 1487 ,
932 1448 974 1476 ut
990 1437 1030 1476 in
1043 1436 1353 1488 secunda‚·quam
1376 1436 1622 1487 moliebatur,
1635 1438 1840 1480 accusatio-

100 1507 151 1532 ne
171 1490 355 1531 Haerefin
368 1521 380 1541 ,
399 1504 516 1544 quam
535 1490 631 1530 mihi
650 1492 864 1546 impingere
881 1491 1017 1537 vellet,
1030 1492 1128 1531 clare
1149 1491 1396 1542 describeret,
1411 1489 1583 1547 mihique
1602 1505 1666 1533 aut
1687 1495 1841 1548 opinio-

101 1561 215 1595 nem,
245 1559 359 1600 quam
372 1543 489 1586 'sciret
520 1561 643 1586 meam
664 1547 739 1587 este
759 1581 768 1596 ‚
797 1559 860 1588 aut
888 1547 1058 1602 Systema
1079 1545 1343 1600 qualecunque
1364 1577 1375 1597 ,
1404 1548 1613 1588 cohaerens
1641 1548 1770 1589 (altem
1799 1555 1841 1591 &

100 1615 242 1646 unum,
271 1614 353 1641 non
373 1600 466 1642 vero
495 1600 628 1642 deliria
648 1601 835 1643 frontibus
857 1602 1022 1642 adversis
1043 1603 1253 1655 pugnantia
1285 1603 1486 1651 tribuc‘ret3
1511 1603 1577 1643 -his
1598 1605 1771 1657 precibus
1798 1605 1840 1646 id

101 1657 236 1706 effeci,
263 1668 305 1697 ut
325 1656 455 1709 postea
489 1671 568 1697 rem
595 1657 802 1710 majoribus
822 1657 1218 1698 tenebris-involveret
1239 1684 1250 1705 5
1282 1658 1453 1711 mihique
1484 1660 1686 1699 minimum
1706 1660 1842 1702 decem

103 1711 283 1765 personas
315 1710 576 1751 diversissimas
595 1712 833 1764 imponeret,
864 1724 906 1753 ut
936 1712 990 1751 illi
1023 1712 1137 1751 ess'em
1159 1715 1198 1752 ὅ(
1230 1712 1478 1762 Socinianus,
1508 1716 1548 1752 δε
1580 1716 1765 1765 Arianus,
1800 1719 1842 1756 δε

103 1767 355 1806 Semiarianus
377 1791 387 1810 ‚
417 1768 456 1804 &
486 1765 608 1805 homo
627 1767 678 1806 ita
698 1766 872 1816 callidus,
902 1777 944 1817 ut
970 1766 1057 1819 -ejus
1087 1765 1256 1806 haerestn
1285 1780 1351 1818 per
1380 1767 1571 1820 integrum
1610 1769 1841 1812 decennium

105 1835 177 1862 nec
197 1821 292 1861 ullus
312 1819 590 1874 dicipulorum,
620 1820 865 1876 Theologiae
885 1820 1160 1870 studiosorum,
1192 1835 1262 1860 nec
1287 1823 1458 1871 Coetus,
1489 1820 1560 1863 nec
1584 1824 1716 1864 Pastor
1737 1826 1842 1866 Coe-

105 1888 186 1925 tus,
216 1890 287 1917 nec
308 1875 532 1916 Administri
552 1879 590 1915 &
613 1874 799 1932 Collegae
816 1876 892 1917 mei
904 1876 1217 1929 ,necvquisqua'm
1240 1876 1333 1933 alius
1354 1889 1502 1930 praeter
1521 1891 1640 1931 unum
1668 1879 1842 1922 Theolo-

104 1946 195 1986 gum
215 1929 574 1980 extraordinarium,
594 1929 712 1984 idque
733 1932 968 1984 nuperrime,
987 1931 1152 1971 olfacere
1172 1932 1341 1984 potuerit
1358 1953 1369 1979 —‚
1400 1932 1493 1985 quin
1515 1934 1629 1973 etiam
1650 1933 1844 1986 fateretur,

104 2000 168 2026 me
187 1986 330 2027 nemini
352 1985 538 2036 nocuisse,
569 1999 657 2026 cum
682 1986 860 2026 castiores
893 1984 1021 2029 effent,
1043 1998 1150 2035 aures
1179 1985 1299 2039 plebis
1319 1998 1434 2040 quam
1464 2000 1509 2027 os
1530 1988 1769 2041 Sacerdotis,
1801 1994 1842 2031 &

104 2041 296 2081 auditores
316 2041 392 2081 mei
410 2041 545 2087 verba,
567 2055 665 2095 quae
681 2055 757 2095 ego
777 2041 883 2081 sensu
905 2041 1099 2092 haeretico
1121 2039 1292 2081 dixissem
1305 2051 1316 2090 ,
1330 2040 1435 2082 sensu
1452 2042 1680 2085 orthodoxo
1697 2045 1844 2087 intelle-

105 2097 253 2138 xissent.
284 2096 341 2136 Ita
361 2095 581 2149 portentosa
601 2096 661 2137 vel
681 2096 866 2152 dogmata
887 2097 947 2137 vel
970 2089 1074 2137 dista
1093 2095 1143 2136 de
1161 2097 1238 2137 Dei
1258 2098 1540 2150 omnipotentis
1565 2097 1740 2141 manibus
1762 2116 1845 2142 cru·

107 2152 144 2192 ci
163 2150 331 2192 affixis&
351 2148 731 2206 sanguinolentis,de
750 2151 965 2206 vulneribus
987 2156 1024 2191 ὃ(
1045 2152 1227 2206 sanguine
1240 2151 1402 2204 Spiritus
1419 2153 1633 2202 Sansti3de
1644 2155 1745 2196 Filio
1755 2156 1845 2197 Tri-

108 2207 236 2248 nitatis
254 2238 264 2256 ,
294 2218 358 2247 aut
371 2206 461 2261 Jesu
483 2205 628 2247 Christi
647 2236 658 2256 ,
687 2218 752 2248 aut
773 2207 934 2261 Spiritus
956 2208 1084 2248 Sanffi
1098 2209 1168 2256 ,int
1183 2207 1388 2247 Ecclesiam
1408 2239 1419 2257 ,
1450 2208 1488 2247 in
1509 2208 1652 2249 cultum
1673 2211 1770 2257 Dei,
1801 2213 1842 2252 in

107 2276 238 2317 preces
257 2266 296 2301 &
318 2261 483 2316 hymnos
493 2262 710 2316 nuperrime
726 2262 877 2303 investa
896 2263 1124 2316 approbavit
1144 2261 1362 2316 sanxitque:
1382 2263 1598 2317 doihinam
1620 2279 1845 2320 ver0‚quae

109 2318 157 2358 ab
176 2318 284 2357 omni
314 2329 486 2370 tempore
505 2318 544 2357 in
565 2317 718 2358 ecclesia
739 2329 890 2372 recepta
909 2330 1011 2367 erat,
1043 2321 1082 2358 δε
1102 2319 1342 2371 quae'etiam
1361 2333 1382 2358 a
1405 2319 1702 2372 simplicislimis‚
1733 2322 1844 2362 dum-

110 2372 239 2413 modo
252 2372 354 2412 ideas
374 2373 490 2425 patris
511 2376 549 2412 &
572 2372 641 2413 filii
666 2372 899 2428 distinguere
926 2373 1057 2414 norint
1077 2404 1089 2424 ,
1118 2373 1340 2428 intelligitur
1361 2405 1374 2424 ,
1403 2375 1445 2415 in
1476 2376 1731 2416 monstrosam
1755 2377 1845 2418 hae-

110 2428 206 2468 resin
227 2426 520 2469 transformavit.
926 2436 928 2439 ⁴
952 2436 955 2440 ’
990 2438 992 2442 ’
1012 2436 1020 2470 ἴ
1217 2436 1236 2451 ¹
1779 2449 1782 2452 ’

167 2480 278 2536 Qid
294 2482 490 2527 mihi'tum
510 2494 620 2537 putas
638 2483 756 2523 animi
773 2482 1195 2538 fuisQNempevdum
1207 2483 1448 2526 adversarius
1475 2494 1582 2529 meus
1601 2487 1843 2542 precabatur:

924 2564 1054 2572 ——-—
1081 2538 1265 2580 Pulchra
1295 2540 1508 2592 Laverna,
1742 2552 1745 2555 ’

440 2592 520 2633 Da
541 2592 640 2634 mihi
648 2592 821 2647 fallere,
851 2592 901 2634 da
906 2593 1059 2648 justum
1065 2594 1325 2649 sianumque
1347 2595 1498 2646 videri,

443 2648 612 2688 Noffem
625 2651 804 2703 peccatis
821 2647 1093 2703 &fraudibus
1111 2648 1232 2701 objice
1250 2650 1398 2692 nubem.
1500 2663 1503 2667 ’

141 2704 228 2758 Ego
256 2714 412 2745 contra:
429 2699 488 2743 ὣς).
520 2702 668 2754 mim,
699 2701 811 2743 ἀλλὰ
830 2702 872 2744 σὺ
900 2704 995 2756 pilo-m
1024 2703 1089 2744 ὑπ’
1115 2698 1198 2756 ἦὲρος
1217 2703 1291 2747 viia
1317 2705 1464 2758 ἀχαιιῶν·

439 2757 575 2805 Ποίησον
602 2759 635 2798 δ’
659 2757 786 2810 ἆῖθρην,
815 2756 869 2802 <llas
885 2758 919 2798 cl*
946 2758 1163 2808 ὂφθαλμοῖσιν
1182 2758 1330 2801 ἰδέσθαι·

438 2815 492 2855 Ἐν
519 2813 557 2855 δὲ
585 2813 668 2862 <Daiei
696 2816 722 2867 ’ἐ
751 2813 912 2866 ἵλεω-ον,
940 2813 1013 2854 ἒπὲι
1034 2814 1064 2855 νύ
1083 2831 1135 2856 τοι
1155 2814 1263 2855 eb'aesev
1283 2815 1400 2858 οὕτως.

118 2864 256 2910 Uti-ius
271 2884 365 2911 vero
385 2883 515 2925 preces
531 2870 688 2922 tandem
710 2870 852 2912 fuerint
866 2870 1088 2922 exauditae,
1117 2882 1224 2912 tuum
1254 2872 1298 2913 Β.
1317 2873 1360 2913 L.
1383 2873 1464 2913 esto
1479 2873 1679 2927 judicium.
1732 2874 1844 2915 Hinc

118 2933 244 2963 tamen
265 2925 379 2964 etiam
402 2925 494 2966 illud
514 2926 657 2976 didici,
673 2940 804 2981 ·quam
828 2926 936 2967 facile
956 2925 1041 2971 fieri
1061 2929 1248 2981 potuerit,
1277 2939 1320 2968 ut
1339 2927 1465 2969 seculo
1493 2929 1701 2970 undecimo
1733 2930 1844 2984 Dog-

117 2990 179 3015 ma
196 2977 661 3033 Transsubstantiationis,
693 2981 801 3035 quod
824 2981 1031 3036 dogmate,
1049 2983 1109 3023 cui
1132 2982 1369 3029 contradixi,
1390 2997 1470 3024 non
1491 2984 1545 3024 est
1571 2985 1840 3034 monstrosius,

118 3031 158 3072 in
172 3031 334 3072 Ecclesia
352 3035 488 3076 Latina
510 3036 764 3090 praevaleret,
794 3040 833 3076 ὃ(
853 3037 1055 3084 autoritate
1072 3037 1236 3092 plurium
1255 3038 1501 3093 Synodorum
1522 3039 1735 3080 sanciretur.

171 3086 328 3127 Interim
348 3103 435 3130 cum
455 3091 519 3131 die
545 3104 557 3128 1
573 3104 606 3140 5.
630 3091 725 3132 Dec.
749 3104 867 3144 1729.
896 3093 935 3132 in
947 3092 1107 3133 Curiam
1127 3103 1283 3134 vocatus
1303 3093 1559 3147 praesentibus
1578 3093 1840 3134 Tredecimvi·

120 3140 192 3188 ris‚
221 3141 482 3193 Scholarchis·,
514 3144 789 3189 Profefforibus
816 3146 1062 3243 Theolocgiae
1090 3152 1129 3189 ὃς
1157 3148 1374 3192 Pastoribus
1402 3149 1654 3203 interrogarer
1672 3178 1685 3198 ‚
1713 3147 1841 3241 Scrgba

993 3203 1037 3243 ‘c
1067 3215 1089 3255 3
1803 3215 1842 3242 e-
