1976 3519
115 228 194 265 122
502 207 735 256 P--1R30
785 211 821 253 L
870 208 908 251 E
963 209 1006 250 G
1061 207 1106 250 O
1163 209 1212 248 M
1265 206 1301 247 E
1355 204 1403 246 N
1459 206 1507 247 A.

110 313 152 350 ze
169 306 324 364 gemina
339 295 608 347 -diffic'ultatm
637 311 779 353 nempe
798 294 1037 351 Hieronymi
1059 297 1099 333 &
1118 293 1174 336 N.
1202 291 1254 334 T.
1283 291 1335 333 fic
1352 291 1644 348 'distringimur,
1678 302 1720 333 ut
1740 291 1865 333 existi-

110 378 236 414 mem,
268 358 429 412 Herculi
451 358 578 398 minus
598 354 706 410 fuisse
728 353 877 409 negotii
899 366 988 393 cum
1010 360 1161 393 excetra
1184 351 1225 388 &
1245 361 1397 390 cancro.
1919 349 1923 355 “

125 435 128 442 ·
165 419 300 460 Petro?
320 413 510 466 Caraffae
546 408 727 464 πορίζει.
751 409 841 462 jan.
886 406 1017 457 1515.
1049 404 1225 447 Basileae
1250 403 1355 457 App.
1384 402 1502 444 XVI.
1533 401 1697 448 Novum
1729 411 1868 451 Testa-

111 485 286 523 mentum
310 465 391 525 jam
421 465 709 524 propemodum
735 463 949 505 absolutum
978 462 1057 513 est,
1087 463 1128 501 δε
1158 457 1319 514 quidem
1337 457 1426 500 satis
1448 457 1631 513 feliciter,
1661 464 1731 504 nisi
1755 465 1865 520 quod

115 537 193 587 eg'o
212 526 404 570 laboribus
422 534 573 566 enecor.
894 551 898 555 s
947 531 952 552 2
1201 534 1216 563 t
1405 550 1407 553 Ι

122 600 126 603 ·
170 582 373 633 Bilibaldo
393 577 679 631 *Pirkheimero
698 607 710 626 ‚
726 573 875 615 'Natali
906 573 958 614 D.
990 570 1096 613 Galli
1121 580 1242 622 1515.
1269 568 1374 623 App.
1405 570 1596 614 CXLIV.
1653 574 1867 617 Obruimur

115 640 180 681 hic
212 638 364 693 duplici-
387 634 553 689 sarcina,
592 644 754 687 quarum
775 629 918 670 utravis
935 627 1146 670 Herculem
1169 638 1251 666 non
1273 624 1470 666 Erasmum
1491 627 1659 680 requirit.
1713 629 1868 672 Praeter

114 697 188 737 alia
216 685 993 788 minu'ticpra'lsustinemus‘Hieronymum
1022 685 1063 722 δε
1093 680 1262 723 Novum
1282 679 1601 734 Testamentum,
1633 684 1743 739 quod
1763 699 1868 727 nune

116 757 134 792 t'
191 751 221 791 is
245 758 340 790 excu
371 748 455 787 itur.

129 765 325 856 leiidem‘
346 797 458 845 N‘on.
488 799 573 841 Cal.
603 797 717 839 Febr.
752 797 875 846 1516.
903 793 1007 848 App.
1035 789 1230 833 XLVIII.
1259 789 1440 832 Eduntur
1467 790 1708 849 Adagiorum
1736 795 1870 838 chilia-

117 861 189 903 des
209 860 260 901 fic
280 856 531 906 emendatae,
561 854 613 895 s1c
634 850 912 905 locupletatae,
929 860 985 891 ·ut
1004 859 1153 889 novum
1173 860 1273 900 opus
1292 845 1416 887 videri
1448 846 1572 900 poffit.
1620 850 1809 892 ‘Eduntur
1827 866 1873 894 u-

118 914 266 958 niversa
292 914 345 965 D.
376 910 611 965 Hieronymi
640 906 916 955 monumenta,
940 902 1177 960 argumentis
1206 905 1248 941 &
1275 900 1429 942 scholiis
1449 915 1545 942 ame
1566 903 1768 956 illustrata,
1798 920 1872 951 nec

119 972 200 1013 fine
229 968 385 1011 summis
411 965 610 1014 sudoribus
636 959 843 1003 emendata
865 994 877 1011 ‚
915 960 1059 1015 notatis
1090 972 1135 999 ac
1162 957 1341 1008 semotis,
1370 970 1469 1011 quae
1489 958 1613 1000 notha
1633 959 1783 1002 fuerant
1802 961 1872 1003 ad.

119 1028 250 1068 mixta.
306 1020 762 1073 Emendavimus-totum
795 1015 854 1057 N.
887 1014 938 1056 T.
965 1013 1111 1069 additis⁴
1135 1012 1303 1054 scholiis.
1361 1012 1551 1053 Molimur
1582 1014 1708 1056 obiter
1725 1019 1767 1056 &
1787 1016 1872 1060 alia.

119 1082 199 1124 His
229 1077 421 1127 laboribus
451 1075 502 1117 fic
532 1075 728 1127 obruimur
747 1071 893 1113 sextum
911 1069 991 1112 fere
1010 1068 1206 1120 mensem,
1235 1079 1278 1109 ut
1297 1067 1363 1110 vix
1383 1067 1644 1111 valetudinem
1663 1071 1760 1112 tueri
1781 1084 1872 1126 pos⁴

120 1137 246 1178 fimus.
404 1135 408 1161 ἶ
447 1155 454 1166 r
472 1158 474 1161 ·
960 1135 962 1137 ’
1064 1146 1066 1148 ’

175 1190 326 1233 Eidem.
355 1185 515 1246 postrid.
543 1182 762 1236 Pentecost.
791 1195 809 1222 1
823 1182 913 1233 516.
942 1179 1046 1236 App.
1074 1178 1203 1221 LXII.
1232 1176 1400 1221 Novum
1419 1176 1715 1223 Testamentum
1734 1192 1871 1226 utcun-v

120 1262 199 1303 que
219 1247 274 1287 est
290 1244 520 1286 absolutum.

131 1317 140 1322 ·
178 1301 342 1343 Eidem.
363 1309 483 1350 15517.
513 1295 680 1338 Lovanii
708 1293 834 1350 pridie
852 1291 1030 1334 omnium
1053 1290 1247 1332 Divorum
1271 1288 1349 1344 Ep.-
1377 1288 1652 1333 CCLXXIV.
1705 1291 1874 1334 Novum

121 1357 454 1405 Testamentum,'
471 1352 581 1408 quod
616 1349 768 1405 pridem
797 1348 966 1402 Basileae
996 1346 1290 1400 praecipitatum
1319 1344 1393 1385 fuit
1424 1345 1550 1387 verius
1568 1360 1685 1405 quam
1701 1347 1876 1399 editum,¹

123 1422 256 1455 retexo
275 1426 320 1452 ac
338 1408 503 1459 reeudo,
532 1410 573 1448 &
594 1407 647 1448 ita
665 1403 831 1455 recudo,
859 1414 901 1444 ut
922 1401 1028 1443 aliud
1045 1414 1147 1455 opus
1166 1401 1212 1442 sit
1231 1399 1414 1445 fixurum.

184 1466 365 1508 Rimaclo
391 1463 477 1506 Cal.
499 1463 610 1521 Junii
641 1464 762 1509 1516.
791 1458 1030 1512 Antverpiae
1059 1455 1137 1513 Ep.
1167 1454 1333 1497 CCLII.
1359 1454 1544 1497 Tandem
1564 1457 1684 1512 effugi
1702 1471 1751 1500 ex
1768 1471 1877 1515 erga-

124 1523 225 1565 stulo
249 1520 439 1565 Bafilienli
451 1515 469 1571 ,'
493 1519 534 1560 in
555 1532 636 1574 quo
654 1516 716 1558 sex
735 1526 925 1557 annorum
946 1509 1084 1568 operas
1102 1510 1405 1553 ostovmenfibus
1419 1511 1599 1566 praestiti.

136 1589 141 1592 ·
180 1578 337 1631 Joanm'
363 1575 553 1627 Sylvagio
581 1572 670 1613 Cal.
693 1567 1211 1626 Jun..1516.‡Antverpiae
1239 1566 1316 1622 Ep.
1349 1565 1583 1608 CLXXVI.
1612 1566 1796 1610 Tandem
1811 1583 1878 1610 ex-

125 1634 243 1688 plicui
262 1646 324 1673 me
344 1646 367 1673 e
385 1629 577 1672 laboribus
598 1625 897 1681 Basiliensibus,
911 1620 1074 1664 fortaffis
1094 1622 1209 1664 serius
1229 1625 1271 1661 &
1289 1622 1385 1663 meis
1402 1622 1506 1664 votis
1525 1624 1566 1662 &
1586 1624 1798 1666 amicorum
1811 1639 1878 1668 ex·-

126 1689 388 1744 spestatione,
417 1684 490 1729 sed*
504 1696 634 1724 tamen
655 1695 729 1736 pro
746 1681 875 1734 operis
893 1677 1018 1732 modo
1037 1676 1138 1730 pene
1159 1690 1428 1731 praepropere.

183 1741 441 1797 Wolfigangus
462 1737 669 1779 Fabricius
687 1737 828 1791 Capito
850 1732 1010 1786 Erasmo
1028 1731 1197 1773 Bafileae
1217 1745 1253 1772 2.
1283 1731 1386 1786 Sept.
1424 1745 1440 1772 1
1453 1735 1544 1782 516.
1571 1733 1675 1788 App.
1702 1734 1879 1779 LXXV.

127 1800 338 1841 Caeterum
349 1795 524 1851 gaudem
553 1804 592 1834 te
613 1804 757 1835 novam
775 1788 1022 1831 Instrumenti
1042 1787 1138 1829 novi
1156 1786 1371 1831 editionem
1389 1801 1538 1842 parare3
1571 1791 1610 1828 δε
1629 1791 1788 1832 nomine
1809 1791 1882 1832 im·

128 1855 273 1910 peritae
299 1849 556 1900 multitudims
580 1847 734 1903 gaudeo
754 1875 767 1896 ,
805 1845 868 1886 cui
886 1843 1039 1889 videtur
1056 1842 1188 1899 vel-de
1206 1853 1272 1883 tua
1292 1840 1366 1883 effi:
1385 1843 1634 1898 castigatione
1644 1844 1660 1890 ‚v
1687 1845 1878 1900 quicquid

129 1925 211 1951 non
232 1906 497 1963 expurgaverit
513 1902 784 1959 properantior
801 1900 870 1941 ista
891 1913 1004 1945 cura,
1030 1898 1149 1954 -velgsi-
1163 1896 1497 1952 quandor'Scholia
1517 1898 1665 1940 diversa
1697 1901 1879 1952 sentiunt,

131 1965 307 2020 protinus
327 1960 627 2007 calumniantur,
656 1969 698 1999 te*
713 1962 804 2003 non}
814 1955 913 1997 bene
935 1966 1148 1995 memor-em
1165 1951 1337 2008 pugnare
1357 1963 1510 2005 tecum,
1539 1954 1617 1995 illic
1638 1955 1806 2010 positum
1815 1956 1881 1998 hic

131 2021 251 2062 rursus
278 2029 528 2072 expungere,
551 2014 812 2070 fluetuareque
831 2010 987 2065 incertis
1004 2008 1107 2050 velis.

142 2091 145 2095 ·
188 2076 402 2115 Lati'm'ero'.
432 2071 543 2122 Non.
567 2069 659 2123 Jun.
694 2070 815 2118 1716.
844 2064 949 2120 apud
968 2064 1034 2105 D:
1054 2063 1322 2105 Audomarum
1342 2063 1419 2118 Ep.
1448 2063 1635 2107 CCLIV.
1665 2064 1738 2107 Per
1756 2066 1883 2109 literas

130 2130 322 2179 obtestor,
354 2124 619 2168 humanissime
640 2123 853 2172 Latime‘re,
883 2132 925 2161 ut
945 2120 986 2160 in
1002 2119 1146 2160 N..T.
1174 2118 1335 2173 adjutes.
1389 2118 1549 2160 Editum
1572 2120 1627 2161 est
1649 2134 1721 2175 pro
1732 2133 1884 2176 tempo.

131 2188 182 2227 ris
209 2184 379 2239 angustia
410 2182 499 2223 sat-is
526 2189 723 2228 accurate,
751 2190 888 2219 verum
919 2174 1017 2215 mihi
1050 2185 1200 2229 praeter
1222 2173 1547 2228 exspeetationem
1571 2175 1674 2216 bona
1698 2178 1885 2231 temporis

134 2255 221 2296 pars
245 2235 566 2294 praecastigandis
583 2232 860 2289 exemplar-ibus
871 2262 883 2282 ‚
913 2245 957 2272 ac
977 2229 1112 2277 formis
1131 2228 1370 2284 corrigendis
1386 2241 1468 2271 erat
1489 2230 1728 2272 insumenda.
1758 2233 1882 2273 Tam-

132 2296 201 2338 etsi
224 2295 275 2336 ad
294 2293 336 2334 id
358 2292 524 2334 muneris
543 2290 624 2332 duo
645 2289 755 2330 dost-i
775 2298 920 2343 magno
939 2298 1026 2327 aere
1053 2284 1203 2327 fuerant
1219 2283 1426 2326 conducti:
1457 2284 1508 2326 fic
1532 2297 1661 2327 autem
1681 2286 1884 2341 adjurabis,

134 2351 161 2392 fi
182 2348 428 2392 admonueris
446 2361 521 2402 per
535 2346 702 2395 Literas,
731 2342 828 2398 quid
848 2340 1075 2383 mutandum
1094 2340 1169 2382 esse
1185 2339 1314 2382 ducas.
1372 2341 1480 2381 Nam
1500 2341 1656 2383 alteram
1666 2356 1757 2383 mox
1769 2342 1881 2384 ador-

136 2407 238 2447 nabo
268 2403 512 2453 Editionem;
542 2399 690 2442 Verum
719 2411 814 2441 cave
833 2411 883 2439 ne
901 2397 965 2438 cui
984 2395 1272 2448 hocvsuboleat,
1302 2396 1539 2452 typographi
1558 2397 1702 2452 gratia,
1730 2399 1792 2439 cui
1811 2399 1880 2439 do.

137 2463 190 2502 mi
211 2470 409 2501 manerent
430 2459 494 2499 sua
511 2456 728 2506 volumina,
759 2454 786 2494 fi
807 2453 987 2501 sentirent
1007 2463 1183 2493 emtores.

193 2516 363 2557 Budaeo.
393 2513 468 2568 Ep:
498 2511 645 2552 CCLI.
686 2505 1057 2564 *Dec-reveramflevi
1074 2507 1234 2548 brachio
1255 2520 1335 2548 rem
1356 2520 1560 2563 peragere,
1590 2519 1633 2549 ut
1654 2508 1695 2549 in
1712 2509 1884 2550 minutiis

137 2570 366 2626 quibusdam
387 2568 619 2618 versaturu8‚
648 2569 687 2607 &
708 2563 1025 2606 locos‘duntaxat
1038 2576 1117 2618 eeu
1136 2561 1302 2618 digitulo
1321 2561 1500 2604 indicare.
1557 2563 1680 2604 Porro
1700 2579 1788 2605 cum
1803 2564 1885 2618 jam

137 2626 334 2680 edendum
353 2623 446 2665 esset
465 2636 586 2677 opus,
615 2621 842 2676 instigarunt
861 2617 1021 2674 quidam
1034 2649 1046 2669 ,
1075 2630 1118 2659 ut
1140 2615 1350 2673 Vulgatam
1371 2617 1596 2659 Editionem
1619 2632 1705 2660 mea
1714 2620 1772 2659 vel
1786 2620 1888 2660 Cor·

139 2682 311 2723 restione
330 2679 390 2720 vel
414 2678 729 2732 interpretatione
751 2687 948 2716 mutarem.
1003 2674 1099 2727 Ejus
1121 2672 1326 2714 sarcinulae
1340 2670 1602 2715 'accessionem
1623 2687 1712 2714 cum
1733 2674 1888 2728 oppido

140 2750 257 2791 quam
276 2736 401 2776 levem
419 2733 494 2774 effe
511 2732 715 2782 ducerem,
744 2731 862 2785 longe
882 2727 1137 2785 gravissimam
1158 2728 1239 2782 ipsa
1261 2742 1302 2768 re
1324 2729 1511 2782 comperi.
1567 2728 1723 2769 Deinde
1743 2731 1894 2784 perpel-

139 2792 293 2841 lebant,
320 2801 362 2831 ut
393 2789 664 2830 annotationes
694 2785 876 2826 adderem
897 2785 1095 2840 aliquanto
1114 2782 1396 2837 locupletiores.
1446 2782 1537 2837 Jam
1560 2784 1737 2837 protinus
1756 2797 1799 2825 ut
1819 2785 1890 2826 scis

142 2845 349 2888 retexenda
368 2844 510 2885 omnia.
567 2840 731 2883 Acceffit
751 2844 792 2880 ὃς
815 2839 908 2881 illud
928 2840 1080 2889 oneris,
1109 2838 1314 2879 arbitrabar
1340 2836 1507 2879 Bafileae
1527 2838 1732 2879 emendata
1757 2839 1891 2881 haberi

140 2901 381 2955 exemplaria.
439 2899 495 2939 Ea
515 2897 599 2952 spes
618 2896 804 2951 quoniam
826 2894 982 2945 fefellit,
1012 2893 1168 2935 coastus
1191 2892 1271 2934 sum
1288 2893 1562 2948 praecastigare
1582 2893 1779 2946 Codices,
1808 2896 1893 2949 qui-

141 2958 211 2997 bus
242 2955 341 2997 usuri
366 2964 474 2995 erant
503 2950 742 3004 τυπόγςοιφοι.
799 2951 866 2992 Ad
899 2950 994 2991 haec
1025 2948 1211 2990 conduffi
1229 2948 1379 2989 fuerant
1396 2948 1477 2989 duo
1499 2948 1620 3003 probe
1640 2950 1770 2999 doffl,
1797 2951 1891 2992 alter

137 3012 231 3067 jure
253 3008 485 3060 Consultus,
507 3008 601 3048 alter
619 3005 850 3060 Theologus
867 3006 983 3045 etiam
1006 3004 1200 3046 Hebraice
1220 3004 1384 3057 peritus,
1415 3004 1482 3058 qui
1507 3004 1640 3045 formis
1661 3004 1892 3060 castigandis

142 3066 364 3122 praeessent.
420 3065 476 3105 At
502 3063 544 3103 hi
564 3063 751 3117 quoniam
765 3060 885 3114 hujus
913 3060 1053 3101 laboris
1071 3070 1179 3100 erant
1201 3058 1338 3104 rudes,
1368 3058 1477 3113 quod
1499 3059 1763 3114 susceperunt,
1784 3075 1892 3115 prae-

141 3123 238 3165 stare
255 3134 338 3164 non
356 3129 559 3176 poterant3
589 3115 755 3173 proinde
774 3113 921 3157 necesse
943 3114 1016 3157 fuit
1035 3124 1245 3157 extremam
1260 3112 1468 3157 formarum
1481 3144 1493 3166 ,
1504 3128 1598 3170 quas
1608 3125 1751 3158 vocant
1762 3142 1774 3163 ,
1785 3129 1893 3157 reco-

1805 3171 1892 3227 gni-
