1976 3519
136 208 214 256 178
549 200 1536 245 PROLEGOMENAss

133 292 207 333 hos
237 289 373 345 viginti
396 302 517 329 annos
536 288 726 330 exsolvere
743 300 948 339 conantes,
979 290 1197 342 praecipuas
1217 289 1268 331 V.
1299 287 1340 329 L.
1370 289 1585 344 selegimus,
1615 294 1655 331 &
1673 289 1857 345 quascun-

132 362 208 402 que
227 358 381 398 recepto
401 345 543 385 Textui
565 345 622 384 vel
653 343 941 398 praeferendas,
970 346 1027 384 vel
1060 343 1382 397 aequiparandas,
1414 346 1472 385 vel
1491 347 1696 386 accuratius
1727 346 1853 387 dofris

133 400 406 456 expendendas
432 400 685 454 judicavimus
705 430 717 448 ‚
757 400 928 440 Lectoris
957 399 1075 439 oculis
1106 398 1267 440 fideliter
1293 412 1406 453 atque
1435 399 1636 451 diligenter
1665 400 1854 441 subecisse-

133 472 238 504 mus,
267 456 333 496 nifi
348 482 358 501 ‚
390 455 493 496 unde
515 456 671 495 minime
693 453 898 507 exspeetari
918 466 1090 507 poterat,
1120 454 1437 506 impedimentum
1458 454 1581 495 fuisset
1604 454 1757 495 illatum.

188 512 293 552 Cum
311 525 426 566 ergo,
445 509 624 550 editionis
655 508 966 549 Mastrichtianae
992 509 1264 562 exemplaribus
1284 508 1487 559 distraffis,
1519 509 1758 563 Bibliopolae
1786 512 1853 552 ΑΟ.

139 582 154 608 1
167 580 260 618 732.
291 566 453 606 eandem
474 565 651 605 recudere
671 563 940 614 decrevissent,
970 567 1008 603 &
1028 578 1167 617 operae
1187 564 1283 604 ultra
1304 563 1503 604 dimidiam
1524 578 1670 618 partem
1677 565 1755 618 jam
1767 579 1854 618 pro·

134 621 338 666 cessissent,
367 636 443 676 ego
471 623 535 661 A0.
571 634 616 667 17
626 632 686 671 33.
717 618 1005 672 superveniens,
1036 622 1075 658 &
1105 631 1146 659 ut
1177 619 1319 673 reliqua
1349 633 1516 660 curarem
1536 632 1711 674 rogatus,
1747 619 1854 673 quod

136 691 254 718 unum
287 677 421 717 licebat
448 677 488 716 in
521 689 638 729 opere
668 673 815 723 alieno,
844 673 1032 728 quaedam
1049 674 1216 723 correxi,
1249 678 1286 711 &
1307 675 1370 714 ΑΟ.
1405 687 1523 726 1735.
1554 674 1852 729 praefationem,

135 748 232 788 qua,
255 731 350 786 quid
369 731 460 772 esset
484 730 726 785 praestitum,
751 728 969 779 doceretur,
1000 728 1176 782 praefixi3
1205 742 1289 768 eam
1308 728 1371 768 hic
1388 729 1522 770 iterum
1541 730 1723 770 exhibeo:

605 782 820 836 ‘Praefatio
839 783 883 822 de
903 784 977 823 hac
998 783 1171 822 Secunda
1195 784 1399 824 Editione.

193 844 446 895 Qiantopere
474 839 639 880 Novum
667 837 958 879 Testamentum
980 839 1192 887 Graecum,
1221 852 1308 879 cum
1328 839 1568 879 Variantibus
1588 839 1700 880 MSS.
1731 839 1856 880 Codi-

135 913 222 940 cum
246 896 490 938 Leffiombus
508 906 595 933 anre
617 894 687 933 hos
707 893 897 948 sexaginta
916 907 1037 934 annos
1056 894 1094 932 in
1116 893 1290 934 Theatro
1310 893 1572 934 Sheldoniano
1593 894 1736 934 editum
1749 909 1854 944 ,eru-

135 955 225 994 ditis
257 953 405 1005 piisque
431 949 505 990 sese
522 948 867 998 commendaverit,
897 949 1034 1002 partim
1056 948 1163 1002 quod
1183 948 1321 989 Editor
1339 948 1448 988 fuerit
1460 948 1632 1002 Joannes
1653 950 1854 989 Oxonien-

135 1009 182 1050 sis
216 1005 448 1060 Episcopus,
477 1004 550 1045 Vir
580 1003 630 1043 ad
660 1003 846 1043 Eccleliae
873 1004 1001 1057 reique
1033 1003 1234 1044 litterariae
1265 1004 1409 1043 bonurn
1430 1015 1561 1053 natus,
1591 1005 1726 1057 partim
1748 1003 1854 1057 quod

134 1062 275 1103 minori
299 1059 421 1101 forma
434 1090 445 1109 ,
474 1073 571 1113 quae
587 1058 780 1098 neminem
799 1059 845 1098 ab
866 1057 1033 1098 emendo
1053 1070 1116 1098 aut
1135 1058 1300 1112 legendo
1320 1058 1508 1099 deterrere
1528 1058 1674 1111 potest,
1704 1058 1854 1112 prodie-

134 1120 203 1167 rit,
234 1117 411 1157 omnibus
432 1127 566 1154 notum
588 1126 702 1167 atque
726 1112 964 1153 manifestum
980 1112 1053 1153 este
1073 1113 1223 1167 opinor.

191 1171 288 1212 Illud
309 1185 427 1212 unum
446 1169 647 1209 desiderari
669 1168 889 1218 videbatur,
918 1180 959 1209 ut
978 1169 1156 1209 nimirum
1175 1167 1365 1214 Codices,
1397 1169 1462 1223 qui
1483 1169 1632 1209 testium
1654 1168 1741 1208 loco
1763 1169 1855 1209 cita·

134 1229 163 1268 ti
189 1239 317 1277 erant,
348 1225 554 1265 accuratius
581 1223 898 1272 describerentur,
927 1223 1196 1277 Leffionisque
1229 1223 1393 1278 singulae
1430 1223 1637 1264 Varietates
1668 1223 1717 1263 ad
1735 1236 1855 1264 certas

135 1281 303 1338 regulas,
334 1294 491 1335 quarum
513 1293 609 1333 ope,
640 1279 796 1333 quinam
815 1279 924 1319 testes
946 1278 1023 1318 fide
1044 1278 1175 1332 digni,
1205 1292 1351 1332 quaeve
1371 1279 1574 1319 Lectiones
1595 1279 1780 1332 genuinae
1798 1293 1857 1319 es·

135 1339 238 1388 sent,
266 1349 350 1377 tuto
370 1335 613 1389 pronunciari
631 1333 776 1388 posset,
806 1333 1120 1386 expenderentur.
1178 1333 1297 1374 Hunc
1318 1333 1509 1374 defectum
1527 1334 1697 1387 supplere
1708 1347 1856 1388 aggres-

134 1393 193 1434 sus
212 1394 265 1434 est
284 1392 353 1432 Vir
373 1390 526 1430 Illustris
547 1389 744 1429 Gerardus
763 1403 788 1428 a
810 1387 1046 1440 Mqllricht,
1077 1388 1265 1443 Syndicus
1286 1389 1531 1443 Reipublicae
1554 1388 1785 1438 Bremenfis‚
1816 1400 1857 1429 e-‘

133 1448 219 1488 dito
250 1448 414 1502 primum
436 1444 660 1498 specimine,
690 1444 796 1497 cujus
815 1457 960 1497 partem
982 1443 1139 1497 quidem
1167 1442 1235 1483 Vir
1256 1443 1348 1497 plur.
1378 1443 1629 1484 Reverendus
1641 1442 1855 1497 Christoph.

134 1503 292 1544 Matth.
322 1499 498 1554 Pfaffi'us
527 1500 668 1552 Capite
702 1498 863 1552 septimo
885 1497 1166 1538 Dissertationis
1187 1499 1356 1538 Criticae
1377 1498 1426 1539 de
1444 1499 1633 1539 Genuinis
1653 1498 1855 1539 Librorum

134 1557 249 1599 Novi
267 1555 505 1597 Testamenti
522 1554 767 1596 Lectionibus
792 1556 911 1594 Anno
932 1553 1397 1603 MDCCIXaexhibuit,
1425 1553 1615 1607 integrum
1647 1567 1739 1593 vero
1758 1566 1857 1607 opus

134 1615 256 1655 Anno
287 1610 544 1659 MDCCXI,
572 1624 646 1650 una
675 1623 762 1649 cum
795 1608 922 1649 Novo
948 1607 1199 1649 Testamento
1221 1609 1375 1648 Graeco
1393 1620 1508 1662 atque
1526 1607 1793 1648 acceffionibus
1811 1621 1860 1648 ex

136 1668 289 1709 Codice
320 1664 638 1710 Vindobonenfi,
668 1664 789 1705 multo
818 1662 1020 1718 perfestius
1050 1674 1164 1717 atque
1192 1663 1429 1704 emendatius
1446 1677 1494 1704 ex
1514 1663 1670 1703 officina
1689 1663 1859 1704 Wetste-

134 1724 248 1764 niana
268 1722 368 1762 exiit-

186 1777 297 1818 Haec
326 1774 459 1816 Editio
485 1772 759 1827 exspestationi
789 1772 960 1827 publicae
989 1772 1041 1813 ita
1073 1770 1249 1814 satisfecit
1271 1803 1283 1823 ,
1311 1783 1352 1813 ut
1369 1787 1390 1813 a
1412 1771 1630 1828 Theologis
1647 1771 1775 1825 Belgis
1794 1786 1858 1813 ex-

132 1834 297 1888 terisque
321 1831 492 1871 certatim
511 1828 662 1869 laudata
681 1827 813 1877 fuerit,
843 1840 984 1882 utque,
1013 1827 1226 1868 incredibili
1246 1828 1516 1881 exemplarium
1539 1827 1781 1869 multitudine
1801 1829 1860 1868 in·

133 1901 192 1930 tra
211 1888 324 1929 breve
346 1897 495 1938 tempus
512 1884 705 1933 distracta,
734 1882 856 1924 editio
877 1884 990 1923 altera
1013 1883 1226 1936 posceretur
1250 1895 1364 1936 atque
1381 1882 1623 1936 flagitaretur.

152 1990 157 1992 ,
192 1944 247 1983 Ea
274 1955 376 1982 nunc
407 1940 562 1980 demum
594 1948 781 1991 apparet,
817 1936 882 1977 sed
915 1937 1033 1991 priori
1064 1936 1167 1977 haud
1196 1937 1323 1991 paullo
1355 1938 1488 1977 melior
1508 1950 1622 1992 atque
1644 1938 1860 1979 correffior.

132 1998 267 2039 Primo
297 1996 402 2036 enim
428 1995 467 2034 in
500 1992 793 2046 Prolegomenis
824 1992 940 2032 multa
961 2006 1004 2032 ex
1025 1992 1107 2046 ipso
1130 1992 1191 2032 Cl.
1222 1993 1401 2033 Auctoris
1421 1991 1637 2044 ἀυτογραίφῳ
1659 1995 1749 2033 hinc
1768 1993 1866 2034 inde*

132 2066 214 2094 tum
246 2053 465 2098 immutata,
495 2060 577 2089 tum
607 2047 757 2097 addita,
785 2046 934 2101 suisque
952 2047 1045 2088 locis
1067 2047 1225 2087 inserta:
1256 2047 1745 2102 quaedamletiam‚quae,
1771 2049 1860 2089 licet

133 2107 266 2148 oculos
296 2106 409 2159 ipsius
440 2104 629 2158 fugerint,
659 2114 808 2148 tamen,
839 2116 888 2143 ne
915 2102 1086 2143 incautus
1117 2102 1256 2143 Lestor
1275 2104 1315 2142 in
1335 2117 1500 2143 errorem
1522 2104 1775 2156 abriperetur,
1806 2117 1862 2144 re-

134 2160 411 2217 prehendenda
432 2159 680 2210 videbantur,
709 2159 749 2198 in
779 2158 855 2198 ima
884 2158 1024 2211 pagina
1054 2157 1212 2203 merito,
1244 2159 1284 2198 ni
1308 2157 1439 2209 fallor,
1469 2173 1513 2198 ac
1533 2158 1705 2199 modeste
1727 2171 1861 2199 notata

133 2217 369 2259 exhibentur.

193 2273 239 2313 In
268 2284 430 2325 corpore
461 2283 578 2324 porro
597 2267 702 2309 Libri
723 2281 802 2308 non
821 2267 940 2308 solum
961 2265 1100 2308 menda
1118 2267 1287 2321 aliquot,
1318 2282 1414 2322 quae
1435 2268 1472 2308 in
1497 2267 1665 2309 Textum
1691 2271 1730 2308 &
1753 2267 1864 2307 Loca

125 2326 325 2384 parallela
344 2325 658 2381 Typothetarum
689 2324 785 2364 vitio
804 2321 1049 2375 irrepserant,
1080 2322 1241 2363 sublata:
1273 2338 1405 2363 verum
1425 2324 1541 2364 etiam
1562 2323 1757 2364 sexcentae
1784 2322 1860 2362 Le-

138 2383 281 2424 &iones
314 2385 476 2431 variae,
506 2394 626 2434 quae,
655 2378 781 2419 nescio
801 2392 875 2432 qua
894 2378 1058 2427 incuria,
1087 2377 1278 2418 interdum
1303 2373 1498 2433 perperam
1523 2379 1755 2431 productae,
1785 2378 1864 2431 ple-

138 2451 299 2492 rumque
327 2447 452 2477 autern
482 2447 607 2475 autem
636 2448 716 2475 non
749 2433 820 2474 suis
849 2432 1043 2473 codicibus
1064 2433 1261 2482 attributae
1282 2445 1411 2484 erant,
1439 2447 1486 2473 ex
1510 2434 1569 2474 ΒΓ.
1604 2433 1779 2474 ῑνειῐῑοηί
1802 2434 1864 2472 Bi-

138 2494 224 2534 bliis
245 2491 495 2547 Polyglottis,
525 2489 726 2543 Novoque
740 2488 803 2543 Jo.
832 2488 950 2528 Millii
979 2487 1229 2528 Testamento
1241 2489 1432 2529 correEtae
1444 2492 1557 2542 a'tque
1570 2489 1757 2529 restitutae
1769 2488 1865 2529 sunt.

140 2549 250 2590 Prius
270 2549 373 2588 enim
391 2559 471 2587 tum
494 2545 595 2599 signa
618 2545 945 2596 Codicum,quae
962 2554 1069 2583 erant
1088 2542 1241 2593 fimilia,
1271 2556 1312 2584 ut
1335 2544 1413 2585 Go.
1445 2547 1483 2582 ὃ(
1506 2544 1566 2588 G,
1599 2544 1645 2583 M
1665 2548 1702 2583 &
1725 2544 1863 2596 m‚Cp.

141 2606 182 2652 &
201 2603 289 2652 Co.,
318 2601 418 2655 (hoc
434 2601 487 2641 est
507 2599 643 2642 Versio
663 2599 835 2640 Gothica
856 2602 895 2637 &
916 2597 1056 2638 Codex
1080 2597 1164 2639 MS.
1185 2598 1352 2654 Collegii
1365 2598 1561 2643 Gonvilli,
1575 2598 1714 2638 Codex
1728 2599 1863 2639 Mont-

141 2657 247 2698 fortii
275 2661 313 2696 δε
339 2656 510 2698 Codices
541 2655 709 2709 Collegii
738 2652 1014 2708 Magdalenae‚
1044 2652 1178 2693 Editio
1195 2653 1481 2707 Complutensis
1503 2658 1541 2692 ὅ(
1565 2653 1701 2694 Verfio
1722 2653 1864 2705 Copti-

140 2712 241 2764 ca‚)
272 2711 415 2751 solenni
444 2710 614 2764 quodam
643 2723 769 2750 errore
794 2707 1147 2754 confundebantur,
1186 2719 1267 2748 tum
1297 2709 1411 2748 etiam
1445 2708 1720 2748 Alexandrinus
1751 2708 1859 2761 saepe

142 2782 230 2808 cum
257 2765 583 2820 Cantabrigienfi,
613 2768 652 2802 &
682 2762 957 2805 Lincolnienfis
988 2762 1195 2816 aliquando
1224 2777 1310 2802 cum
1331 2761 1540 2802 Velefianis
1560 2763 1864 2815 permutabatur;

143 2837 241 2878 quae
276 2835 333 2862 res
364 2825 403 2860 δε
430 2820 517 2874 ipfis
545 2819 762 2876 Theologis
794 2820 990 2873 ingentem
1022 2817 1231 2857 molestiam
1251 2818 1411 2861 creavit,
1443 2831 1528 2856 cum
1547 2818 1715 2871 legerent
1736 2818 1784 2857 ad
1806 2819 1864 2857 lo-

140 2893 229 2918 cum
249 2876 432 2918 celebrem
458 2875 602 2914 1.Tim.
623 2875 692 2915 ΙΙΙ.
718 2877 777 2915 16.
791 2906 801 2923 ‚
827 2874 902 2914 csse
920 2872 1111 2913 Codicem
1132 2872 1323 2912 Graecum
1342 2885 1529 2922 veterem,
1549 2873 1616 2926 qui
1628 2886 1760 2913 contra
1771 2887 1864 2912 con·

141 2932 288 2973 sensum
319 2931 548 2984 reliquorum
577 2930 750 2970 omnium
779 2944 850 2982 pro
879 2928 1001 2968 verbis
1019 2925 1097 2968 θεὸς
1118 2925 1291 2978 ἐφανερώθη
1311 2926 1337 2966 ἒν
1356 2923 1457 2980 mgni
1479 2928 1631 2968 haberet
1645 2924 1666 2966 ‘b
1684 2926 1862 2980 ὲφανεςῶθη

140 2986 172 3026 ἓν
203 2982 324 3037 σαρκὶ;
357 2999 459 3025 nunc
485 2998 577 3024 vero
608 2985 668 3024 ille
689 2983 815 3024 nodus
834 2983 1032 3037 expeditus
1051 2983 1126 3033 est,
1157 2983 1358 3037 postquam
1378 2982 1612 3035 deprehensa
1631 2984 1767 3024 erroris
1788 2984 1864 3022 ori·

141 3043 232 3097 gine
252 3041 473 3089 constititit,
503 3040 648 3079 literam
668 3039 701 3079 L
721 3053 792 3092 pro
811 3037 870 3087 V,
904 3052 1001 3091 quae
1021 3052 1100 3077 non
1123 3037 1345 3078 Leffionem
1369 3037 1531 3079 Codicis
1548 3039 1703 3092 alicujus
1723 3037 1871 3079 Graeci-

142 3097 209 3139 sed
229 3097 418 3153 Vulgatae
438 3095 598 3137 Latinae
617 3093 875 3137 conversionis
892 3093 1134 3147 designabat,
1165 3093 1328 3147 pofitam
1348 3092 1464 3134 fuisse.
1820 3146 1840 3187 I

1840 3159 1867 3185 n
