1976 3519
128 182 186 233 46
515 174 1519 220 PROLEGOMENA.

186 267 260 308 Iste
288 265 411 306 codex
441 278 543 305 nunc
571 262 786 305 adservatur
826 262 867 303 in
899 262 1131 303 bibliotheca
1159 272 1373 302 conventus
1411 260 1670 310 Bruxellenfis
1697 260 1873 305 Fratrum

130 322 439 363 Praedicatorum
468 319 530 360 seu
562 320 930 367 Dominicanorum‚
961 318 1022 357 ubi
1043 331 1130 358 eum
1154 317 1217 357 Cl.
1248 317 1318 369 J0.
1344 315 1500 356 Walker
1522 317 1669 371 Anglus
1688 333 1774 359 cum
1794 319 1876 359 edi-

131 378 239 419 tione
265 377 448 417 Genevae
479 378 544 415 A0.
577 379 697 414 1620.
726 384 854 413 curata
883 372 1065 421 contulit,
1096 373 1226 426 postea
1254 386 1346 412 vero
1368 370 1629 412 Collationem
1653 372 1874 413 humaniffi-
1940 383 1942 385 ’

130 445 193 472 me
226 443 375 471 mecum
403 430 710 470 communicavit.
737 427 828 481 Ipso
854 426 985 480 judice
1011 426 1134 467 codex
1165 426 1219 467 est
1249 426 1360 467 seculi
1389 426 1482 467 XII.
1541 426 1683 476 Addo,
1715 427 1873 482 scriptus

134 486 234 526 forte
265 500 287 526 a
319 485 522 526 Monacho
554 484 695 525 Latino
718 514 730 534 ,
760 482 827 536 qui
855 483 945 522 hinc
972 481 1086 531 inde,
1117 481 1182 522 sed
1213 481 1328 521 rarius
1347 511 1359 531 ‚
1392 482 1541 522 Graeca
1571 481 1618 521 ad
1650 481 1877 523 Verfionem

133 541 342 595 Vulgatam
364 541 550 589 correxit,
580 539 658 580 vid.
690 537 812 577 Marc.
837 537 908 579 VI.
939 550 973 577 2.
1003 538 1091 578 Ast.
1123 535 1219 577 XX.
1254 536 1317 576 28.
1346 535 1540 577 XXVIII.
1570 537 1605 577 8.
1640 549 1673 576 1.
1696 536 1790 578 Cor.
1824 537 1878 578 X.

138 600 201 636 16.
230 594 344 637 XVI.
382 608 443 645 19.
472 594 569 635 Phil.
598 592 669 634 IV.
705 606 765 641 19.
794 591 895 633 Heb.
924 590 1014 631 V11.
1048 605 1113 641 27.
1149 591 1274 631 1.Pet.
1304 591 1371 631 IV.
1407 603 1466 641 14.

185 663 224 703 4.
254 649 395 691 Codex
427 649 476 689 R.
497 646 784 690 STEPHANI
810 663 850 694 γ.
880 646 998 687 hodie
1022 645 1283 686 Bibliothecae
1306 645 1426 700 Regis
1447 646 1656 688 Galliarum
1680 661 1717 688 n.
1755 646 1877 700 2867.

135 706 277 747 Codex
296 705 350 746 est
371 704 678 745 membranaceus
698 703 738 742 in
758 713 915 755 quarto,
942 703 1147 742 continens
1166 712 1329 754 quatuor
1349 700 1568 754 Evangelia.

196 775 229 813 5.
260 759 401 801 Codex
432 759 623 813 Stephani
657 757 688 797 ὃ.
719 757 820 811 Reg.
853 757 974 809 ²87¹-
1007 755 1240 797 Universum
1268 755 1323 796 N.
1352 755 1403 794 T.
1425 757 1692 810 complefiitur
1719 768 1880 810 excepta

135 815 382 871 Apocalypsi.
411 815 473 855 De
491 828 539 854 eo
560 813 590 867 J.
620 811 781 853 Millius
810 811 905 864 prol.
941 817 1060 862 1164.
1089 842 1113 860 ‚‚
1144 810 1188 849 In
1217 809 1443 863 quibusdam
1455 813 1501 861 '',
1533 812 1680 866 inquit,
1709 812 1879 866 (potuis-

131 872 186 913 set
219 872 369 920 dicere,
397 870 438 909 in
466 868 650 922 plurimis)
679 897 705 917 ‚,
736 865 880 907 Codici
923 866 1008 906 huis
1038 865 1227 906 consentit
1256 864 1377 905 Verslo
1412 865 1597 918 Vulgata.
1625 887 1689 897 ---—
1718 868 1777 907 Ex
1806 867 1880 908 hac

134 954 161 978 ‚‚
193 927 381 981 Vulgatae
399 923 595 966 Verflonis
611 935 699 963 cum
718 920 870 962 Codice
895 919 927 961 a.
955 920 1226 964 consonantia,
1256 919 1414 960 ductum
1433 932 1528 974 puto
1552 920 1704 972 Estium
1738 934 1880 962 comm.

133 1009 161 1034 „
191 983 231 1022 in
268 995 299 1021 1.
326 980 421 1020 Pet.
451 978 502 1020 V.
538 991 600 1018 10.
636 977 676 1018 in
703 975 1063 1026 eamsententiam,
1094 973 1296 1029 Exemplar
1326 973 1403 1015 hoc
1435 988 1515 1016 non
1546 975 1652 1017 fuisse
1684 977 1870 1030 probatae

190 1035 291 1077 fidei.

136 1071 161 1090 ”
189 1095 226 1131 6.
257 1089 398 1132 Codex
431 1087 620 1144 Stephani
647 1104 671 1129 ε.
703 1087 800 1142 Reg.
834 1099 956 1140 3425.
986 1085 1053 1127 Est
1073 1085 1264 1140 exemplar
1287 1083 1346 1127 N.
1365 1084 1417 1126 T.
1437 1086 1628 1140 integrum
1649 1100 1805 1142 excepta
1824 1087 1880 1129 A-

132 1145 327 1202 pocalypfi
340 1177 352 1196 ,
380 1146 418 1186 in
440 1145 582 1185 ostavo
602 1144 710 1184 litera
733 1145 874 1183 minori
895 1155 1076 1183 exaratus.

191 1215 225 1253 7.
255 1200 396 1242 Codex
416 1199 605 1254 Stephani
634 1214 677 1243 ςπ
707 1199 806 1252 Reg.
838 1198 961 1239 2866.
993 1198 1172 1250 Qatuor
1193 1195 1401 1250 Evangelia
1422 1196 1606 1238 continet.

191 1258 227 1297 8.
256 1255 398 1297 Codex
418 1253 609 1310 Stephani
636 1247 671 1309 ζ.
702 1254 802 1307 Reg.
837 1265 958 1305 2242.
987 1251 1197 1306 Evangelia
1225 1251 1408 1292 continet.

188 1326 228 1363 9.
257 1338 283 1361 ‚‚
313 1310 456 1351 Codex
488 1308 681 1364 Stephani
707 1310 755 1353 ιβ.
785 1308 886 1362 Reg.
922 1309 1044 1348 2862.
1076 1305 1341 1360 complectitur
1380 1306 1450 1348 IV.
1494 1306 1732 1362 Evangelia:
1773 1320 1880 1361 prae-

131 1401 156 1420 „
186 1367 348 1408 mittitur
375 1364 558 1420 prologus
590 1365 631 1404 in
661 1363 890 1418 Evangelia,
920 1363 987 1417 qui
1019 1361 1070 1403 fic
1098 1362 1255 1415 incipit:
1285 1357 1300 1399 ὅ
1324 1359 1391 1400 τῶν
1412 1358 1580 1401 ἁπάντων
1602 1359 1792 1413 τεχνίτηςε
1822 1362 1878 1402 se-

133 1456 157 1475 ‚,
186 1422 314 1476 quitur
339 1420 489 1462 Eusebii
520 1418 691 1473 Epistola
714 1418 764 1458 ad
786 1418 1026 1472 Carpianum
1046 1428 1134 1458 cum
1162 1415 1334 1470 ejusdem
1359 1416 1510 1457 Eusebii
1538 1417 1774 1458 Canonibus.
1830 1417 1879 1457 In

129 1509 156 1530 ‚‚
187 1477 264 1518 fine
296 1490 388 1518 vero
417 1474 512 1516 haec
543 1485 637 1514 nota
666 1473 846 1523 habetur,
875 1485 991 1527 quam
1023 1486 1103 1512 non
1136 1471 1513 1525 praetermittendam
1543 1471 1740 1512 duximus:
1770 1470 1808 1511 ἐκ,
1832 1473 1883 1511 τὲ

128 1561 157 1584 „
184 1529 292 1571 κατὰ,
320 1529 500 1570 Ματθοιῖον
530 1525 753 1578 Ἐυαγγελῖε
780 1525 916 1581 ἒγςοίφη
937 1523 1105 1577 ‘Repente-l
1127 1525 1155 1565 ἒν
1175 1524 1379 1577 Hennam-{vn
1409 1524 1509 1574 μετὰ
1527 1524 1588 1573 ’ἐτη
1610 1543 1638 1572 η.
1671 1526 1732 1568 τῖς
1753 1523 1884 1569 ἀναλῆ-

127 1618 155 1641 „
183 1585 275 1639 ψεως
303 1588 352 1626 T&
381 1582 500 1636 nupia,
528 1581 600 1636 ’ἔχει
623 1581 659 1624 δὲ
680 1581 827 1637 ςῆμοιτα.
855 1585 976 1631 βφκβ.
1002 1580 1076 1633 ’έχει
1107 1578 1142 1621 δὲ
1173 1578 1291 1632 ‘rixas
1308 1581 1399 1634 βφξ.
1431 1580 1470 1621 ἐκ
1491 1581 1542 1621 rr&
1560 1579 1666 1621 κατὰ
1687 1579 1827 1632 Μάρκον
1852 1580 1884 1621 ἒ-

127 1670 155 1692 ,‚
183 1639 302 1694 ’γράφη
333 1636 500 1689 Ρωμαϊτῖῖ
530 1638 559 1679 ἒν
596 1636 697 1689 Ρώμῃ
726 1635 825 1685 μετὰ.
854 1637 915 1684 ’έτη
942 1639 992 1682 ιβ.
1023 1636 1086 1679 τῗις
1114 1633 1318 1687 ἀναλῆψεως
1350 1637 1402 1675 T&
1431 1633 1552 1689 κυςῖε,
1580 1634 1654 1688 ’ἔχει
1681 1635 1717 1676 δὲ
1737 1635 1884 1690 ςίιμοιτα,

126 1725 155 1751 „
184 1712 286 1750 αχοε.
317 1693 436 1747 ςῖχεις
466 1708 581 1745 «κατ’.
611 1692 651 1733 ἐκ,
683 1693 745 1733 ‘roz
775 1691 883 1732 κατὰ.
903 1690 1040 1732 Λουκοῖν
1062 1688 1299 1741 Ευοιγγελῖε,
1328 1689 1463 1743 ἐγράφη
1487 1688 1674 1738 ‘Eanum-l
1696 1690 1794 1739 μετὰ.
1821 1690 1883 1739 ’ἐτη

127 1780 155 1807 ,‚
184 1769 217 1793 ιε.
246 1750 308 1792 τῖς
338 1746 544 1801 ἀνειλῆψεως
573 1747 636 1788 τοῧ
664 1744 766 1797 Κυρῖε
796 1746 840 1788 εἰς
859 1744 1119 1799 Ἀλεξάνὸρειαν
1148 1743 1208 1788 τὴν
1231 1743 1418 1794 μεγάλην,
1445 1743 1520 1796 ’ἔχει
1552 1743 1588 1784 δὲ
1615 1743 1758 1798 pirna-ra.
1787 1763 1883 1796 γωγ.

129 1836 156 1858 ,,
184 1806 259 1859 ’ἔχει
282 1802 318 1846 δὲ
339 1803 458 1857 ςῖχες
487 1801 574 1855 βψν.
604 1800 643 1842 ἐκ
674 1802 737 1842 τοῦ
756 1799 863 1842 κατὰ,
881 1799 1023 1849 Ἰωάννην
1044 1796 1295 1850 Ἐυσιγγελῖκ,
1328 1797 1461 1851 ἐγράφη
1481 1798 1662 1845 Ἑλληνιφὶ
1686 1801 1729 1844 εἷς
1743 1799 1886 1850 Ἔφεσον

127 1895 154 1917 „
182 1860 282 1912 μετᾶ.
312 1857 374 1907 ’ἐτη
405 1869 445 1900 λ.
475 1857 538 1901 Tne
567 1853 772 1909 ἀναλῆψεως
803 1856 865 1896 τοῦ
895 1854 1009 1908 Κυρῖε.
1039 1854 1114 1908 ’ἐχει
1135 1852 1171 1895 ὃὲ
1197 1852 1341 1908 ρῆμσιτοι
1363 1855 1447 1901 ἄλη.
1492 1854 1564 1907 ’ἔχει
1594 1853 1628 1895 δὲ
1658 1854 1775 1908 τῖῖχες
1801 1857 1886 1902 βκδῖ

129 1950 156 1971 ,,
186 1921 340 1972 Agmen
368 1913 510 1955 claudit
541 1912 759 1952 Salomonis
788 1911 928 1952 notarii
962 1910 1185 1964 subscriptio
1217 1910 1407 1964 plerisque
1428 1911 1467 1950 in
1488 1910 1582 1951 locis
1603 1912 1725 1960 erasa,
1757 1916 1795 1951 δ(
1817 1911 1883 1952 ad-

127 2005 155 2027 „
184 1971 346 2013 modum
369 1969 423 2010 sm
454 1967 587 2017 ularis‚
619 1980 734 2022 quam
762 1979 844 2006 non
875 1965 953 2006 fine
975 1965 1104 2006 labore
1123 1965 1294 2020 legimus.
1324 1962 1433 2006 Τέλος
1450 1963 1563 2010 ’ἔλαβε
1589 1962 1632 2005 τὸ
1653 1963 1764 2017 παρὸν
1787 1964 1882 2016 ἅγιον

127 2060 155 2081 „
185 2033 522 2078 τετραευοιγγελιον,
551 2019 622 2062 {aar}
645 2018 754 2075 χειςὸς
775 2019 843 2069 En&
859 2021 909 2061 τέ
931 2016 1199 2069 πολυτλῆμονος
1219 2016 1280 2059 καὶ
1301 2018 1446 2062 ἒυτελές
1469 2018 1624 2073 Noa-aps&
1657 2021 1885 2070 Σολομῶντος

143 2114 155 2136 ,
184 2079 262 2123 ἀπὸ
301 2077 475 2132 Noa-apim
504 2100 577 2109 -w-
609 2074 780 2121 ἐτελειώθη
809 2073 846 2117 δὲ
877 2074 905 2115 ἒν
944 2073 1010 2116 ’έτει
1034 2072 1111 2114 ἀπὸ
1142 2072 1285 2116 κτίσεως
1314 2073 1430 2122 κόσμε
1458 2074 1587 2127 Tala?-
1620 2076 1672 2117 ινδῖ
1702 2094 1738 2117 οι.
1771 2078 1792 2131 ζ
1795 2079 1817 2118 i.
1852 2092 1886 2120 e.

144 2170 155 2188 ‚
185 2136 341 2178 Christi.
379 2133 522 2186 1168.)
552 2156 613 2165 ----
643 2128 879 2177 βασιλεύοντος
906 2129 933 2170 ἒν
961 2127 1182 2175 Ram-arrivs
1202 2128 1311 2170 πόλει
1338 2128 1490 2173 Mennim
1520 2133 1570 2170 τέ
1591 2130 1884 2186 πορφυςογεννῆτε

129 2224 157 2247 ‚,
183 2188 244 2232 ml
274 2188 488 2244 ἒνδοξοτοίτε
517 2185 711 2239 βασιλέως,
739 2184 802 2227 καὶ
824 2185 852 2226 ἒν
872 2185 942 2228 Tol}
961 2184 1195 2239 Ὶεςοσολύμοις
1215 2183 1365 2237 Ἀμοιρρῆ
1397 2187 1446 2225 'cg
1464 2188 1617 2237 κραταιέ
1638 2185 1706 2241 pig,
1736 2186 1764 2227 ἒν
1785 2184 1821 2228 δὲ
1839 2188 1888 2240 τῇ

185 2246 263 2297 νῆσῳ
296 2244 464 2287 Σικελίας
492 2241 712 2293 Γελλιέλμε
744 2243 796 2282 τέ
821 2238 958 2294 δευτέςε
989 2238 1130 2293 ρηγὸς”.
1154 2242 1206 2281 ita
1233 2240 1457 2282 deser-ibitur
1489 2243 1528 2282 in
1550 2242 1823 2297 Palaeograph.
1847 2257 1885 2298 p.

127 2115 140 2137 3

127 2171 140 2192 2

129 2280 226 2359 '3³05.
258 2300 399 2342 Codex
430 2300 501 2341 fuit
537 2299 638 2341 Petri
669 2297 806 2339 Stellae
825 2328 836 2347 ,
876 2296 1006 2352 postea
1037 2297 1078 2336 in
1105 2296 1362 2337 Tellerianam
1394 2296 1674 2337 Bibliothecam
1705 2297 1888 2339 tranfiiit:

132 2356 299 2409 Kustero
335 2356 389 2397 est
428 2355 570 2407 Partss
606 2368 642 2408 3.
682 2352 789 2408 cujus
817 2350 867 2394 V.
899 2353 943 2393 L.
974 2350 1212 2394 conferendo
1243 2350 1363 2391 didici
1387 2351 1497 2398 hunc
1530 2353 1654 2406 ipsum
1689 2353 1884 2395 Codicem

132 2412 264 2464 fuisse,
294 2411 361 2466 qui
379 2426 402 2451 a
423 2409 621 2464 Stephano
646 2411 692 2455 ιβ.
726 2419 879 2450 notatus
899 2408 964 2448 est.

193 2481 255 2508 10.
283 2465 425 2507 Codex
458 2465 558 2517 Reg.
591 2466 710 2513 2865.
742 2474 904 2518 quatuor
936 2462 1255 2517 Evangeliorum:
1285 2463 1389 2514 prius
1423 2462 1627 2517 Augustini
1652 2462 1882 2516 Justiniani,

132 2523 202 2578 qui
220 2535 309 2563 eum
327 2520 436 2560 dono
457 2519 567 2561 dedit
582 2519 645 2573 J0.
674 2519 823 2560 Mariae
840 2517 1059 2569 Catanaeo,
1088 2517 1219 2572 postea
1244 2516 1508 2558 Bibliothecae
1535 2518 1886 2561 Telleriano-Rhe-

133 2576 293 2626 mensis,
324 2574 486 2627 Kustero
517 2586 676 2616 vocatur
706 2574 843 2625 Parifi
874 2586 908 2614 1.

193 2645 253 2672 11.
285 2630 425 2671 Codex
457 2628 554 2683 Reg.
588 2641 710 2683 3424.
738 2628 888 2670 duobus
919 2627 1175 2669 voluminibus
1195 2628 1397 2678 constans,
1426 2627 1585 2681 scriptus
1607 2626 1731 2668 seculo
1754 2626 1826 2669 XI.
1856 2628 1886 2670 si

130 2686 280 2742 judicio
301 2685 476 2725 standum
497 2684 582 2726 Cel.
606 2684 786 2726 Boivinii.
816 2683 1006 2725 Continet
1025 2683 1097 2726 IV.
1126 2683 1335 2739 Evangelia
1353 2696 1401 2724 ex
1435 2682 1675 2724 Bibliotheca
1695 2683 1881 2724 Telleria-

134 2756 208 2792 na;
240 2739 404 2792 Kastero
424 2739 479 2780 est
499 2739 637 2792 ‘Parifi
664 2751 704 2790 4.

197 2810 259 2838 12.
289 2795 431 2836 Codex
451 2794 643 2847 Stephani
674 2793 716 2835 18.
744 2795 919 2836 continet
946 2806 1109 2849 quatuor
1126 2793 1344 2847 Evangelia.
1376 2792 1548 2833 Primum
1570 2791 1641 2833 fuit
1676 2792 1887 2834 Bibliothe-

135 2866 204 2893 cae
234 2852 285 2892 D.
325 2850 498 2892 Victoris
517 2848 566 2889 ad
586 2848 742 2899 urbem,
770 2850 906 2891 citatus
929 2863 951 2890 a
974 2847 1131 2889 Budaeo
1160 2848 1211 2890 ad
1232 2846 1445 2890 Pandechs
1474 2862 1510 2901 p.
1539 2861 1552 2886 1
1566 2861 1627 2897 51.
1648 2848 1687 2887 in
1711 2848 1853 2889 ottavo
1872 2879 1886 2899 ‚

133 2920 182 2948 ex
203 2906 294 2948 Luc.
324 2905 353 2946 I.
388 2917 420 2945 1.
451 2906 491 2944 &
513 2918 536 2944 a
556 2903 672 2944 Beza
693 2905 733 2944 in
756 2905 900 2945 Matth.
931 2903 999 2943 VI.
1032 2916 1098 2957 34.
1128 2903 1249 2958 &J0.
1277 2903 1346 2944 111.
1379 2916 1443 2942 22.
1471 2901 1623 2942 Eodem
1644 2902 1796 2943 Codice
1817 2904 1890 2943 Co-

137 2961 287 3002 linaeus
309 2959 394 3001 usus
412 2958 467 3000 est
480 2989 492 3008 ,
514 2972 601 2999 cum
620 2959 675 3000 N.
695 2958 746 2999 T.
769 2958 923 3009 ederet,
953 2962 992 2999 &
1014 2959 1045 2999 is
1065 2960 1131 3013 qui
1152 2958 1267 3000 N.T.
1288 2957 1464 3002 Graeco,
1487 2971 1508 2996 a
1523 2956 1605 3010 Jac.
1618 2957 1800 3010 Bogardo
1822 2962 1888 2998 ΛΟ.

142 3029 161 3056 1
174 3028 226 3067 54
232 3029 262 3067 3.
280 3015 409 3058 edito,
433 3013 483 3054 ad
502 3013 644 3055 calcem
655 3014 791 3056 Varias
809 3014 1012 3055 Lestiones
1029 3014 1239 3055 adnotavit.
1284 3013 1416 3053 Postea
1437 3011 1506 3052 fuit
1521 3012 1786 3052 Bibliothecae
1796 3011 1889 3053 Tel-

136 3071 323 3121 lerianae,
344 3082 448 3112 nunc
458 3082 551 3113 vero
564 3068 662 3124 Reg.
676 3070 799 3122 2865.
813 3068 857 3109 K
857 3068 975 3122 ustero
996 3069 1051 3111 est
1063 3069 1201 3121 Paris.=
1211 3081 1244 3122 5.
1266 3067 1527 3110 Collationem
1538 3066 1652 3120 hujus
1667 3067 1814 3109 codicis
1826 3081 1885 3106 ac-

1781 3135 1886 3164 cura-
