1976 3519
134 248 214 300 238

590 242 1422 280 ErArrEAron
1807 243 1839 287 1,

122 332 283 384 πληρωθῇ
314 328 356 370 τὸ
389 325 484 383 ῥηθὲν
508 323 579 368 ὑπὸ
611 325 673 367 τοῦ
692 323 812 377 Κυρῖου
827 321 923 391 (Q
943 326 1007 366 τοῦ
1029 322 1233 377 προφήτου,
1261 321 1432 372 λέγοντος·

1515 324 1619 378 Ἰδοὺ,
1648 327 1780 382 ἧπαρ·
1810 343 1862 387 23

121 385 213 429 Sim
245 386 273 426 ἒν
301 381 418 436 ’γοιφρῖ
450 379 539 436 ἕξει,
569 377 621 432 affl*
648 379 793 435 τέξεται
822 378 907 431 vibi,
938 377 990 431 κς)
1019 379 1205 420 καλέσουσι
1236 374 1279 418 τὸ
1312 377 1416 427 ’ὄνομα
1443 380 1552 421 αὐτοῦ
1573 384 1783 425 ἘΜΜΑ-

122 448 155 481 N
171 449 250 482 ΟΥ
266 437 309 482 H'
324 446 370 481 A·
401 440 418 480 ’ό
443 437 501 484 ἔτι
527 435 820 492 μεθεςμηνευόμενον
835 463 848 484 ,
888 436 956 486 μεθ’
989 433 1077 484 ἡμῶν
1110 433 1124 475 ὃ
1147 432 1275 488 Θεὸς.)
1360 431 1545 489 Διεγερθεὶς
1565 435 1601 477 δὲ
1619 437 1634 478 ὅ
1655 438 1778 505 Ἰωξνὴφ
1812 453 1866 494 24

160 601 206 620 22.
226 589 292 627 omn]
313 593 352 625 4-
369 590 465 617 'chi'u
482 591 520 618 D.
540 588 637 618 Versio
656 589 783 616 Armena.

159 631 226 666 fail]
249 631 332 668 prius.
359 645 398 652 ·--
420 630 445 657 C
468 630 495 656 D
518 637 541 655 Ι.

125 669 278 698 orationem
294 678 351 697 non
366 669 402 696 ita
417 666 535 697 molliter
558 667 651 694 fluere.

157 704 294 746 λέγοντος]
315 722 366 729 -—-
387 709 432 742 56.
451 705 547 734 Versio
564 708 631 742 Syra
664 705 798 734 Armena,
823 702 902 730 Arab.

1703 492 1781 535 οιπό

588 628 723 656 Videntur
744 624 906 654 existimasse
915 646 922 659 ‚
950 625 970 654 si
988 633 1143 664 pronomen
1157 623 1198 652 bis
1213 630 1392 662 repeteretur,
1413 622 1459 652 ὀπὶ
1473 624 1518 652 τοῦ
1532 623 1600 662 κυρίη
1617 621 1658 653 διὲι
1670 626 1716 652 τοῦ
1727 623 1869 664 προφήτῃ,

162 756 207 783 23.
226 741 291 782 ἕξει]
314 742 434 779 λήψεται.
454 747 500 772 6ι.
519 752 554 771 ex
570 742 700 771 Versione
715 740 761 767 τῶν
775 744 798 766 Ο
819 740 907 769 Esaiae
924 741 992 769 v11.
1015 751 1057 777 ¹4-
1074 735 1126 774 ’ἔχει
1142 740 1256 769 Hieron.
1275 741 1308 769 ad
1325 741 1482 769 Pammach.
1503 741 1536 769 ad
1550 741 1703 770 versionem
1728 745 1762 771 Α.
1781 744 1814 772 Σ.
1829 745 1867 772 Θ.

160 782 321 820 καλέσῃ-ιν]
343 782 457 813 κωλέα-εις
482 785 517 811 D.
541 793 567 811 2.
586 793 601 809 a
624 780 711 818 prima
727 788 819 807 manu.
837 780 888 807 Ev.
909 788 935 814 7.
958 778 1055 807 Euseb.
1074 789 1108 807 ex
1128 778 1216 807 Esaiae
1231 778 1248 807 l.
1270 789 1293 807 c.
1315 780 1454 808 Editiones
1469 781 1573 813 Bezae,
1587 781 1681 808 versio
1691 781 1820 819 Pifiatoris
1836 784 1867 811 ὃς

121 825 230 861 mtgisa,
273 824 355 861 Juvat
371 821 460 860 ipsum
475 821 566 849 audire
582 825 679 848 Bezam
698 818 726 845 in
744 818 973 846 Annotationibus
990 819 1040 847 Ed.
1064 828 1085 846 ι.
1106 819 1172 847 &2.
1190 818 1226 846 ita
1240 817 1416 856 loquentem:
1438 819 1502 846 Scio
1517 819 1546 846 in
1563 817 1694 857 plerisque
1709 819 1868 857 exemplari-

122 863 172 891 bus
186 861 238 900 legi
253 860 297 888 καὶ
311 860 441 888 κλίσεσι
454 875 504 880 -—
521 859 565 887 sed
580 873 630 878 —
646 857 752 885 secutus
767 856 827 884 sum
843 857 892 885 hac
908 857 936 884 in
950 867 979 885 re
994 856 1127 893 judicium
1143 866 1250 885 meum.
1271 857 1299 884 in
1318 857 1384 885 Edd.
1403 866 1468 885 vero
1486 866 1511 893 3.
1531 867 1560 893 4.
1581 867 1609 893 5.
1649 858 1713 886 Scio
1729 858 1757 886 in
1774 859 1866 896 pleris-

122 911 176 939 que
199 899 395 938 exemplaribus
418 898 473 937 legi
496 894 540 924 „aa
562 893 699 923 καλέσαντι
720 916 728 927 ,

753 909 803 917 —
823 895 867 924 sed
882 897 993 933 praestat
1006 903 1142 933 receptam
1161 895 1324 923 Lestionem
1341 895 1426 933 sequi.

1472 896 1528 924 Ubi
1543 906 1590 934 per
1605 902 1728 934 receptam
1742 899 1868 927 lellionem

125 950 187 970 eam
211 937 334 977 intelligit
354 959 361 971 ,
391 946 474 975 quam
498 935 568 973 ipse,
583 935 664 972 suum
674 933 807 971 judicium
814 934 934 971 secutus,
955 934 1047 962 invitis
1063 933 1197 973 plerisque
1212 933 1410 971 exemplaribus
1432 933 1536 971 primus
1558 935 1632 972 typis
1648 934 1774 964 ediderat.
1813 938 1868 964 Bo-

123 988 192 1007 num
213 986 305 1006 tamen
330 976 436 1004 factum
452 997 460 1009 ‚
483 974 558 1013 quod
573 982 657 1002 nemo
673 972 754 1009 hujus
771 973 800 1002 δι
815 972 958 1011 superioris
981 972 1062 1002 seculi
1090 973 1236 1002 Editorum
1258 971 1408 1002 lectionem
1423 982 1438 1000 a
1453 973 1525 1000 Beza
1540 979 1676 1011 receptam
1692 973 1798 1002 secutus
1817 975 1866 1003 est.

121 1055 242 1094 attinet,
269 1053 357 1084 nobis
383 1052 474 1091 longe
492 1050 583 1082 secius
605 1048 741 1087 videtur,
759 1049 810 1089 qui
827 1048 977 1080 existima-

122 1107 208 1136 mus,
227 1096 346 1127 oracula
369 1105 398 1125 v.
418 1104 461 1135 gr.
486 1092 618 1124 Danielis
640 1091 677 1122 de
703 1091 882 1132 septuaginta
900 1091 977 1122 heb-

120 1139 299 1170 domadibus
315 1162 324 1177 ,
355 1138 389 1169 &
415 1136 549 1177 Haggaei
572 1136 610 1166 de
631 1135 726 1175 gloria
755 1134 860 1175 templi
876 1133 976 1175 poste-

122 1182 208 1214 tioris
233 1191 296 1213 non
323 1180 376 1211 nisi
402 1180 432 1210 in
445 1179 515 1219 Jesu
534 1177 654 1218 impleta
671 1176 776 1216 fuisse,
795 1186 859 1207 non
876 1184 975 1208 tamen

123 1225 490 1264 audemus,quaecunque
508 1221 618 1252 locaex
629 1220 667 1250 V.
692 1219 735 1250 T.
756 1220 787 1249 in
809 1219 855 1250 N.
877 1220 976 1250 citan-

121 1275 190 1306 tur,
209 1268 242 1298 in
258 1275 386 1298 numero
404 1264 616 1296 vaticiniorum
642 1261 678 1293 de
704 1260 830 1293 Christo
846 1261 973 1293 referre:

122 1319 196 1341 cum
213 1309 337 1341 ficiamus
348 1332 358 1348 ,
369 1308 453 1348 hujus
471 1306 627 1338 sententiae
644 1313 787 1345 patronos
803 1304 870 1335 sein
881 1306 974 1336 maxi-

120 1362 183 1384 mas
213 1351 401 1383 difficultates
423 1349 570 1389 induisse,
604 1348 639 1379 &
659 1347 781 1387 Judaeis
800 1347 974 1378 latissimum

121 1395 286 1437 disputandi
316 1401 458 1434 campum
493 1393 525 1423 ὅ(
552 1389 784 1422 innumerabiles
808 1389 933 1421 latebras
957 1400 974 1422 a

121 1438 340 1474 Grammatica‚
348 1436 386 1467 ab
396 1434 567 1467 accentibus
575 1435 608 1466 &
618 1431 974 1475 pun&is,aperuiffe;quin

119 1488 217 1512 totam
234 1480 311 1511 hanc
328 1479 538 1510 tractationem
555 1485 615 1508 tam
635 1475 773 1507 subtilem
790 1476 824 1506 &
841 1484 974 1516 argutam

120 1523 197 1564 este,
217 1532 249 1554 ut
264 1533 280 1553 a
304 1521 484 1564 paucissimis
510 1518 708 1560 intelligatur,
728 1526 833 1549 contra
845 1517 976 1557 Judaeos

120 1575 196 1598 vero
212 1565 344 1606 aliosque
361 1564 419 1596 sine
435 1561 535 1595 fruCtu
550 1561 734 1593 adhibeatur.
779 1560 819 1592 Et
834 1560 899 1591 sane
906 1585 917 1600 ,
939 1560 976 1591 li-

121 1617 171 1640 cet
195 1608 355 1640 confilium
381 1615 507 1643 eorum,
527 1605 579 1645 qui
608 1602 717 1634 cuneta
739 1602 813 1634 haec
835 1603 976 1635 vaticinia

120 1650 247 1682 Christo
255 1648 378 1682 asserere
400 1655 566 1686 conantur,
583 1644 862 1687 nonimprobemus
873 1668 884 1684 ,
904 1645 977 1676 illis-

121 1703 180 1735 que
196 1693 270 1724 adeo
293 1691 398 1723 demus
415 1691 445 1721 id
467 1688 550 1731 quod
568 1688 692 1726 volunt,
712 1686 858 1718 fateantur
875 1694 977 1717 tamen

121 1735 237 1768 necesse
261 1733 325 1774 est,
353 1741 446 1765 omne
473 1730 632 1763 oraculum
657 1730 698 1761 ita
720 1736 823 1760 natura
837 1728 886 1759 sua
903 1737 977 1759 cum

123 1778 302 1809 obscuritate
323 1775 380 1808 esse
406 1773 604 1814 conjunctum
616 1796 626 1812 ,
645 1779 678 1803 ut
695 1771 732 1802 ad
750 1770 826 1802 illius
842 1779 977 1802 mentem

123 1820 283 1853 eruendam
300 1819 465 1860 requiratur
483 1818 598 1848 animus
614 1823 664 1846 aut
672 1814 758 1846 valde
767 1813 917 1856 perspicax
926 1822 977 1845 aut

124 1863 210 1896 valde
226 1862 351 1900 docilis,
369 1869 500 1902 quotum
510 1869 566 1890 nec
579 1856 652 1890 illud
660 1858 690 1888 in
698 1856 786 1898 plebe
794 1856 977 1898 Christiana,

123 1916 183 1940 nec
199 1907 259 1937 hoc
273 1907 304 1936 in
313 1905 348 1936 iis
358 1926 368 1942 ,
383 1904 434 1944 qui
443 1902 636 1943 Religionem
646 1898 848 1931 Christianam
859 1908 978 1940 oppug-

126 1955 210 1988 nant,
218 1949 376 1980 invenitur.
405 1944 565 1977 Videamus
572 1943 661 1984 igitur
669 1952 705 1972 an
714 1941 773 1972 alio
782 1942 897 1982 ,'eoque
907 1941 976 1972 firn-

126 1991 247 2032 pliciori
265 1991 299 2021 &
310 1987 490 2030 expeditiori
500 1985 594 2018 modo
603 1984 680 2017 istud
690 1983 923 2015 adversariorum
932 1993 976 2015 te-

123 2034 190 2065 lum
207 2033 302 2073 frangi
317 2030 425 2073 possit,
445 2031 479 2062 &
496 2029 710 2070 disquiramus,
731 2034 833 2058 utrum
851 2025 978 2068 scripto-

127 2086 173 2107 res
193 2075 293 2108 N.T.
314 2074 517 2114 omnia‚quae
533 2081 568 2102 ex
585 2070 626 2103 V.
648 2069 980 2110 citant,locaprototi-

125 2119 197 2150 dem
211 2118 248 2148 de
258 2116 382 2149 Christo
394 2115 541 2146 vaticiniis
550 2114 726 2150 habuerint,
737 2120 825 2153 atque
834 2122 889 2152 pro
898 2111 980 2142 testi-

128 2163 236 2192 monio
257 2158 436 2191 citaverint?
459 2157 505 2188 Ut
515 2157 574 2187 hoc
586 2154 855 2194 statuamus,nulla
864 2163 919 2185 nos
927 2164 982 2186 co-

126 2206 170 2246 git
187 2203 347 2234 necessitas.
392 2200 475 2232 Cum
490 2201 572 2230 enim
588 2200 621 2229 &
632 2207 722 2229 voces
733 2196 899 2239 singulas&
909 2206 977 2228 mo-

127 2247 183 2278 dos
204 2244 346 2287 loquendi
373 2253 480 2276 omnes
504 2242 542 2273 ab
570 2241 632 2273 aliis
655 2242 791 2282 accipere
806 2248 977 2276 teneamur,

128 2288 201 2330 quId
237 2287 361 2330 impedit
377 2310 387 2327 ,
434 2295 497 2327 quo
527 2286 624 2315 minus
659 2293 716 2325 ego
753 2281 829 2313 duos
843 2307 854 2323 ,
896 2290 954 2313 tres
969 2307 980 2323 ,

130 2341 275 2372 quatuor,
306 2330 419 2361 alterius
441 2329 590 2370 scriptoris
614 2327 710 2359 versus
737 2335 821 2357 meos
853 2325 978 2366 faciam,

128 2374 293 2415 iisdemque
317 2373 436 2410 verbis,
477 2370 641 2410 eodemque
657 2368 761 2400 ordine
776 2367 894 2409 positis,
920 2369 981 2398 mei

129 2417 222 2449 animi
247 2415 323 2448 sensa
348 2416 532 2455 exprimam,
553 2413 660 2454 quibus
685 2411 733 2443 ille
753 2411 808 2441 alia
821 2410 979 2442 occasione

130 2460 173 2491 sui
197 2460 289 2491 animi
307 2458 382 2489 sensa
396 2455 554 2498 expressit?
575 2465 676 2487 annon
692 2454 772 2495 pleni
788 2453 854 2484 sunt
871 2462 978 2484 omnes

130 2501 389 2543 Philosophorum
412 2499 644 2538 Rhetorumque
667 2497 736 2528 libri
759 2495 889 2528 versibus
906 2495 977 2527 I-Io-

131 2545 271 2584 mericis,
291 2543 327 2573 ad
343 2543 430 2573 aliam
440 2541 686 2583 significationem
717 2538 884 2570 translatis?
915 2540 977 2569 Eu-

124 2587 220 2631 stath.
239 2588 269 2617 in
286 2589 342 2616 od.
364 2593 397 2615 T.
415 2595 444 2626 p.
462 2584 533 2626 687.
555 2593 605 2624 52.
626 2588 661 2622 τῷ
676 2581 715 2612 ἐπὶ
730 2581 870 2620 &fatear-{pass
884 2580 983 2621 ῥηθέντι

132 2649 200 2655 ——
217 2629 257 2659 ἐπὶ
273 2628 391 2668 κακέργκ
406 2625 486 2667 ἐινὴἶχος
510 2641 548 2660 τις
565 2640 612 2656 των
629 2629 712 2662 σοφῶν
735 2624 863 2664 ἐχρῆσοιτο
889 2623 980 2663 ὕςερον,

132 2672 164 2701 τὸ
180 2671 226 2710 μιὲν
243 2673 328 2708 cifram
346 2670 465 2707 φυλάξαις
482 2673 522 2703 τῆς
537 2671 650 2708 γραφῆς,
670 2666 846 2706 memnonia-az
862 2665 936 2695 δὶτὶν
944 2668 981 2695 viv

133 2714 234 2751 δεξιοῖς,
254 2713 307 2753 πρὶς
324 2713 375 2751 ’ὅπερ
390 2712 505 2747 ἐβέλετο.
536 2713 571 2743 &
588 2720 660 2741 cum
676 2709 764 2741 simili
779 2709 863 2750 plane
872 2707 979 2748 modo,

131 2756 316 2797 judaeorum
346 2754 451 2795 scripta
484 2753 676 2785 citationibus
707 2761 742 2782 ex
781 2751 821 2782 V.
850 2750 894 2782 T.
923 2750 980 2781 effe

135 2800 241 2830 referta
256 2796 527 2838 deprehendamus,
557 2795 660 2837 quidni
678 2793 836 2825 Matthaeo
860 2793 980 2834 aliisque

136 2842 220 2874 licuit
245 2840 353 2872 eodem
374 2840 531 2870 communi
546 2840 610 2879 jure
636 2839 670 2869 &
688 2835 898 2868 consuetudine
915 2836 980 2867 uti?

135 2883 269 2916 Acceffit
287 2883 363 2914 ratio
387 2882 561 2923 peculiaris,
582 2890 654 2912 cum
678 2881 759 2910 enirn
778 2877 917 2910 Meffiam
932 2888 983 2909 ex-

137 2927 318 2968 specstarent,
350 2927 402 2966 qui
422 2934 461 2955 ex
486 2924 596 2954 familia
621 2921 748 2954 Davidis
773 2921 934 2952 nasciturus
950 2921 984 2951 &

135 2969 286 3006 majestate
302 2969 350 2999 sua
365 2976 489 2997 omnem
505 2967 644 2997 omniurn
665 2974 767 3006 regum
783 2964 909 3004 gloriam
919 2964 985 2994 lon-

136 3022 175 3054 ge
184 3011 363 3053 superaturus
373 3009 443 3040 esset
452 3034 461 3048 ,
470 3019 534 3039 non
543 3016 678 3049 poterant
687 3017 750 3038 non
759 3030 770 3046 ,
777 3005 920 3046 quicquid
930 3016 985 3036 un·-

137 3064 228 3096 quani
252 3053 288 3084 de
312 3053 426 3093 populo
453 3060 501 3081 aut
523 3052 602 3091 Rege
618 3050 802 3088 Judaeorum
829 3048 987 3089 magnifice

139 3098 256 3128 dictum
280 3105 359 3136 erat,
378 3094 413 3124 ad
438 3092 575 3124 Meffiam
599 3093 721 3131 referre,
744 3100 885 3130 tanquam
899 3090 936 3120 ad
953 3090 987 3120 il-

139 3142 203 3172 lum
226 3141 346 3180 proprie
370 3136 500 3178 specstans
515 3160 524 3171 .
555 3144 659 3177 utpote
686 3135 737 3175 qui
755 3143 817 3163 non
835 3143 986 3163 exrraneus

140 3184 177 3216 &
191 3183 319 3222 alienus,
331 3190 439 3215 verum
454 3188 491 3212 ex
505 3179 627 3211 illorum
644 3186 749 3220 genere
765 3176 800 3209 &
819 3175 986 3217 posteritate

1014 1058 1067 1090 per
1086 1050 1263 1081 continuam
1282 1049 1469 1081 successionis
1485 1048 1588 1080 seriem
1612 1050 1752 1081 omnium
1769 1052 1867 1091 majo·

1014 1101 1082 1123 rum
1107 1094 1266 1133 omnisque
1290 1092 1385 1123 divini
1400 1092 1509 1124 favoris
1526 1092 1629 1123 haeres
1653 1091 1723 1123 esset
1739 1093 1869 1125 futurus.

1055 1133 1168 1175 Neque
1185 1137 1218 1166 iis
1228 1160 1238 1176 ,
1247 1145 1321 1176 quae
1329 1134 1469 1166 hactenus
1477 1133 1605 1166 diximus
1613 1158 1624 1175 ,
1631 1134 1730 1166 obstat
1738 1135 1869 1169 formula

1016 1176 1055 1208 lia
1077 1179 1217 1218 πληρωθῇ,
1254 1188 1328 1218 quae
1351 1179 1440 1208 etiam
1461 1179 1639 1217 μεταφορικᾶἶς
1664 1178 1761 1219 accipi
1785 1176 1870 1211 solet.

1017 1222 1102 1258 Greg.
1124 1220 1239 1261 Nyffi’n.
1261 1221 1293 1251 in
1323 1220 1500 1261 Melctium,
1522 1220 1639 1253 ἦκέο-οιτε
1655 1221 1692 1250 vi?
1707 1220 1805 1260 Ἰερεμίκ
1814 1227 1868 1260 φω-

1017 1262 1060 1295 νάς
1085 1276 1154 1296 τινας
1170 1261 1321 1303 nubtam-354
1338 1262 1384 1293 καὶ
1399 1261 1501 1298 ’γοῶἓεις
1609 1260 1668 1292 οῗιδῖο
1685 1277 1741 1292 τινα
1757 1265 1794 1293 τὲ
1807 1263 1870 1304 Ἱερε-

1019 1305 1071 1343 μιῖκ
1087 1304 1133 1335 nal
1149 1305 1231 1338 ἄλλην
1248 1303 1322 1344 φωνὴν
1343 1323 1410 1330 —-
1431 1303 1488 1344 ε’μιῖμ
1511 1306 1625 1343 ποιὲμοιι
1641 1303 1679 1337 τὴν
1697 1305 1753 1337 ὣδῆν
1777 1309 1870 1339 ταύτην

1017 1363 1084 1371 ——-
1104 1347 1162 1377 30¹„
1176 1361 1225 1386 μοι
1239 1348 1324 1387 μικρὴ
1333 1347 1487 1385 ὑπαλλάξαι
1496 1348 1525 1377 τὶ
1534 1347 1719 1387 γεγραμμένον.
1729 1358 1776 1389 ap.
1785 1349 1870 1390 Affi-

1017 1399 1094 1420 man.
1126 1390 1269 1422 Biblioth.
1293 1389 1412 1421 Orient.
1433 1390 1478 1421 T.
1502 1400 1528 1421 1.
1551 1391 1599 1430 36.
1621 1389 1751 1430 Angelus
1774 1389 1805 1421 S.
1825 1393 1870 1421 E-

1013 1431 1148 1472 phremo:
1178 1432 1274 1474 Cave,
1299 1433 1417 1474 inquit,
1437 1442 1475 1464 ne
1492 1435 1522 1463 in
1547 1440 1576 1464 te
1595 1431 1763 1474 impleatur,
1785 1433 1869 1473 quod

1018 1474 1163 1516 scriptum
1189 1474 1248 1506 est:
1286 1474 1449 1517 Ephraim,
1470 1482 1503 1505 ut
1528 1474 1642 1513 vitula,
1664 1484 1739 1515 quae
1755 1476 1871 1515 repellit

1012 1518 1122 1558 jugum
1136 1519 1174 1548 ab
1189 1517 1323 1549 humeris
1338 1516 1395 1548 suis
1412 1516 1476 1557 Ose.
1497 1514 1542 1548 X.
1567 1526 1615 1547 11.
1639 1518 1674 1549 ὅ(
1693 1518 1867 1550 inTestam.

1019 1559 1062 1591 T.
1082 1569 1113 1590 2.
1133 1559 1157 1591 f.
1178 1569 1249 1601 231.
1271 1559 1432 1592 &Matth.
1455 1557 1529 1591 XV.
1553 1568 1581 1601 7.
1603 1561 1690 1593 καλός
1705 1560 1871 1600 upupis-suen

1019 1601 1070 1642 περὶ
1096 1604 1164 1640 ὑμῶν
1182 1602 1303 1636 Ἠν-κίεις.
1321 1605 1394 1634 Luc.
1415 1601 1470 1634 IV.
1492 1610 1543 1632 21.
1565 1601 1668 1642 σῆμερον
1683 1603 1840 1643 πεπλήρωται
1857 1607 1872 1638 ¹¹1

1019 1642 1103 1683 νροιφῖι
1119 1644 1185 1677 alirn
1200 1648 1222 1674 ἐν
1239 1649 1290 1678 τοῖς
1307 1644 1366 1675 ὠσὶ)-
1383 1646 1460 1683 ὗμιὲἷι.
1476 1643 1546 1683 Jac.
1568 1643 1606 1674 Π.
1630 1653 1681 1685 23.
1703 1645 1748 1675 ’aaa‘
1764 1646 1871 1685 ἔπληρᾶ-

1019 1688 1055 1718 3η
1069 1689 1083 1719 ἢ
1100 1688 1183 1725 νρκφὶι
1199 1689 1212 1719 ἢ
1229 1686 1345 1721 λέγω-α.
1366 1696 1440 1727 quae
1457 1686 1578 1717 oracula
1588 1685 1648 1717 alio
1668 1690 1872 1728 temporeim-

1019 1727 1099 1768 pleta
1118 1727 1203 1759 fuisse
1216 1727 1405 1760 manifestum
1413 1727 1475 1771 est,
1498 1729 1608 1759 iterum
1625 1739 1698 1760 vero
1715 1739 1766 1771 per
1776 1739 1873 1762 trans-

1019 1770 1162 1801 lationem
1179 1771 1300 1813 impleta
1308 1770 1468 1811 dicuntur,
1484 1779 1556 1802 cum
1567 1771 1686 1803 reialibi
1695 1781 1824 1804 narratae
1833 1773 1871 1804 fi-

1021 1813 1098 1844 milis
1108 1813 1162 1844 alia
1178 1814 1316 1856 contigit.
1337 1813 1397 1844 vid.
1425 1816 1527 1851 1.Reg.
1549 1812 1574 1844 1.
1601 1823 1649 1855 14.
1667 1813 1710 1845 Ita
1725 1817 1870 1858 interpre-

1022 1861 1098 1888 tatus
1117 1856 1161 1887 est
1179 1855 1259 1887 dieta
1276 1866 1313 1888 ex
1330 1856 1408 1897 ΡΜ.
1429 1855 1520 1888 XV1.
1543 1855 1635 1888 XXI.
1657 1856 1805 1890 LXVIII.
1826 1860 1872 1890 ci-

1019 1906 1078 1930 tata
1094 1898 1251 1929 {theodorus
1268 1898 1493 1942 Mopficestenus,
1512 1900 1729 1940 patrumlonge
1738 1900 1872 1932 doetissi-

1019 1950 1106 1981 mus,
1118 1942 1342 1972 commentariis
1357 1941 1388 1972 in
1405 1940 1536 1972 Psalmos
1552 1942 1586 1973 &
1603 1941 1676 1974 XII.
1698 1943 1871 1985 Prophetas.

1020 1983 1105 2024 Qui,
1126 1984 1239 2023 inquit,
1261 1983 1334 2014 haec
1352 1983 1535 2015 considerare
1543 1984 1670 2025 nolunt,
1692 1989 1794 2017 omnia
1802 1996 1871 2018 ver-

1020 2025 1059 2056 ba
1075 2025 1112 2056 ad
1122 2025 1281 2057 Christum
1291 2026 1403 2057 trahere
1411 2035 1576 2068 conantur,
1597 2037 1648 2068 ut,
1672 2037 1745 2068 quae
1756 2030 1868 2070 populo

1021 2070 1231 2110 contigerunt,
1251 2068 1288 2100 de
1305 2068 1427 2100 Christo
1436 2069 1619 2111 intelligant,
1635 2070 1866 2112 Judaeisquelu-

1022 2110 1155 2142 dibrium
1188 2111 1364 2153 praebeant,
1400 2111 1622 2142 ostendentibus
1646 2122 1682 2142 ex
1704 2114 1869 2146 verborum

1022 2153 1252 2195 consequentia,
1275 2154 1349 2185 nihil
1368 2164 1473 2186 eorum
1489 2153 1526 2185 ad
1543 2154 1700 2186 Christum
1716 2156 1868 2198 pertinere.

1019 2196 1120 2238 Synod.
1150 2200 1182 2227 V.
1212 2200 1259 2237 Cp.
1289 2196 1372 2228 Coll.
1403 2206 1433 2237 4.
1461 2196 1571 2228 testim.
1600 2207 1651 2228 20.
1674 2207 1726 2229 21.
1748 2209 1800 2230 22.
1819 2208 1872 2240 23.

1021 2248 1071 2279 24.
1094 2256 1159 2262 ——
1179 2239 1219 2271 Et
1238 2239 1425 2280 Evangelista
1455 2239 1577 2279 quidem
1601 2241 1691 2272 verba
1714 2251 1750 2273 ex
1781 2242 1869 2274 rebus

1023 2281 1187 2322 affurnens,
1211 2283 1252 2313 eis
1268 2281 1334 2313 usus
1349 2281 1390 2313 est
1407 2282 1443 2313 de
1458 2281 1620 2324 Domino,
1639 2283 1715 2315 sicut
1733 2284 1765 2315 &
1783 2285 1814 2315 in
1839 2295 1870 2316 a-

1023 2324 1068 2355 liis
1082 2324 1219 2356 diximus.
1259 2324 1347 2356 Nam
1365 2324 1401 2356 ad
1418 2325 1591 2357 Dominum
1606 2336 1669 2357 non
1685 2327 1871 2367 pertinerein

1022 2366 1221 2408 superioribus
1247 2367 1398 2400 evidenter
1422 2367 1616 2399 ostendimus.
1665 2368 1703 2400 A.
1732 2369 1872 2401 Scultetut

1022 2419 1119 2441 exerc.
1143 2409 1247 2442 LXII.
1292 2410 1404 2451 Neque
1427 2411 1508 2441 enirn
1535 2411 1704 2443 testimonia
1725 2411 1763 2443 V.
1788 2411 1871 2444 Paeti

1022 2451 1137 2494 semper
1158 2452 1377 2492 confirmandi,
1409 2453 1454 2485 sed
1471 2453 1552 2494 saepe
1570 2454 1731 2485 illustrandi
1750 2455 1870 2486 &con-

1021 2496 1163 2527 cinnioris
1180 2495 1469 2527 accommodationis
1478 2498 1566 2536 gratia
1573 2496 1748 2527 adhibentur
1755 2498 1787 2527 in
1797 2496 1871 2529 No-

1021 2548 1072 2569 νο.
1099 2537 1195 2579 Qod
1211 2540 1263 2580 qui
1279 2548 1341 2569 non
1358 2538 1513 2569 attendunt
1524 2540 1544 2568 ii
1563 2548 1656 2570 textus
1675 2539 1868 2581 propheticos

1021 2581 1160 2612 violentis
1167 2580 1222 2612 illis
1230 2581 1476 2622 applicationibus
1485 2581 1871 2622 corrumpunt,reprehenfi-

1022 2633 1073 2654 nes
1082 2632 1276 2655 transmutant
1285 2625 1316 2654 in
1326 2624 1542 2655 consolationes
1550 2648 1559 2663 ,
1568 2625 1600 2655 δε
1611 2626 1788 2656 narrationes
1796 2625 1871 2656 faeti

1022 2667 1169 2707 praeteriti
1193 2667 1403 2697 transformant
1421 2668 1451 2696 in
1470 2667 1674 2707 promissiones
1690 2669 1731 2698 rei
1739 2668 1870 2708 futurae,

1024 2709 1157 2750 adeoque
1169 2708 1288 2747 Judaeis
1307 2708 1334 2739 se
1350 2708 1487 2739 ridendos
1509 2719 1692 2749 proponunt.
1735 2709 1872 2750 Eusebius

1021 2750 1064 2782 H.
1087 2751 1122 2782 E.
1147 2751 1187 2782 II.
1210 2761 1258 2791 23.
1281 2761 1317 2781 CX
1327 2751 1498 2791 Hegefippo
1512 2762 1518 2781 ῖ
1530 2754 1723 2791 καίέπληρωο-οιν
1733 2752 1771 2783 τ’κν
1779 2753 1872 2791 ’γραφὴν

1022 2792 1061 2825 τὴν
1079 2797 1099 2822 ἐν
1117 2798 1152 2832 τᾷ
1168 2794 1270 2832 ‘Ha-aiae
1284 2794 1458 2832 ’γεγραμμένην
1481 2794 1561 2834 Efizj.
1583 2793 1639 2824 ῙῙῙ.
1667 2805 1713 2825 10.
1736 2794 1772 2825 de
1789 2805 1872 2827 mor-

1023 2844 1052 2867 te
1073 2835 1277 2875 Jacobijusti.
1295 2839 1407 2864 Cosmus
1416 2834 1550 2874 Indicopl.
1571 2836 1610 2867 V.
1633 2846 1661 2878 p.
1685 2847 1724 2868 22
1750 2861 1756 2866 .
1778 2837 1829 2867 ’σο-αι
1845 2837 1872 2868 δὲ

1024 2878 1094 2918 ἕτεροι
1116 2878 1234 2914 ἐξέλαβον
1258 2883 1281 2907 οἱ
1304 2879 1428 2909 oin-rinnon
1448 2882 1476 2907 ἐκ
1499 2880 1545 2907 τῶν
1568 2881 1700 2916 almathan,
1725 2883 1761 2916 ἐχ
1790 2881 1820 2913 ὡς
1843 2885 1873 2914 εἰς

1027 2921 1108 2960 xpm-‘cv
1133 2920 1213 2960 κυρίως
1229 2920 1337 2960 ἓιρημιένοι
1369 2920 1503 2956 ἐξέλαβον,
1525 2944 1532 2955 ‚
1553 2922 1618 2950 ἀλλ’
1633 2922 1663 2955 ὡς
1680 2924 1824 2961 ἁρμόζοντα
1839 2924 1876 2958 ‘tif

1028 2963 1213 2993 amssa-saxa,
1229 2972 1254 2992 λ.
1275 2961 1393 2993 Anthol
1406 2962 1459 2994 IV.
1476 2973 1527 3002 23.
1540 2974 1566 3002 ς.
1588 2967 1629 2998 ‘tsi-3
1643 2966 1724 3002 ἀρετῆς
1732 2966 1771 2994 ‘rev
1779 2955 1873 3003 ἱὸρᾶἶτιό

1028 3005 1082 3036 Stoi
1097 3005 1254 3045 προπάροιθεν
1270 3005 1362 3036 ’ἔθηκαν
1378 3004 1457 3035 {vimi
1475 3005 1623 3045 Ἀσ-κροιῖος,
1640 3007 1718 3044 ὃῶμιοι
1727 3007 1874 3046 ⁶:352sz-

1030 3062 1088 3084 νων.
1109 3048 1188 3078 Plut.
1208 3047 1244 3077 de
1263 3048 1333 3079 fOrt.
1356 3048 1438 3078 Alex.
1461 3058 1488 3088 p.
1515 3058 1584 3089 331.
1597 3049 1637 3079 D.
1660 3048 1875 3089 Heeziaezarb'wnpo·

1031 3090 1070 3121 'AT‘
1087 3093 1122 3128 Τᾷ
1137 3092 1207 3128 ἀυτῷ
1222 3091 1303 3129 μέτρῳ
1313 3091 1351 3122 ἰ’-ῆν
1374 3090 1419 3127 μὲν
1441 3092 1618 3129 ἀγαμέμιῖονος
1639 3091 1811 3131 ἀῐῷὔγώίᾶν
1835 3104 1874 3120 κί’

1031 3134 1154 3171 κόσμιψιε·
1178 3147 1216 3163 rm
1233 3132 1258 3162 δ’
1270 3133 1406 3171 ἀλεξάνιῆακ
1420 3134 1600 3170 μεμάντευται
1621 3133 1670 3165 Ut
1695 3134 1785 3164 finem
1802 3133 1873 3163 faCi·

1029 3184 1079 3207 am
1088 3197 1101 3214 2
1119 3174 1306 3208 iterumdico
1315 3198 1327 3215 ,
1346 3175 1433 3208 facile
1441 3185 1490 3207 me
1498 3177 1559 3218 pati
1573 3201 1585 3219 ,
1603 3185 1636 3209 ut
1651 3177 1715 3217 quis
1726 3177 1800 3207 vires
1814 3175 1877 3207 suas

1843 3227 1875 3249 m
