1976 3519
469 204 1471 257 PROLEooMENA..
1780 230 1834 269 μ

101 296 211 337 niunt
237 308 323 334 cum
352 293 564 335 Codicibus
590 296 636 335 A.
667 295 708 335 Β.
739 294 787 334 C.
818 294 868 334 D.
909 308 1025 348 quare
1045 298 1084 334 δε
1106 293 1208 336 hunc
1228 296 1420 340 Codicem
1438 311 1486 339 ex
1508 297 1680 350 versione
1700 297 1836 343 Latina

104 350 374 404 interpolatum
399 349 504 389 fuifl'e
523 349 720 398 existimo,
739 348 830 389 vide
849 349 992 389 Matth.
1024 350 1202 391 XXVII.
1235 363 1298 404 34.
1511 353 1519 369 ¹
1603 357 1605 361 '

152 405 196 445 L.
228 405 368 444 Codex
388 404 437 444 R.
469 403 755 443 STEPHANI
777 403 1080 451 OCTAVUS,
1109 406 1372 460 Bibliothecae
1394 408 1544 462 Regiae
1573 410 1695 451 2861.
1719 461 1724 463 ‚
1752 411 1836 452 Sin-

94 459 207 514 gulae
228 461 389 513 paginae
409 459 448 497 in
469 457 563 498 duas
580 459 794 499 Columnas
815 458 899 498 sunt
918 458 1069 500 divisae.
1125 460 1269 501 Deficit
1290 462 1331 501 in
1356 462 1497 502 Matth.
1527 459 1601 505 IV.
1634 478 1697 507 21.
1723 466 1774 507 ad
1786 466 1835 508 V.

101 527 165 565 14.
194 515 234 554 in
255 512 450 555 XXVIII.
485 525 546 564 17.
575 514 624 553 ad
647 513 785 562 finem,
816 515 857 552 in
876 514 1003 554 Marci
1023 515 1074 555 X.
1109 528 1171 565 17.
1200 515 1250 556 ad
1276 529 1338 569 30.
1368 517 1406 556 in
1429 516 1523 558 XV.
1562 531 1599 558 2.
1632 520 1681 560 ad
1710 534 1773 561 20.
1795 522 1837 561 in

91 569 234 624 Joann.
262 567 375 609 XXI.
409 580 471 617 15.
500 566 550 607 ad
582 568 719 608 finem:
749 569 949 622 aliquoties
977 569 1092 609 etiam
1122 570 1302 611 foliorum
1335 571 1435 612 ordo
1466 587 1488 612 a
1510 572 1731 628 bibliopego
1751 590 1836 628 per*-

97 625 263 664 turbatus
291 623 354 663 est.
411 621 456 661 In
488 621 566 662 fine
597 623 690 663 haec
718 634 811 663 nota
839 623 978 663 librarii
997 624 1057 664 vel
1075 625 1288 678 poss'ess'oris
1307 627 1510 680 reperitur:
1540 628 1711 676 αφηκανὸ
1739 635 1834 683 Γεωρ-

42 673 49 692 ⁵
96 692 166 728 γιὸς
183 694 244 718 του
274 675 508 721 Λιὲισκὸζιτη.
564 678 597 718 F
607 678 811 718 estinanter
840 679 986 718 contuli
1019 679 1180 721 Parisiis·
1197 695 1301 721 anno
1328 694 1444 732 1715.
1476 682 1542 723 sed
1561 685 1684 725 multo
1705 696 1834 727 tamen

95 733 300 774 accuratius
331 732 539 786 Stephano.
596 733 829 774 Notandum
860 747 976 783 vero,
1003 747 1049 775 ex
1071 734 1148 775 hoc
1171 735 1254 788 ipso
1275 736 1429 777 Codice
1447 736 1527 778 Th.
1558 737 1715 778 Bezam
1738 741 1835 782 ultra

93 787 181 828 XL.
211 788 416 837 leffiones,
445 788 562 841 inque
591 788 635 827 iis
666 789 853 842 infignem
878 788 981 828 illam
1013 789 1135 830 Marc.
1164 791 1278 831 XVI.
1308 805 1345 841 9.
1377 791 1619 844 produxisse,
1658 808 1757 848 quae
1791 797 1835 836 in

92 843 264 896 margine
285 842 480 883 Editionis
501 843 685 896 Stephani
709 858 789 883 non
811 842 1121 897 conspiciuntur,
1150 845 1254 886 unde
1273 846 1474 887 manifesto
1487 847 1693 901 probatur,
1724 851 1834 905 quod

92 899 272 946 diximus,
301 896 538 951 Stephanum
559 909 706 951 praeter
727 912 811 949 eas,
825 912 920 953 quas
938 898 1017 952 ipse
1034 899 1314 951 edidit,multo
1334 901 1459 956 plures
1476 900 1835 947 Varietates&col-

92 950 220 1006 legisse
240 956 279 991 &
298 966 385 993 cum
405 953 534 992 amicis
553 953 858 994 communicasse.

86 1051 92 1057 ,
146 1035 174 1058 „
204 1007 424 1048 Dicendum
449 1009 636 1058 omnino,
664 1009 791 1062 inquit
815 1009 963 1051 Millius
985 1010 1086 1051 Prol.
1120 1025 1136 1051 1
1151 1013 1262 1062 168.,
1291 1010 1433 1055 dehoc
1457 1014 1735 1066 Codice‚eum
1757 1016 1833 1060 esse

90 1092 116 1114 „
148 1063 268 1114 πονηρέ
293 1061 480 1111 κόμματος
490 1066 532 1100 ”;
563 1076 600 1103 at
622 1077 702 1103 non
722 1075 880 1117 propter
903 1066 1091 1106 rationem
1111 1067 1159 1107 ab
1180 1067 1265 1121 ipso
1283 1068 1456 1115 allatam,
1469 1070 1535 1111 sed
1557 1073 1646 1125 quia
1667 1072 1707 1111 in
1719 1071 1833 1127 scrip-

90 1130 173 1158 tura
207 1118 408 1158 nominum
438 1119 681 1172 propriorum
712 1122 749 1158 ὅ(
782 1120 1133 1171 Hebraicorum‚&
1152 1123 1238 1163 alibi
1258 1122 1621 1180 paslim‚ingenium
1641 1126 1833 1168 luxurians

88 1172 222 1268 {effigit
240 1173 408 1268 libralrgius
420 1199 432 1219 ,
446 1174 762 1280 &squiadubique
781 1173 1176 1271 ferevadLVegionem
1195 1178 1330 1272 {itallalm
1354 1179 1831 1277 esterfierpolatuffipquofffl

200 1241 291 1267 ucas
362 1241 480 1282 rugen
494 1241 528 1268 ω·
559 1244 595 1268 vi
629 1241 826 1283 1t,qu11n
890 1262 898 1270 .
967 1264 974 1271 .
1048 1246 1142 1272 raec.
1174 1247 1194 1272 a
1295 1244 1367 1275 arc.
1481 1266 1489 1273 .
1523 1248 1588 1288 3¹-
1644 1266 1670 1286 ,‚
1733 1252 1786 1277 ari
1804 1253 1831 1278 1—

92 1313 118 1334 „
148 1282 318 1333 enfium,
345 1284 493 1337 inquit,
524 1283 696 1324 Codices
729 1298 762 1324 2.
793 1288 832 1323 &
865 1286 886 1324 8
910 1307 992 1316 -----
1009 1287 1171 1328 multum
1193 1302 1348 1339 vereor,
1380 1297 1429 1330 ne
1456 1303 1503 1331 ex
1527 1290 1665 1331 Latina
1691 1291 1832 1332 editio-

87 1352 115 1388 ’,,
144 1352 193 1378 ne
223 1339 383 1379 mutuati
414 1339 506 1378 sint:
537 1338 696 1379 libenter
725 1340 830 1379 enim
859 1340 913 1380 illi
943 1341 1157 1383 consonant
1183 1355 1318 1384 contra
1345 1345 1439 1385 alios
1458 1346 1627 1395 fomnes,
1658 1346 1699 1386 id
1722 1347 1830 1401 quod

88 1423 115 1444 „
144 1393 327 1434 haetenus
346 1392 456 1447 saepe
475 1393 641 1435 vidimus
651 1397 698 1443 ”3
727 1397 766 1434 ὃ(
789 1393 832 1435 T.
846 1394 981 1445 Beza,
994 1397 1102 1450 cujus
1114 1397 1373 1439 testimonium
1386 1400 1580 1441 attulimus
1591 1400 1698 1455 supra
1712 1415 1747 1455 p.
1764 1415 1830 1455 32.

141 1448 260 1488 Hunc
291 1448 482 1489 Codicem
510 1450 703 1499 omnium,
736 1462 931 1504 quotquot
952 1451 1037 1492 sunt
1057 1453 1098 1492 in
1119 1453 1350 1494 bibliotheca
1374 1457 1500 1509 regia,
1530 1455 1830 1510 Evangeliorum

90 1504 328 1556 Graecorum
349 1504 646 1558 antiquissimum
663 1504 850 1558 judicavit
870 1504 1066 1545 Simonias
1085 1507 1188 1549 Hist.
1217 1508 1317 1549 Crit.
1349 1508 1406 1550 N.
1437 1510 1489 1551 T.
1518 1525 1551 1551 c.
1577 1511 1649 1551 XI.
1691 1512 1829 1553 Unum

87 1558 215 1609 addo,
244 1560 282 1599 in
306 1560 475 1613 margine
499 1558 686 1611 Verfionis
707 1558 824 1612 Syrae
843 1559 1065 1616 posterioris
1083 1562 1220 1603 multas
1243 1562 1446 1606 Variantes
1464 1565 1670 1607 Leffiones
1688 1581 1735 1608 ex
1747 1568 1831 1608 Co-

87 1613 173 1654 dice
205 1615 358 1655 Graeco
390 1614 595 1669 adscriptas
624 1614 721 1663 esse,
750 1629 848 1669 quae
870 1617 910 1655 in
932 1616 1008 1656 hoc
1028 1631 1108 1658 uno
1127 1620 1168 1657 &
1201 1618 1284 1659 solo
1303 1621 1563 1675 reperiuntur,
1594 1636 1629 1662 v.
1659 1636 1713 1676 gr.
1742 1621 1830 1663 lon·

85 1683 173 1724 gam
206 1669 307 1709 illam
335 1670 490 1724 triginta
521 1671 635 1711 trium
661 1685 801 1710 vocum
825 1670 1067 1713 additionem
1087 1672 1216 1714 Marci
1235 1673 1353 1716 XVI.
1383 1687 1444 1726 9.‚
1477 1676 1583 1729 cujus
1612 1676 1734 1717 modo
1754 1676 1830 1718 feci

86 1725 333 1765 mentionem:
390 1726 430 1764 Si
467 1726 551 1778 quis
580 1725 868 1775 existimaverit,
897 1726 990 1766 inde
1019 1726 1222 1780 consequi,
1251 1727 1355 1769 hunc
1389 1729 1584 1770 Codicem
1606 1730 1754 1786 aliqu0t
1773 1731 1829 1773 se÷

84 1779 180 1819 culis
204 1778 279 1819 ess‘e
307 1780 584 1832 antiquiorem,
617 1792 731 1832 quam
764 1780 882 1834 vulgo
912 1790 1086 1832 putatur,
1117 1781 1251 1834 &jam
1272 1783 1385 1823 initio
1404 1784 1517 1835 seculi
1542 1784 1631 1826 VII.
1660 1787 1829 1830 Alexan-

87 1833 193 1874 driae
214 1833 321 1874 fuisse
342 1834 551 1887 inspestum
572 1855 584 1881 ς
623 1847 693 1873 nec
727 1833 940 1874 Simonium
960 1848 1031 1875 nec
1050 1849 1113 1876 me
1132 1836 1244 1880 valde
1265 1836 1419 1879 habebit
1436 1850 1734 1892 repugnantem,
1761 1855 1829 1882 eo-

81 1903 162 1943 que
179 1889 326 1938 minus,
349 1888 455 1942 quod
476 1889 569 1928 haec
597 1888 817 1940 conjestura
841 1888 982 1928 firmari
1002 1890 1154 1930 videtur
1172 1890 1420 1933 similitudine
1441 1893 1658 1944 literarum,
1689 1897 1826 1950 quibus

81 1955 168 1987 rum
198 1945 266 1985 iste
286 1956 367 1985 turn
390 1942 531 1984 Codex
552 1943 740 1984 Attorum
759 1943 1100 1997 Apostolicorum,
1130 1946 1197 2000 qui
1215 1946 1441 1989 venerabilis
1463 1947 1593 1990 Bedae
1613 1949 1706 2001 fuit,
1735 1965 1823 1992 exa-

85 2011 188 2040 ratus
215 2000 280 2040 est.
1198 2021 1210 2045 ‘s
1245 2040 1248 2045 .
1499 2043 1504 2047 ,

139 2055 198 2095 Μ.
228 2055 369 2096 Codex
401 2055 498 2096 Bibl.
528 2055 628 2110 Reg.
663 2066 784 2109 2243.
815 2069 931 2111 quem
964 2057 1332 2100 FRANCISCUS
1358 2072 1447 2099 DES
1476 2059 1722 2102 CHAMPS
1744 2060 1827 2104 Ab·

80 2112 150 2150 ,bas
181 2109 230 2150 de
263 2111 370 2164 Signi
401 2111 548 2152 obtulit.
606 2111 797 2153 Continet
828 2111 898 2153 IV.
929 2113 1150 2167 Evangelia.
1178 2120 1180 2123 ’
1206 2114 1510 2168 Conspiciuntur
1539 2116 1630 2156 hinc
1662 2115 1754 2158 inde
1780 2118 1824 2159 in

83 2165 156 2206 isto
177 2165 328 2206 Codice
350 2166 613 2220 inscriptiones
635 2166 913 2209 Moscoviticae
937 2172 977 2208 &
997 2169 1202 2217 Arabicae,
1235 2170 1327 2210 teste
1348 2170 1543 2226 Palaeogr.
1572 2186 1609 2224 p.
1632 2175 1724 2211 260.
1743 2172 1825 2213 Va-

77 2221 156 2260 rias
183 2234 229 2261 ex
260 2235 308 2261 eo
337 2221 541 2262 Leffiones
566 2221 690 2262 edidit
709 2221 911 2274 Kusterus.
965 2223 1158 2266 Lubenter
1179 2224 1439 2267 subscribimus
1457 2226 1607 2280 judicio
1631 2226 1823 2268 Montfal-

83 2276 208 2326 conii,
238 2277 304 2330 qui
327 2276 520 2317 Codicem
540 2276 642 2317 hunc
661 2276 710 2316 ad
730 2277 892 2318 seculum
915 2279 967 2319 X.
1000 2279 1124 2322 refert.

134 2331 190 2371 N.
221 2331 361 2372 Codex
391 2330 893 2383 VINDOBONENSIS,
935 2333 1197 2376 Bibliothecae
1230 2335 1460 2386 Caesareae,
1489 2336 1819 2385 membranaceus,

76 2399 291 2439 purpureus
320 2387 440 2427 aureis
469 2389 507 2426 &
528 2388 715 2442 argenteis
735 2387 851 2428 literis
871 2389 1083 2442 majusculis
1103 2390 1244 2444 absque
1263 2393 1481 2433 accentibus
1501 2404 1697 2442 exaratus,
1727 2407 1822 2434 con-

78 2440 154 2483 stat
182 2440 282 2481 foliis
317 2446 380 2482 26.
410 2455 573 2495 quorum
608 2454 672 2492 24.
703 2443 889 2496 prioribus
910 2445 1156 2486 continentur
1179 2445 1392 2500 fragmenta
1414 2447 1612 2488 Geneseos
1637 2460 1820 2490 exornata

82 2497 149 2546 48.
181 2497 357 2549 piEturis,
385 2511 431 2537 ex
453 2496 590 2550 quibus
610 2498 724 2537 etiam
740 2497 790 2538 de
811 2499 1052 2553 Antiquitate
1074 2500 1234 2541 Codicis
1252 2501 1440 2555 judicium
1460 2502 1547 2543 ferri
1564 2503 1707 2557 potest:
1751 2517 1820 2558 po-

81 2550 234 2591 steriora
257 2551 337 2592 duo
359 2551 450 2592 folia
476 2552 609 2592 melius
639 2552 859 2594 conservata
887 2555 1084 2609 magisque
1111 2555 1276 2609 legibilia
1303 2556 1409 2608 sunt‘,
1438 2571 1556 2612 quam
1591 2558 1820 2612 praeceden-

81 2606 156 2655 tia,
187 2620 315 2648 carent
343 2619 468 2647 autem
497 2608 675 2661 pisturis,
705 2610 745 2646 &
776 2621 1026 2663 unaquaeque
1062 2612 1202 2664 pagina
1220 2611 1261 2651 in
1283 2610 1378 2653 duas
1398 2613 1596 2654 columnas
1615 2612 1735 2655 divisa
1752 2614 1818 2655 est.

80 2659 211 2701 Primo
233 2663 449 2703 continetur
470 2662 593 2702 Lucae
611 2661 769 2703 XXIV.
803 2677 865 2716 13.
892 2683 971 2690 -—-
1002 2679 1065 2706 21.
1096 2665 1275 2707 Secundo
1321 2685 1400 2694 —--·
1449 2686 1526 2694 -—-
1554 2682 1618 2721 39.
1646 2687 1724 2695 —-
1751 2681 1820 2719 49.

82 2727 172 2756 vers
206 2729 267 2769 13.
294 2731 365 2771 pro
387 2714 531 2761 9-281'0125
554 2714 720 2770 ἑξήκοντα.
740 2717 919 2772 scriptum
937 2720 992 2760 est
1014 2718 1157 2764 ταὸίους
1181 2717 1304 2762 ἑκατὸν
1324 2720 1638 2777 {gnome-‚quem
1659 2723 1818 2764 manife-

81 2769 178 2810 stum
198 2786 364 2812 errorem
382 2773 499 2813 etiam
517 2772 579 2813 ille
599 2773 701 2826 ipse,
731 2774 837 2826 cujus
858 2788 973 2816 manu
993 2775 1117 2816 codex
1139 2776 1200 2817 ille
1219 2777 1313 2817 olim
1333 2790 1506 2819 exaratus
1525 2778 1601 2828 est,
1632 2779 1814 2832 agnovit,

82 2824 246 2880 ideoque
274 2827 427 2882 singulis
458 2828 564 2868 vocis
595 2825 719 2868 ἑκατὸν
751 2829 868 2870 literis
898 2829 1042 2884 singula
1066 2831 1225 2884 superne
1244 2832 1427 2886 imposuit
1448 2845 1627 2889 argentea
1649 2834 1817 2886 ρυηξὶει,

82 2890 125 2918 ut
151 2879 223 2921 hac
254 2883 399 2922 ratione
423 2881 647 2937 significaret
668 2883 773 2924 fimul
793 2898 837 2924 ac
859 2896 1052 2935 moneret,
1083 2898 1205 2927 totam
1223 2887 1325 2931 illam
1349 2902 1486 2929 vocem
1516 2887 1722 2929 delendam
1741 2887 1817 2929 effe

83 2943 262 2987 tanquam
282 2937 519 2991 superfluam.
578 2938 811 2979 Lambecius
834 2938 884 2980 de
909 2940 1006 2980 Bibl.
1035 2941 1144 2981 Caes
1176 2942 1204 2981 Ι.
1236 2956 1270 2993 3.

136 2989 187 3028 O.
215 3017 240 3039 ,‚
269 2992 544 3047 Fragmentum
573 2993 748 3034 alicunde
777 2993 965 3035 divulsum
1000 2999 1040 3035 δε
1058 3011 1087 3036 a
1121 2996 1171 3036 D.
1201 2996 1478 3038 ANSELMO
1498 2994 1819 3040 BANDURIO

83 3071 110 3091 ‚‚
139 3040 238 3084 Viro
257 3046 387 3087 ῡοᾶο
417 3048 514 3088 mihi
532 3048 703 3089 oblatum
712 3051 735 3065 ''
764 3049 940 3092 continet
960 3050 1156 3093 historiam
1174 3051 1364 3094 Pharisaei
1388 3055 1427 3092 &
1446 3050 1814 3100 Publicani‚descri-

83 3096 196 3138 bente
215 3099 501 3154 illontsalconio
521 3103 718 3159 Palaeogr.
750 3118 786 3158 p.
821 3117 917 3158 235.

958 3215 993 3254 F
1095 3176 1099 3180 ι
1736 3214 1777 3257 D
1789 3226 1814 3254 ε
