1976 3519
143 246 199 286 86
527 230 1522 282 PROLEGOMENA.

144 332 285 373 storum
297 359 309 378 ‚
337 339 452 383 atque
472 327 689 368 Do&orum
709 325 746 367 se
763 325 1000 380 ingererent,
1029 339 1111 366 non
1130 324 1252 365 solum
1270 322 1321 364 ad
1340 323 1490 377 plebem
1509 322 1710 363 Sermones
1729 322 1767 363 in
1779 331 1875 364 tem-

146 387 218 441 plis
249 384 387 425 habere
407 414 420 435 ,
459 386 499 423 ὃ(
528 380 797 423 Confesfiones
825 379 980 431 audire,
1008 394 1140 421 verum
1166 380 1284 420 etiam
1301 378 1460 419 Scholas
1477 378 1736 432 Theologicas
1756 379 1873 432 aperi-

145 456 208 492 re,
249 443 309 490 &,
339 453 387 479 ne
417 452 496 478 non
527 438 566 478 in
584 436 761 478 omnibus
781 435 971 476 Doctores
989 434 1222 475 Academiae
1249 433 1524 474 aemularentur
1544 433 1665 486 iisque
1683 433 1878 474 contradi-

144 506 298 545 cerent,
327 493 582 534 correffiones
614 490 758 532 Bibliae
784 492 894 530 edere
922 501 1163 544 coeperunt,
1204 492 1245 528 ὃ(
1275 488 1433 543 quidem
1461 488 1586 542 primo
1615 487 1700 541 post
1730 502 1874 529 annum

148 563 271 604 1230.
297 548 396 603 juffu
426 547 609 603 Hugonis
634 546 684 587 de
713 546 749 589 S.
780 545 908 591 Caro,
937 546 1080 586 Prioris
1110 543 1355 599 provincialis
1383 544 1423 583 in
1456 543 1604 592 Gallia,
1644 542 1786 583 deinde
1809 545 1875 586 ΑΟ.

148 607 272 656 1'256.
301 604 366 644 sub
391 604 528 658 quinto
555 601 703 642 ordinis
734 600 915 640 Generali
945 600 1188 650 Humberm,
1224 599 1357 638 habito
1384 598 1531 638 Parifiis
1558 598 1742 651 Capitulo
1762 611 1876 652 gene-

146 660 235 710 rali,
265 674 345 714 quo
375 657 672 699 correffionibus
698 653 930 696 Academiae
959 654 1173 696 Parifienfis
1201 652 1320 694 fidem
1350 653 1601 708 abrogarunt,
1640 651 1720 693 suas
1748 664 1875 693 autem

147 716 279 756 denuo
320 713 521 754 sanxerunt
568 743 596 762 „
627 709 881 751 correctiones
902 743 912 760 ‚
953 710 1131 764 inquiunt
1150 739 1162 759 ,
1201 709 1346 749 Bibliae
1376 707 1603 749 senonensis
1631 720 1711 747 non
1739 721 1879 761 appro-

147 801 174 822 „
201 770 333 810 bamus
354 803 364 819 ‚
394 782 465 809 nec
493 767 668 808 volumus
687 795 699 815 ,
736 763 844 818 quod
874 765 1024 805 Fratres
1052 765 1263 805 innitantur
1288 763 1342 803 illi
1364 763 1635 803 correc‘tioni’'.
1695 761 1879 817 Cumque

149 824 358 867 Pontifices
385 823 557 864 Romani
586 819 854 861 Dominicanis
884 818 1054 861 faverent
1074 850 1086 870 ‚
1123 822 1163 858 δε
1193 832 1326 859 eorum
1352 819 1577 858 monasteria
1614 818 1781 858 maximo
1811 832 1881 858 nu-

150 893 258 921 mero
300 892 367 933 per
393 889 514 919 totam
545 875 750 917 Ecclesiam
780 874 957 916 Latinam
986 874 1106 916 essent
1133 873 1318 914 exstructa
1336 906 1346 922 ,
1387 872 1528 913 fa&um
1557 872 1610 913 est
1634 902 1646 922 ‚
1687 884 1728 912 ut
1756 873 1880 913 multo

150 939 259 989 plura
294 933 520 987 exemplaria
562 929 828 976 Correffionis
864 930 1211 970 Dominicanorum
1240 928 1491 983 reperirentur
1520 941 1635 981 quam
1664 927 1882 968 Doctorum

150 988 422 1031 Parifienfium.
479 987 588 1026 Licet
613 985 717 1026 enim
744 983 958 1025 Parifienfis
988 984 1175 1025 correctio
1203 983 1250 1024 ab
1274 982 1577 1037 Archiepiscopo
1600 982 1807 1023 Senonenfi
1824 996 1883 1024 es·

152 1045 207 1085 set
244 1043 452 1097 approbata
471 1072 483 1092 ,
530 1040 743 1095 praevalere
771 1050 900 1080 tamen
932 1053 1013 1080 non
1045 1040 1171 1094 potuit
1191 1065 1202 1085 ‚
1239 1037 1347 1092 quod
1376 1037 1668 1091 Archiepiscopi
1701 1038 1882 1078 autoritas

152 1111 257 1140 extra
292 1098 430 1138 limites
464 1095 660 1137 'Dioecefis
690 1094 774 1135 suae
809 1094 912 1135 nulla
938 1093 1040 1135 esset.
1098 1094 1445 1135 Dominicanorum
1476 1092 1774 1133 correctionibus
1800 1093 1886 1133 usus

152 1154 207 1195 est
235 1154 357 1194 Lucas
384 1150 610 1206 Brugenfis:
638 1161 742 1191 extat
768 1163 902 1191 eorum
931 1149 1148 1204 exemplum
1179 1161 1260 1190 tum
1292 1148 1395 1202 apud
1414 1148 1694 1188 Dominicanos
1724 1148 1800 1188 vici
1819 1147 1886 1203 Ja-

155 1209 287 1250 cobaei
314 1207 461 1249 Parifiis
481 1240 492 1257 ‚
531 1205 639 1260 quod
667 1204 843 1245 describit
873 1204 1066 1245 Simonius
1095 1205 1204 1246 Nov.
1244 1203 1405 1244 Observ.
1443 1203 1485 1244 P.
1526 1203 1576 1243 ΙΙ.
1607 1217 1640 1244 c.
1674 1217 1705 1244 1.
1735 1214 1816 1243 tum
1845 1203 1886 1243 in

155 1262 395 1305 Bibliotheca
423 1260 605 1316 Lipslensi
633 1264 672 1300 &
701 1259 902 1301 Bafilienfi.
958 1261 1021 1301 De
1049 1259 1167 1300 totius
1195 1259 1338 1312 Operis
1365 1258 1513 1299 ratione
1531 1257 1718 1299 constabit
1737 1272 1784 1299 ex
1813 1258 1887 1298 hac

155 1319 305 1373 adjecta
343 1316 602 1372 praefatione:
659 1342 685 1366 „
716 1315 917 1370 Quoniam
947 1314 1057 1369 super
1083 1328 1219 1355 omnes
1252 1314 1451 1368 scripturas
1480 1313 1594 1355 verba
1623 1312 1715 1353 sacri
1744 1313 1890 1367 eloquii

158 1405 184 1426 ,‚
214 1373 359 1414 necesse
389 1372 443 1412 est
472 1383 514 1412 ut
544 1370 798 1412 fundamento
824 1370 992 1411 veritatis
1021 1369 1180 1410 firmiter
1198 1369 1429 1418 innitantur·‚
1457 1380 1642 1423 quatenus
1660 1368 1769 1422 super
1786 1369 1893 1408 ‘fex-v

158 1461 184 1481 ,‚
215 1441 296 1469 tum
335 1428 465 1468 literae
504 1425 673 1467 certioris
701 1424 916 1466 sanctorum
947 1424 1158 1466 studiorum
1188 1424 1361 1465 aedificia
1390 1424 1552 1465 securius
1582 1434 1866 1477 componantur
1877 1443 1899 1472 5-

158 1516 186 1536 ‚,
215 1494 401 1538 quantum
421 1482 592 1522 invenire
615 1481 831 1535 potuimus,
860 1493 906 1521 ex
932 1479 1075 1520 Glosfis
1093 1480 1137 1521 B.
1159 1480 1373 1534 Jeronimi‚
1405 1483 1446 1519 &
1467 1479 1628 1520 aliorum
1650 1479 1892 1525 Do&orum‚

160 1568 188 1592 ³,
219 1551 259 1579 ut
281 1553 327 1579 ex
344 1538 448 1578 libris
464 1537 755 1586 Hebraeorum,
786 1539 825 1575 &
845 1533 1109 1589 antiquiffimis
1129 1535 1426 1589 exemplaribus,
1455 1548 1554 1589 quae
1572 1535 1687 1575 etiam
1698 1545 1786 1575 ante
1796 1545 1895 1575 tem-

160 1626 188 1647 „
216 1607 312 1648 pora
338 1592 477 1634 Karoli
505 1592 635 1646 magni
664 1591 800 1645 scripta
829 1589 1005 1637 fuerunt,
1032 1589 1096 1630 hic
1126 1591 1166 1630 in
1190 1589 1403 1631 brevissima
1435 1589 1567 1630 notula
1597 1589 1809 1644 scripfimus
1825 1603 1892 1639 ea,

161 1681 189 1701 ‚,
219 1662 316 1701 quae
333 1660 385 1688 ‘ex
417 1648 529 1688 novis
561 1651 600 1686 ὃ(
621 1645 777 1687 diverfis
795 1645 929 1686 Bibliis
948 1656 1107 1700 propter
1127 1646 1249 1687 varias
1269 1645 1393 1686 literas
1412 1645 1534 1700 magis
1554 1643 1670 1685 dubia
1690 1644 1750 1686 vel
1769 1644 1897 1699 super-

162 1736 190 1756 „
220 1704 298 1744 flua
323 1702 580 1743 credebamus.
634 1701 779 1754 Neque
809 1701 934 1750 enim,
964 1711 1007 1740 ut
1035 1700 1130 1740 dicit
1155 1699 1397 1753 Jeronimus‚
1427 1700 1478 1739 fic
1508 1713 1611 1740 nova
1630 1698 1825 1750 cudimus,
1854 1710 1897 1740 ut

162 1790 190 1811 „
217 1770 346 1799 vetera
374 1757 629 1805 destruamus,
660 1754 725 1795 sed
747 1755 868 1810 magis
889 1765 1018 1795 vetera
1039 1754 1264 1805 statuentes,
1293 1753 1482 1809 quaedam
1501 1768 1603 1794 nova
1623 1755 1720 1795 vitio
1739 1753 1899 1809 scripto·

164 1846 192 1866 ‚,
220 1828 303 1856 rum
332 1813 373 1853 in
391 1812 521 1852 Textu
540 1810 590 1852 de
618 1809 732 1864 glofis
752 1813 791 1851 &
811 1809 972 1864 postillis
989 1808 1149 1860 inserta,
1177 1809 1238 1851 vel
1257 1810 1373 1851 etiam
1393 1823 1462 1863 per
1483 1808 1726 1863 quorundam
1746 1810 1899 1864 imperi-

164 1900 192 1921 „
221 1870 313 1910 tiam
342 1867 570 1922 depravata,
600 1878 681 1905 non
705 1864 832 1906 nostra
851 1864 917 1906 sed
935 1864 1095 1905 aliorum
1116 1865 1307 1918 majorum
1327 1865 1551 1905 au&oritate
1571 1864 1771 1905 resecanda
1788 1879 1900 1905 mon-

166 1956 193 1975 „
224 1924 390 1964 stramus.
419 1944 498 1953 -----
526 1921 573 1961 In
601 1931 688 1960 toto
715 1919 773 1960 N.
805 1919 855 1960 T.
883 1919 1069 1973 punctum
1096 1920 1219 1959 minio
1251 1919 1361 1973 super
1380 1919 1546 1973 aliquam
1568 1919 1780 1960 distionem
1801 1920 1901 1974 pofi-

167 2006 194 2027 „
223 1992 305 2020 tum
334 1988 443 2019 notat
471 1975 734 2016 auctoritatem
758 1974 1031 2016 Graecorum'’.
1085 1973 1178 2015 Post
1197 1975 1236 2014 in
1256 1975 1384 2015 Marci
1403 1974 1497 2016 XII.
1527 1987 1592 2028 35.
1620 1974 1715 2015 haec
1737 1975 1898 2016 habent:

168 2065 195 2085 „
223 2033 340 2074 multa
366 2032 416 2072 de
446 2029 664 2084 Evangeliis
691 2029 903 2070 incorre&a
927 2028 1193 2083 relinquimus,
1222 2028 1316 2070 ficut
1334 2041 1463 2078 erant,
1501 2030 1592 2083 quia
1621 2043 1693 2083 pro
1714 2029 1899 2071 brevitate

169 2121 196 2141 ‚,
226 2087 410 2141 temporis
430 2084 648 2140 corrigendi
670 2088 709 2124 &
730 2085 863 2138 inopia
881 2083 1138 2139 expositorum
1156 2083 1206 2124 ad
1227 2084 1383 2139 plenum
1403 2083 1538 2125 discuti
1558 2098 1638 2124 non
1658 2087 1900 2138 potuerunt’'.‘

170 2144 222 2185 Et
241 2156 287 2184 ex
309 2143 359 2182 R.
389 2140 603 2181 Simoniol.
633 2154 665 2180 c.
693 2153 731 2194 p.
769 2152 859 2192 132.
915 2169 943 2190 ‚,
971 2138 1055 2188 Eo,
1086 2139 1240 2193 inquit,
1266 2139 1444 2194 procedit
1460 2153 1593 2180 eorum
1614 2139 1836 2194 diligentia,
1857 2151 1900 2181 ut

171 2230 197 2251 ‚‚
227 2199 341 2239 etiam
360 2207 519 2245 notent,
548 2194 750 2250 quomodo
769 2194 899 2235 literae
916 2193 1105 2248 quaedam
1126 2194 1198 2235 sint
1218 2194 1532 2249 pronunciandae
1546 2225 1558 2244 ,
1586 2195 1638 2234 ita
1655 2195 1794 2249 Josuae
1804 2193 1899 2236 XV.

171 2283 199 2306 „
232 2255 316 2303 28.‚
347 2252 410 2292 ubi
437 2251 586 2291 Textus
615 2264 749 2291 eorum
779 2249 894 2290 habet
919 2249 1060 2296 Hiim,
1089 2248 1291 2290 observant
1320 2250 1360 2290 in
1373 2261 1488 2299 nota,
1516 2249 1752 2291 Hebraicum
1773 2264 1901 2291 exem-

173 2341 199 2361 „
229 2309 310 2362 plar
328 2307 452 2361 legere
471 2305 628 2361 quidem
650 2305 791 2355 Hiim,
820 2304 885 2346 sed
906 2304 1240 2358 pronunciandum
1261 2305 1336 2346 effi:
1358 2305 1512 2360 Hzgim.
1568 2304 1688 2345 Forte
1699 2305 1900 2346 voluerunt

171 2395 198 2416 „
227 2363 385 2404 scribere
415 2362 546 2411 Giim,
576 2361 874 2414 pronunciantes
907 2360 1055 2400 literam
1086 2361 1197 2410 Ain,
1220 2361 1375 2414 quaein
1397 2360 1470 2401 hac
1487 2374 1582 2401 voce
1601 2360 1904 2414 reperitur,cum

175 2447 201 2471 ,‚
232 2417 469 2472 septuaginta
486 2415 759 2469 Interpretibus
778 2426 820 2456 ut
828 2417 905 2469 g”.
935 2416 1067 2468 Qlam
1088 2425 1216 2456 tamen
1238 2415 1401 2456 Simonii
1418 2415 1674 2469 conjecturam
1687 2446 1698 2463 ,
1729 2415 1806 2456 five
1818 2430 1902 2456 cor-

167 2473 352 2516 rectionis
378 2471 654 2512 correffionem
674 2485 754 2511 non
775 2470 921 2524 probo,
951 2470 1044 2524 quin
1061 2471 1190 2524 potius
1209 2470 1384 2511 existimo
1397 2501 1409 2521 ,
1422 2471 1702 2511 Dominicanos
1715 2470 1901 2525 fignifica-

174 2543 215 2570 re
247 2525 425 2577 voluisse,
454 2525 638 2579 posterius
669 2525 761 2578 Jod
793 2524 932 2566 habere
960 2524 1107 2578 Dages
1137 2525 1382 2580 inscriptum,
1411 2525 1586 2579 adeoque
1602 2525 1806 2580 legendum
1827 2525 1901 2567 esse

174 2595 217 2625 ut
229 2583 260 2637 j
280 2582 495 2622 consonans
516 2592 604 2621 ante
622 2583 638 2619 i
659 2579 972 2635 vocalem,quod
994 2580 1098 2621 Galli
1117 2584 1156 2621 &
1171 2581 1356 2622 Germani
1365 2580 1505 2622 eodem
1517 2581 1594 2622 fere
1603 2580 1724 2621 modo
1734 2594 1903 2635 pronun-

174 2640 301 2688 ciant,
320 2651 400 2690 quo
413 2650 455 2690 g.
485 2634 592 2676 Vide
611 2635 719 2690 supra
735 2650 774 2689 p.
805 2648 869 2688 31.
1667 2673 1677 2676 μ

233 2692 357 2743 Quod
389 2691 545 2745 antiqua
575 2691 805 2744 exemplaria
824 2693 865 2730 δε
883 2690 1169 2745 Hieronymum
1189 2690 1478 2742 consuluerunt,
1508 2692 1608 2732 reste
1630 2702 1744 2745 atque
1764 2690 1902 2732 ordine

176 2748 319 2790 &itum
347 2746 422 2786 est:
451 2758 488 2785 at
519 2760 610 2786 vero
630 2760 717 2786 cum
736 2745 787 2786 ad
808 2746 983 2786 Gloss‘am
1002 2745 1235 2787 ordinariam
1254 2749 1292 2786 ὃς
1313 2747 1519 2787 Rabanum
1537 2757 1770 2799 provocant,
1799 2759 1904 2786 cum-

174 2817 251 2858 que
282 2801 440 2842 Graecis
469 2800 683 2841 Codicibus
714 2815 796 2840 non
825 2801 1000 2851 vetustis,
1029 2799 1094 2841 sed
1125 2801 1237 2842 seculi
1254 2801 1368 2842 XIII.
1395 2815 1440 2841 ac
1458 2801 1560 2842 varie
1581 2800 1816 2854 interpolatis
1837 2801 1902 2852 (ut

174 2859 359 2899 leffiones
388 2855 435 2895 ab
466 2854 555 2908 ipfis
584 2855 715 2896 allatae
735 2854 851 2896 fidem
872 2852 1039 2908 faciunt)
1067 2855 1121 2896 usi
1139 2856 1233 2902 sint,
1261 2857 1342 2897 imo
1362 2869 1450 2896 cum
1471 2855 1675 2896 lectionem
1696 2855 1772 2895 sola
1792 2855 1903 2896 Tho-

173 2927 259 2954 mae
285 2905 485 2952 autoritat'e
513 2910 640 2949 nixam
662 2910 875 2951 Codicibus
896 2910 1140 2964 praetulerint
1157 2911 1290 2965 (quod
1310 2910 1361 2951 ad
1378 2911 1504 2951 locum
1533 2910 1638 2965 1.Jo.
1666 2909 1717 2951 V.
1740 2911 1775 2951 8.
1807 2910 1905 2951 fece·

175 2966 318 3017 runt‚)
348 2965 463 3019 pallio
490 2978 681 3018 purpureo
706 2965 885 3005 videntur
911 2976 1115 3006 centonem
1136 2967 1272 3007 nullius
1292 2967 1403 3020 pretii
1422 2965 1574 3006 affuisse.
1631 2964 1733 3005 Cum
1754 2980 1847 3006 vero
1866 2980 1904 3006 e-

175 3021 441 3062 mendationes
459 3019 499 3080 in
519 3019 601 3072 ipso
626 3019 838 3060 Bibliorum
859 3020 1013 3060 Codice
1028 3022 1179 3074 punffis
1195 3020 1293 3061 infra
1315 3019 1374 3062 vel
1396 3019 1504 3075 supra
1522 3034 1659 3061 vocem
1681 3020 1813 3074 positis
1831 3034 1904 3061 no-

175 3088 365 3128 tarentur,
394 3087 628 3127 nominaque
646 3088 801 3124 eorum,
831 3088 878 3114 ex
897 3089 1061 3128 quorum
1079 3075 1224 3129 scriptis
1244 3077 1386 3129 petitae
1403 3075 1509 3125 sunt,
1538 3075 1653 3116 literis
1673 3087 1819 3115 tantum
1832 3075 1905 3114 ini-

174 3131 324 3172 tialibus
352 3143 419 3183 per
441 3128 714 3182 compendium
732 3129 999 3179 scriberentur,
1028 3130 1110 3170 fieri
1132 3145 1212 3170 non
1233 3132 1380 3184 potuit,
1407 3131 1500 3184 quin
1523 3129 1662 3170 librarii
1683 3130 1903 3184 frequentis-

174 3187 266 3228 fime
286 3185 521 3236 aberrarent,
550 3183 744 3239 multaque
762 3183 1005 3236 omitterent,
1035 3188 1075 3225 &
1097 3184 1206 3240 saepe
1223 3199 1341 3227 unum
1362 3199 1434 3240 pro
1454 3185 1573 3227 altero
1585 3198 1793 3239 ponerent5
1807 3198 1905 3237 qnae

1789 3251 1863 3281 etla
1867 3253 1904 3278 m
