1976 3519
87 242 169 283 1816
465 230 1482 276 PROLEGOMENA.

87 326 270 375 Scholiis‚
302 324 341 364 in
372 322 508 376 qm'bus
536 335 616 361 non
639 335 724 360 raro
744 320 794 360 ad
819 320 871 363 V.
894 320 938 361 L.
960 319 1091 360 addita
1112 317 1305 359 interdum
1330 317 1429 358 Crisi
1453 331 1677 371 provocant.
1707 337 1743 363 v.
1775 338 1828 378 gr.

86 413 112 433 ‚‚
137 382 201 435 JO.
231 380 341 422 VIII.
375 377 563 419 Dubitant
585 376 724 430 aliqui,
755 376 954 429 inquiunt,
985 388 1111 415 utrum
1141 387 1199 414 11.
1232 374 1377 427 priores
1400 373 1524 414 versus
1545 375 1657 428 hujus
1681 379 1828 431 capitis,

89 468 114 488 „
145 439 183 475 &
204 448 298 476 vers.
333 446 395 486 53.
426 431 710 486 praecedentis,
738 431 913 484 adeoque
934 441 1015 470 tota
1036 429 1206 469 Historia
1227 428 1391 469 mulieris
1422 428 1613 470 adulterae
1635 431 1683 471 ad
1708 435 1833 473 Evan-

90 523 114 543 ‚‚
147 491 286 544 gelium
303 489 466 544 Joannis
488 488 697 541 pertineat,
726 486 814 539 quia
838 486 877 525 in
900 485 1026 525 multis
1048 485 1207 524 Graecis
1227 484 1504 535 exemplaribus
1522 488 1561 524 &
1583 486 1622 524 in
1649 486 1832 529 Verfiorle

89 577 116 598 „
145 547 238 600 Syra
272 558 353 585 non
385 544 589 596 reperitur,
620 542 777 595 ejusque
810 540 911 580 nulla
944 540 1089 581 mentio
1121 539 1163 579 fit
1195 538 1298 591 apud
1322 539 1561 593 Origenem,
1591 540 1835 583 Clementem

95 632 121 653 ‚,
154 602 260 642 Alex.
292 604 330 640 ὃ(
358 598 575 643 Nonnum,
606 610 730 650 neque
759 597 966 649 explicatur
995 609 1016 634 a
1042 593 1324 648 (hrysostomo
1356 597 1394 634 ὅ(
1413 595 1739 650 Τὴεορὴγῐεᾶο,
1770 599 1836 650 qui

92 688 118 708 ,,
149 669 275 698 tamen
300 656 339 694 in
361 665 487 694 totum
510 652 758 706 Evangelium
776 651 940 705 Joannis
963 648 1196 702 scripserunt.
1254 649 1358 689 Beza
1390 649 1488 690 hanc
1522 651 1734 692 Historiam
1767 666 1838 705 pro

93 741 120 762 ‚‚
150 711 261 752 valde
292 709 460 763 suspefm
493 708 628 756 habet,
660 708 806 747 Annot.
836 707 876 746 in
897 706 962 760 Jo.
994 704 1084 744 VII.
1119 717 1179 756 53.
1213 703 1369 743 Calvini
1398 704 1447 745 de
1482 720 1526 745 ea
1555 706 1741 759 judicium
1765 709 1840 749 hoc

94 799 120 819 „
150 768 230 814 est·,
259 766 355 807 Satis
385 764 554 813 constat,
586 762 782 802 historiam
804 760 904 801 hanc
925 761 1019 802 olim
1042 759 1201 799 Graecis
1220 757 1327 800 faisse
1354 759 1527 813 ignotam
1549 775 1556 800 :
1587 762 1714 816 itaque
1746 777 1845 802 non·

95 854 119 875 ‚‚
152 822 244 863 nulli
267 821 502 873 conjiciunt,
532 816 685 858 aliunde
705 814 861 856 assutam
880 815 979 863 ess‘e·²
1009 814 1071 854 sed
1094 815 1182 868 quia
1208 813 1353 867 semper
1374 829 1396 854 a
1419 815 1565 856 Latinis
1593 817 1765 858 Ecclesiis
1788 832 1844 858 re-

95 906 122 930 „
152 890 263 931 cepta
295 875 389 924 fuit,
419 878 457 913 &
490 876 529 913 in
560 871 731 926 plurimis
759 871 912 912 vetustis
935 871 1174 911 Graecorum
1197 868 1410 910 Codicibus
1432 872 1615 923 reperitur
1635 902 1647 921 ‚
1677 876 1713 912 ὅ(
1747 873 1843 914 nihil

96 965 134 984 ‚,.
156 931 382 987 Apostolico
402 928 532 982 spiritu
554 926 757 980 indignum
779 928 975 971 continet,
1006 939 1086 965 non
1108 925 1184 968 est,
1214 939 1279 964 cur
1298 938 1381 964 eam
1403 925 1442 964 in
1463 925 1570 965 usum
1592 926 1761 966 nostrum
1785 942 1846 967 ac-

94 1020 124 1039 „
152 986 402 1028 commodare
423 982 643 1023 recusemus.
673 995 767 1022 vers.
797 996 834 1031 9.
864 983 902 1021 in
925 981 1079 1021 Graeco
1097 980 1227 1020 Textu
1249 978 1403 1020 additur
1426 995 1437 1019 .·
1467 976 1526 1019 καὶ
1561 977 1632 1021 ὑπὸ
1664 980 1725 1022 τῖς
1754 999 1849 1021 συνει-

97 1075 123 1094 ,,
152 1039 272 1084 Aulam
293 1036 526 1090 ὲλεγχὸμενω.
559 1038 610 1077 ib.
640 1037 703 1076 hic
729 1037 863 1077 iterum
894 1039 933 1075 in
955 1037 1108 1076 Graeco
1128 1035 1257 1075 Textu
1289 1033 1441 1075 additur
1465 1049 1472 1074 :
1497 1032 1559 1076 ’ἕως
1592 1034 1658 1075 τᾶν
1690 1036 1849 1091 {Qui-scor.

98 1130 124 1149 „
156 1099 243 1139 Ast.
273 1096 343 1137 IV.
378 1098 440 1147 36.
470 1093 600 1146 Jofes.
631 1093 669 1132 in
692 1106 809 1146 marg.
835 1090 1023 1145 quaedam
1042 1091 1270 1143 exemplaria
1298 1090 1438 1130 habent
1468 1089 1626 1144 Jofi'ph.
1657 1092 1747 1133 VII.
1785 1098 1847 1135 16,

99 1185 123 1205 ‚,
155 1151 383 1197 Abraham3
414 1148 572 1202 quidam
594 1147 806 1200 conjiciunt
834 1160 902 1200 per
923 1160 1090 1187 errorem
1112 1159 1255 1185 nomen
1282 1143 1470 1186 Abrahae
1501 1159 1572 1199 pro
1601 1145 1752 1198 Jacobo
1780 1161 1852 1201 po-

100 1241 124 1261 ‚,
156 1208 266 1249 situm
293 1205 379 1247 esse.
406 1204 520 1246 XIII.
553 1217 617 1245 20.
645 1205 762 1242 annis
794 1216 888 1255 350.
919 1203 959 1243 in
993 1201 1183 1255 plerisque
1213 1200 1372 1240 Graecis
1412 1201 1688 1255 exemplaribus
1719 1216 1852 1244 extant

101 1292 126 1315 ‚‚
157 1265 251 1303 anni
281 1274 378 1314 450.
409 1260 593 1314 quoniam
620 1272 712 1298 vero
734 1257 810 1297 hoc
831 1271 918 1297 cum
947 1256 1219 1311 Chronologia
1240 1269 1319 1295 non
1341 1257 1767 1310 congruit‚existimant
1785 1259 1852 1298 ali-

102 1352 128 1372 „
159 1320 248 1373 qui,
277 1333 298 1357 a
318 1317 471 1356 librario
492 1315 531 1354 in
554 1315 719 1355 numeris
741 1313 953 1354 aberratum
975 1311 1081 1352 fuiffie
1111 1333 1172 1342 ·---
1204 1312 1357 1351 Bonum
1388 1322 1513 1351 autern
1547 1311 1711 1362 faitum,
1741 1314 1850 1367 quod

102 1406 129 1427 „
162 1375 208 1415 ab
241 1374 317 1413 hoc
345 1371 601 1423 similibusque
631 1367 782 1408 calculis
812 1368 935 1408 nullus
957 1365 1134 1407 articulus
1157 1365 1247 1406 fidei
1271 1364 1424 1419 pendet.
1454 1366 1548 1407 XX.
1584 1368 1646 1406 28.
1679 1367 1776 1409 ‘Dea
1812 1370 1854 1409 in

104 1459 130 1481 ‚,
158 1430 272 1470 variis
302 1427 492 1467 veteribus
523 1424 681 1465 Graecis
710 1422 986 1475 exemplaribus
1014 1433 1135 1462 extat:
1168 1421 1361 1460 Domini:
1392 1421 1414 1461 i.
1444 1436 1475 1462 e.
1498 1421 1586 1476 jesu
1610 1423 1779 1473 Christi,
1811 1435 1852 1464 ut

102 1518 127 1538 ‚‚
158 1486 277 1525 Rom.
315 1481 429 1523 XVI.
475 1483 537 1519 16.
577 1478 720 1519 Matth.
761 1479 874 1520 XVI.
922 1479 982 1517 18.
1022 1476 1156 1516 XXII.
1200 1490 1260 1516 20.
1301 1476 1523 1527 Martyris,
1554 1478 1592 1516 in
1624 1478 1853 1531 quibusdam

104 1573 127 1592 ‚,
160 1539 272 1580 MSS.
311 1547 443 1578 extat:
474 1536 802 1585 Protomarzfyris.
842 1532 998 1574 XXIII.
1035 1546 1051 1571 2
1063 1545 1092 1585 3.
1125 1528 1376 1584 δεξιολάβουςς
1411 1531 1450 1571 in
1483 1533 1709 1585 quibusdam
1745 1534 1856 1575 MSS.

103 1628 129 1647 ‚‚
160 1605 263 1636 extat
291 1590 512 1646 Σεξιοβέλους,
542 1591 664 1630 Rom.
696 1588 788 1628 XII.
825 1601 884 1627 ιι.
918 1587 1142 1628 servientes
1175 1588 1343 1639 tempori.
1387 1586 1462 1626 Alii
1483 1588 1646 1626 hervite
1667 1588 1857 1630 Domino.

104 1683 131 1703 ‚,
166 1665 199 1691 1.
222 1649 317 1689 Cor.
346 1648 418 1690 XI.
454 1659 513 1686 10.
554 1642 612 1684 διὰ,
642 1641 719 1685 τοὺς
746 1641 936 1692 ἀγγέλους.
996 1642 1072 1681 Alii
1102 1653 1285 1681 vertunt:
1329 1650 1483 1694 propter
1514 1642 1727 1693 Ecclefiam
1749 1675 1759 1694 ‚
1798 1644 1859 1685 vel

105 1741 130 1758 ‚‚
161 1703 345 1758 quamdiu
369 1701 630 1755 prophetant,
662 1697 734 1737 aCsl
759 1698 939 1748 scriptum
961 1696 1051 1737 esset
1081 1694 1139 1735 διὰ.
1160 1695 1222 1736 τῖς
1245 1693 1437 1744 ἀγγελίαις.
1470 1696 1556 1737 Gal.
1586 1698 1614 1738 1.
1636 1703 1673 1737 6.
1701 1698 1860 1751 Christi.

106 1789 133 1813 „
164 1762 257 1814 Syra
270 1756 407 1800 Versio
426 1756 540 1796 habet
561 1752 712 1806 Chrzsto
736 1753 776 1792 in
797 1753 985 1801 ablativo,
1016 1752 1037 1791 i.
1067 1764 1100 1791 e.
1129 1766 1150 1791 a
1170 1751 1351 1800 Christo,
1381 1752 1448 1805 qui
1470 1766 1540 1792 vos
1562 1754 1725 1794 vocavit.
1756 1754 1858 1797 Heb.

108 1845 134 1868 ‚,
164 1816 237 1857 IX.
274 1825 335 1862 14.
362 1823 431 1866 per
464 1811 658 1864 Spiritum
690 1806 888 1849 Sanfft'um.
952 1806 1093 1847 Graeci
1116 1817 1185 1860 per
1217 1804 1408 1859 Spiritum
1438 1816 1636 1848 aeternum
1662 1812 1732 1848 ὅτε.
1765 1824 1861 1850 vers.

110 1903 136 1924 ‚‚
171 1886 206 1912 1.
230 1871 403 1925 primum
434 1865 700 1919 testamentum
731 1863 792 1905 vel
812 1861 968 1917 foedus.
1033 1860 1238 1915 Quaedam
1272 1861 1421 1902 Graeca
1452 1864 1682 1917 exemplaria
1712 1864 1862 1906 addunt

111 1959 138 1979 „
168 1922 469 1967 tabernaculum.
503 1919 628 1960 2.Pet.
657 1919 685 1959 Ι.
716 1930 754 1968 4.
781 1929 847 1972 per
866 1931 972 1973 quae.
1005 1917 1081 1957 Alii
1106 1917 1256 1970 legunt:
1283 1926 1351 1968 per
1373 1930 1502 1971 quem,
1535 1920 1716 1960 nimirum
1745 1920 1862 1960 Chri-

116 2010 141 2033 ‚‚
174 1982 280 2022 stum.
311 1978 387 2027 Iac.
416 1976 468 2018 V.
502 1988 565 2017 12.
594 1971 638 2015 εἷς
667 1971 847 2025 ὑπόκρισιν.
904 1972 981 2013 Alii
1002 1986 1094 2012 vero
1115 1971 1177 2011 hic
1200 1972 1239 2011 in
1261 1972 1388 2013 Textu
1421 1985 1502 2012 non
1531 1974 1663 2026 legunt
1692 1972 1863 2027 ὖπέκςισιν

114 2069 140 2090 ‚‚
172 2035 236 2077 sed
258 2030 328 2073 ὑπὸ
352 2029 476 2085 κρίσιν,
505 2041 547 2071 ut
568 2028 777 2083 significet3
805 2043 854 2069 ne
872 2029 915 2068 in
923 2026 1125 2084 judicium
1155 2026 1342 2067 incidatis.
1403 2027 1540 2069 Verfio
1566 2029 1738 2082 Syriaca,
1771 2031 1865 2072 Vul-

114 2124 140 2145 „
171 2103 258 2147 gata
281 2120 292 2140 ,
322 2087 487 2142 Pagnini
505 2116 516 2136 ,
549 2085 654 2125 Beza
676 2111 686 2129 ‚
715 2083 881 2124 Polanus
901 2114 912 2132 ‚
943 2082 1110 2123 Piscator
1137 2112 1148 2132 ,
1177 2082 1340 2123 Diodati
1359 2113 1371 2133 ,
1403 2083 1650 2124 Genevenses
1679 2089 1751 2125 &c.
1804 2086 1865 2126 Ita

116 2180 142 2201 ‚,
171 2146 285 2188 vertit
316 2140 566 2184 Cassiodorus
601 2139 762 2179 Reinius
784 2140 824 2179 in
851 2138 1063 2192 Hispanica
1092 2137 1358 2178 translatione:
1388 2138 1547 2193 ‘Parque
1569 2153 1616 2177 no
1636 2153 1799 2193 cargays
1820 2155 1866 2180 en

119 2232 144 2255 „
177 2199 484 2242 condemnacion.
510 2194 635 2251 Judae
668 2207 731 2243 25.
762 2194 951 2249 quaedam
984 2193 1099 2234 MSS.
1129 2196 1168 2233 &
1189 2193 1309 2233 versio
1340 2193 1476 2234 Latina
1507 2188 1681 2235 addunt?
1699 2206 1771 2249 per
1795 2195 1870 2247 Je-

118 2288 144 2311 ‚‚
164 2260 257 2311 sum
292 2252 488 2305 Chrzstum
521 2250 744 2291 ‘Dominum
774 2249 950 2303 nostrum.
995 2248 1110 2303 1.Jo.
1140 2248 1169 2289 Ι.
1202 2248 1239 2289 8.
1267 2248 1306 2288 in
1338 2249 1564 2302 quibusdam
1593 2251 1868 2305 exemplaribus

121 2341 147 2366 „
177 2326 248 2368 pro
278 2307 407 2349 σκοτία.
437 2318 539 2359 extat
571 2303 666 2346 σκιαί.
697 2304 744 2347 V.
779 2318 814 2357 7.
844 2304 1036 2359 Qiamvis
1065 2303 1132 2344 iste
1161 2303 1266 2344 locus
1288 2318 1413 2358 neque
1444 2305 1485 2344 in
1514 2305 1692 2346 omnibus
1715 2307 1867 2347 vetustis

124 2400 150 2421 ‚‚
181 2365 457 2420 exemplaribus
479 2362 661 2412 Graecis,
692 2375 727 2402 v.
753 2375 807 2415 gr.
837 2375 886 2401 ne
908 2361 949 2399 in
980 2360 1094 2400 unico
1117 2358 1274 2413 quidem
1296 2359 1500 2412 exemplari
1527 2360 1742 2414 Stephani,
1773 2375 1869 2415 quo-

125 2452 151 2472 „
181 2437 265 2464 rum
295 2421 441 2475 septem
472 2416 683 2470 Epistolam
709 2415 874 2471 Joannis
900 2415 1148 2456 continebant
1172 2441 1182 2460 ‚
1222 2428 1347 2469 neque
1378 2415 1418 2454 in
1449 2415 1541 2469 Syra
1563 2445 1574 2464 ‚
1604 2417 1767 2456 Arabica
1788 2443 1800 2461 ,
1830 2419 1869 2455 ὃς

128 2507 154 2531 ‚‚
185 2476 416 2530 AEthiopica
436 2472 609 2514 versione
629 2483 755 2517 extet,
786 2472 824 2511 in
846 2470 974 2511 multis
993 2471 1109 2510 etiam
1130 2470 1273 2512 Latinis
1295 2469 1507 2510 Codicibus
1528 2471 1746 2521 omittatur,
1776 2474 1815 2510 ὃς
1847 2485 1868 2510 a

129 2567 155 2587 „
184 2533 387 2587 Cypriano
408 2541 484 2570 tres
502 2527 612 2569 testes
633 2527 821 2568 terrestres
836 2526 885 2567 de
898 2525 1014 2567 tribus
1036 2525 1177 2567 divinis
1200 2525 1369 2580 personis
1390 2526 1647 2580 intelligantur
1662 2560 1670 2574 ‚
1701 2526 1871 2567 Facund.

132 2618 159 2641 „
187 2589 212 2628 l.
247 2601 279 2626 ι.
309 2585 399 2627 Des.
426 2585 495 2624 Tr.
526 2582 648 2637 Cap.,
679 2582 846 2636 ideoque
878 2597 899 2622 a
929 2581 1056 2622 multis
1089 2595 1169 2621 non
1200 2595 1333 2621 eorum
1359 2594 1530 2631 tantum,
1560 2582 1627 2634 qui
1647 2582 1682 2622 S.
1704 2581 1875 2621 Trinita-

133 2676 160 2697 „
191 2655 268 2684 tem
291 2650 457 2695 negant,
485 2651 617 2680 verum
638 2652 771 2678 eorum
791 2638 929 2686 etiam,
960 2637 1026 2690 qui
1046 2636 1147 2676 illam
1167 2636 1349 2686 credunt,
1380 2637 1419 2676 in
1449 2636 1605 2676 dubium
1634 2648 1791 2677 vocetur
1813 2663 1823 2682 ,
1853 2651 1874 2676 a

134 2731 160 2752 „
189 2698 378 2752 plerisque
401 2707 529 2735 tamen
549 2693 674 2734 doffis
696 2707 768 2746 pro
786 2692 1008 2732 authentico
1031 2692 1210 2737 habetur,
1242 2692 1331 2745 quia
1353 2692 1392 2730 in
1414 2691 1540 2731 multis
1560 2691 1726 2742 probatis
1748 2705 1876 2731 exem-

134 2787 161 2807 „
191 2753 357 2808 plaribus
377 2761 501 2799 extat,
532 2752 571 2788 &
593 2763 681 2789 cum
703 2747 1017 2801 praecedentibus
1036 2750 1074 2786 δε
1096 2746 1336 2800 sequentibus
1357 2745 1480 2786 verbis
1503 2747 1682 2798 congruit
1702 2777 1712 2795 ‚
1752 2759 1792 2786 ut
1821 2747 1876 2786 vi-

139 2838 166 2861 „
193 2809 283 2849 dere
302 2806 356 2846 est
381 2804 483 2858 apud
505 2804 712 2844 Calvinum
733 2803 772 2842 in
795 2803 831 2843 h.
853 2802 876 2843 l.
908 2802 1001 2843 Hoc
1022 2813 1166 2841 certum
1187 2801 1262 2849 est,
1283 2814 1362 2840 rem
1382 2799 1499 2853 ipsam
1521 2801 1558 2838 in
1582 2801 1657 2839 hoc
1676 2800 1763 2840 loco
1784 2815 1877 2841 con-

137 2897 164 2917 „
194 2876 340 2905 tentam
368 2861 582 2913 Scripturae
609 2859 645 2898 S.
676 2857 994 2903 consentaneam,
1025 2860 1064 2895 ὃς
1088 2857 1127 2895 in
1147 2869 1191 2895 ea
1211 2867 1288 2895 tam
1310 2855 1466 2895 firmiter
1489 2853 1685 2895 fundatam
1707 2856 1802 2901 este,
1835 2867 1875 2896 ut

139 2951 165 2972 ‚,
196 2916 341 2959 etiamsi
374 2915 448 2954 hoc
478 2914 567 2954 loco
598 2927 827 2959 careremus,
853 2913 969 2966 justas
990 2911 1239 2952 nihilominus
1259 2914 1294 2950 ὃ(
1329 2910 1554 2951 sufficientes
1584 2910 1808 2952 haberemus
1837 2912 1874 2951 S.

139 3006 167 3028 ,‚
195 2973 429 3013 Trinitatem
451 2968 632 3008 credendi
653 2968 778 3008 causas
789 2971 821 3007 ”.

196 3027 349 3069 XVIIl.
383 3030 534 3078 Agmen
557 3022 707 3062 claudat
728 3023 800 3062 Vir
820 3022 881 3061 Cl.
910 3021 980 3073 Jo.
1013 3020 1243 3061 Ludovicus
1273 3019 1371 3073 Frey
1399 3020 1642 3076 Theologiae
1669 3023 1707 3061 in
1728 3020 1878 3062 Acade-

143 3085 221 3127 mia
253 3081 442 3123 Bafiliensi
472 3077 671 3118 Professor.
702 3077 783 3116 Hic
811 3078 889 3127 vir,
917 3090 1004 3116 cum
1027 3091 1087 3115 me
1106 3077 1144 3115 in
1165 3075 1242 3115 hoc
1263 3076 1384 3116 stadio
1405 3090 1616 3116 currentem
1639 3080 1676 3114 &
1698 3077 1877 3116 acerrime

144 3141 272 3195 primo
304 3135 537 3182 incitaverit,
569 3137 608 3172 &
641 3132 770 3186 postea
800 3133 1027 3181 inhibuerit,
1057 3131 1172 3184 paulo
1193 3132 1400 3171 accuratius
1424 3132 1477 3171 est
1509 3131 1785 3172 describendus.
1815 3131 1879 3170 In-

142 3197 286 3250 cipiam
304 3208 327 3235 a
346 3190 591 3240 testimonio,
617 3186 728 3242 quod
748 3188 818 3242 ipsi
837 3188 909 3229 iter
929 3187 1134 3229 literarium
1157 3187 1306 3241 paranti
1330 3186 1438 3228 dedit
1465 3188 1644 3229 Decanus
1672 3187 1706 3228 F
1708 3186 1878 3227 acultatis

1745 3242 1879 3282 Theo-
