1976 3519
487 239 1487 287 PROLEGOM-ENA.
1775 261 1853 300 117

103 344 230 386 neque
257 343 330 385 pro
359 334 513 384 accepta
543 326 719 369 mercede
745 340 904 382 operam
933 324 1154 381 promissam
1174 327 1464 380 praestiterunt?
1493 330 1667 374 Tantum
1686 348 1781 392 ergo
1802 353 1842 378 a·

103 387 204 437 best,
235 397 277 427 ut
298 386 474 441 ingentes
502 384 555 424 illi
584 383 725 424 sumtus
744 382 968 423 Editionem
999 381 1099 421 hanc
1128 382 1330 436 praecipue
1360 386 1657 440 commendent,
1686 403 1749 444 ut,
1771 394 1839 448 qui

101 455 186 483 eam
206 451 404 491 curarunt,
433 439 530 479 male
550 437 831 478 administratae
851 438 904 477 rei
922 437 1052 490 potius
1072 436 1263 490 suspectos
1283 437 1445 479 reddere
1467 441 1617 493 poffint.

155 497 526 549 Gloriantur-porro
553 492 734 533 Edi-tores
763 491 1059 546 Complutenses
1087 491 1138 531 de
1167 491 1380 534 Codicibus
1408 494 1621 537 Vaticanis
1640 504 1688 543 V,
1716 505 1758 542 &
1777 503 1840 547 N,-

100 551 151 592 T.
172 553 238 606 qui
258 551 346 606 ipsis
364 562 507 603 magno
527 547 668 589 flierint
685 547 932 602 adjumento,
961 547 1017 588 uti
1032 561 1068 601 p.
1094 559 1159 598 24.
1189 547 1365 601 vidimus.
1417 549 1586 592 Addunt
1615 555 1656 594 in
1686 555 1838 600 Praefa-

101 606 208 647 tione
226 607 277 647 ad
295 605 496 646 Lenorem
523 630 548 653 ‚2
570 603 707 656 quibus
725 603 840 643 etiam
864 602 1107 656 adjunximus
1127 603 1199 642 alia
1219 616 1300 643 non
1321 617 1463 657 pauca:
1493 620 1658 660 quorum
1685 624 1834 664 partem

100 692 126 713 „
154 676 203 702 ex
229 659 455 703 Bessarionis
485 658 766 713 castigatiffimo
797 657 956 698 Codice>
986 657 1131 698 summa
1161 657 1359 712 diligentia
1391 659 1655 715 transcriptam
1685 666 1835 712 illustris

99 748 126 767 „
154 717 393 759 Venetorum
424 714 583 754 Senatus
612 713 667 754 ad>
691 727 763 754 nos
791 712 913 763 misit,
943 724 1091 766 partem
1120 713 1189 766 ipsi
1222 714 1371 767 magnis
1390 713 1581 758 laboribus
1601 722 1641 759 &
1659 723 1833 776 expensis

98 802 126 822 „
154 770 324 824 undique
346 769 664 823 conquisivimus,
694 780 738 809 ut
754 769 869 821 copia
886 767 1180 809 emendatorum
1199 768 1376 810 codicum
1395 770 1548 812 abunde
1577 772 1780 829 superesset
1798 783 1833 819 ”.

99 826 184 866 Ubi
211 823 426 866 notandum
455 824 534 869 est,
568 824 761 864 Codicem
782 822 1010 864 Bessarionis
1039 821 1146 863 fuisse
1179 823 1226 863 V.
1256 824 1306 865 T.
1335 835 1508 875 tantum,
1538 827 1632 870 sicut
1650 832 1833 876 testantur

98 881 276 922 Editores
296 879 468 920 Romani
489 876 539 920 V.
556 879 608 919 T.
625 879 732 933 juxta
753 878 883 919 LXX.
911 878 1164 932 Interpretes‚
1196 878 1373 933 adeoque
1402 880 1452 921 ad
1473 881 1682 935 subjestum
1710 901 1831 943 nego.

96 936 191 977 tium
220 948 302 976 non
331 932 530 988 pertinere.
559 933 780 988 Qiomodo
802 944 930 974 autem
961 933 1257 987 Complutenses
1275 935 1469 977 Vaticano
1500 937 1654 980 Codice
1673 942 1725 982 usi
1754 944 1833 986 fue·

51 1006 55 1009 ·
96 992 191 1036 rint,
220 991 261 1031 in
281 989 414 1032 Veteri
435 988 685 1030 Testamento
702 990 879 1039 Graeco,
906 987 1016 1043 quod
1044 989 1143 1028 intra
1164 1003 1306 1030 annum
1342 1004 1461 1042 1515.
1490 996 1529 1032 ὃ(
1555 1007 1670 1046 1517.
1698 998 1831 1042 edide‘

94 1057 205 1096 runt,
233 1044 399 1086 vidimus
425 1044 536 1098 supra
566 1058 603 1098 p.
639 1056 707 1096 27.·
733 1044 859 1098 Qiod
879 1043 907 1084 si
928 1057 1020 1084 vero
1039 1055 1143 1084 tanta
1164 1044 1314 1084 licentia
1337 1060 1357 1085 a
1378 1046 1571 1088 Vaticano
1601 1050 1755 1094 Codice
1774 1070 1830 1096 re-

94 1099 278 1142 cesserunt
295 1100 336 1140 in
357 1099 491 1142 Veteri
510 1100 783 1150 Testamento‚
804 1099 889 1153 quis
906 1113 1039 1140 eorum
1057 1099 1259 1152 praestabit
1280 1100 1467 1153 majorem
1486 1102 1605 1145 fidem
1624 1106 1664 1146 in
1687 1108 1830 1152 Novo?

94 1156 182 1196 Imo
201 1166 244 1197 ut
262 1153 370 1210 quod
380 1168 446 1196 *res
462 1154 516 1196 est
537 1153 696 1205 dicam,
717 1155 884 1195 rationes
902 1154 1329 1209 suntchronologicae,
1358 1170 1458 1210 quae
1475 1171 1548 1199 nos
1567 1174 1715 1216 cogunt
1742 1179 1826 1205 om-

95 1212 192 1252 nino
211 1210 403 1261 dubitare,
432 1220 559 1251 utrum
579 1209 938 1263 Complutensibus‚
973 1223 1060 1250 cum
1082 1210 1139 1250 N.
1166 1209 1217 1250 T.
1245 1209 1426 1262 ederent,
1452 1215 1647 1268 exemplar
1675 1216 1826 1261 Vatica-

95 1280 187 1307 num
211 1265 327 1306 ullum
357 1266 407 1305 ad
436 1279 571 1306 manus
597 1265 736 1306 fuerit?
767 1265 880 1306 Novi
909 1265 1149 1306 Testamenti
1169 1264 1361 1319 impressio
1383 1266 1552 1309 absoluta
1572 1269 1644 1311 fuit
1676 1285 1737 1313 10.
1760 1275 1828 1329 Ja-

93 1321 214 1362 nuarii
238 1332 357 1372 1514.
385 1320 547 1362 Ultimo
562 1320 770 1362 Februario
789 1320 1051 1375 praecedentis
1069 1321 1161 1360 anni
1180 1320 1321 1361 elefitus
1340 1321 1395 1361 est
1421 1323 1504 1363 Leo
1529 1324 1581 1365 X.
1612 1338 1704 1367 tunc
1733 1343 1829 1371 tem-

92 1377 197 1430 poris
225 1387 422 1431 aegrotus,
457 1389 518 1416 11.
536 1376 694 1430 -Aprilis
722 1388 928 1416 coronatus
956 1376 1033 1425 est,
1063 1390 1107 1415 ac
1134 1376 1264 1429 postea
1292 1376 1449 1417 demum
1480 1379 1668 1433 cogitavit
1686 1382 1737 1425 de
1765 1386 1827 1427 in-

93 1431 300 1472 staurandis
327 1431 464 1482 literis,
493 1434 536 1471 &
562 1431 786 1486 Philippum
804 1431 1036 1472 Beroaldum
1056 1430 1176 1471 filium
1197 1431 1459 1473 Bibliothecae
1478 1433 1691 1478 vaticanae
1719 1453 1825 1493 prae—

93 1485 206 1537 fecit,
234 1486 327 1527 teste
346 1486 540 1541 P.‡Jovio;
571 1486 679 1541 quod
701 1500 788 1527 cum
809 1486 996 1540 Hispanis
1014 1485 1255 1537 innotuisset,
1285 1501 1353 1540 per
1382 1487 1675 1533 Ferdinandum
1704 1495 1823 1537 Non-

92 1541 200 1582 nium
218 1541 464 1593 Pincianum,
495 1543 697 1582 Bononiae
717 1541 782 1582 sub
802 1541 987 1596 Philippo
1004 1541 1202 1582 Beroaldo
1219 1554 1326 1595 patre
1347 1543 1464 1584 literis
1483 1558 1708 1600 operatum,
1736 1565 1827 1593 cum

92 1595 192 1646 aliis,
221 1609 263 1638 ut
282 1597 469 1638 Thuanus
485 1597 545 1638 lib.
567 1598 640 1638 XI:
667 1609 842 1638 extremo
861 1597 1038 1647 testatur,
1069 1598 1305 1650 comparatis.
1318 1612 1460 1653 magno
1482 1602 1606 1653 pretio
1637 1608 1828 1660 exempla-

91 1651 192 1692 ribus
213 1653 390 1701 Graecis‚
421 1653 536 1693 etiam
558 1653 738 1694 Vaticani
755 1652 918 1709 Codicis
937 1653 1090 1706 copi-am
1119 1651 1182 1705 (ὃς
1204 1652 1362 1706 quidem
1384 1668 1465 1694 non
1493 1656 1616 1709 ipsum
1647 1658 1827 1714 ἀπόγρα-

89 1713 174 1757 Φον,
203 1707 267 1748 sed
285 1706 495 1760 ἀπέγςοιφον
513 1707 634 1757 forte,
663 1707 756 1748 ficut
775 1705 1180 1760 Veneti'exemplaris)
1201 1707 1367 1748 habuisse
1385 1709 1575 1752 videntur.
1605 1713 1826 1768 Perpendat

87 1761 170 1815 jam
200 1775 350 1803 mecum
378 1775 520 1816 aequus
545 1763 672 1802 leesor.
684 1774 834 1816 tempus
853 1761 931 1802 istis
958 1762 1136 1802 omnibus
1156 1763 1333 1816 gerendis
1353 1764 1622 1817 necessarium,
1652 1769 1826 1814 locorum

91 1815 234 1857 deinde
260 1817 496 1857 distantiam:
525 1820 563 1855 &
589 1817 757 1868 judicet,
787 1830 836 1856 an
868 1815 1165 1871 fieri-potuerit,
1195 1828 1237 1857 ut
1267 1816 1408 1858 Codex
1431 1817 1640 1864 Vaticanus
1669 1825 1710 1864 in
1733 1839 1827 1869 tem-

90 1884 206 1925 pore,
237 1871 313 1912 hoc
341 1871 396 1913 est
416 1882 505 1913 ante
523 1871 695 1923 finitam,
727 1885 776 1912 ne
795 1871 922 1912 dicam
936 1882 1119 1926 ‘coeptam
1136 1898 1147 1918 ‚
1171 1871 1396 1913 Editionem
1417 1873 1475 1913 N.
1494 1875 1546 1918 T.
1569 1878 1827 1934 Complutum

89 1927 304 1980 perveniret
314 1930 330 1968 ?
1197 1944 1207 1955 ’-

145 1981 267 2036 Qiod
288 1981 315 2022 fi
330 1981 410 2035 jam
428 1981 598 2023 detrafia
613 1981 686 2022 hac
706 1982 916 2022 autoritatis
932 1981 1034 2022 larva
1053 1982 1174 2035 ipsam
1195 1980 1419 2023 Editionem
1437 1986 1614 2040 proprius
1634 1988 1819 2044 inspicere

88 2036 198 2087 licet,
227 2037 344 2078 multa
376 2038 417 2077 in
443 2052 489 2079 ea
516 2048 740 2087 occurrent,
768 2037 905 2091 quibus
934 2036 1053 2087 fides,
1083 2037 1229 2090 peritia⁴
1250 2049 1366 2092 atque
1395 2037 1593 2093 diligentia
1620 2044 1824 2090 Editorum

88 2091 129 2131 in
146 2091 304 2133 dubium
325 2105 493 2134 vocatur.
523 2091 822 2149 Qidsupinius
840 2092 928 2142 illo,
957 2091 1065 2146 quod
1086 2093 1126 2132 in
1148 2093 1309 2133 Daniele
1334 2095 1626 2148 commiserunt,
1658 2101 1722 2142 ubi
1754 2104 1826 2145 sta-

87 2147 157 2187 tim
187 2147 273 2201 post
301 2146 448 2189 editum
477 2148 595 2189 Prolo
648 2161 695 2187 m·
715 2147 959 2202 Hieronymi.
978 2146 1202 2187 affirmantis
1229 2147 1378 2188 disertis
1407 2150 1532 2192 verbis
1553 2180 1564 2198 ‚
1606 2153 1823 2199 ‘Danielem

78 2202 307 2255 prophetam
322 2203 457 2258 juxta
471 2242 473 2244 ,
487 2162 902 2258 LXAgl'Interpreten
920 2202 1093 2242 Domini
1114 2201 1343 2243 salvatoris
1364 2203 1558 2257 Ecclesias
1581 2222 1656 2249 non
1677 2211 1824 2265 legere,

87 2264 240 2297 utentes
250 2257 529 2305 Theodotiqnis
549 2257 760 2303 Editionem
793 2257 844 2298 de
862 2257 933 2307 suo
949 2257 1238 2311 subjunxerunt:
1268 2259 1484 2300 translatio
1497 2262 1652 2305 Graeca
1665 2266 1824 2310 LXX?

90 2310 156 2352 illo
175 2313 288 2363 item,
317 2313 429 2368 quod
444 2314 495 2354 ad
525 2314 729 2359 Hebraeos
755 2313 846 2355 V11,
880 2327 916 2366 3.
946 2325 1092 2368 partem
1125 2314 1299 2367 Capituli
1332 2314 1550 2358 Euthaliani
1582 2320 1621 2360 in
1652 2325 1824 2375 margine

88 2379 152 2407 aut
178 2368 216 2407 in
247 2368 393 2409 summo
411 2365 547 2410 codice
565 2368 830 2423 scriptamfipfi
851 2369 971 2410 textui
990 2368 1245 2410 inseruerunt:
1276 2367 1303 2407 ἓν
1323 2366 1351 2418 <3
1368 2396 1380 2415 ,
1408 2369 1462 2410 ὅτι
1484 2368 1546 2413 καὶ
1572 2377 1622 2414 v}
1648 2370 1822 2431 Ἀβςᾷςὶμ

89 2421 321 2473 προετιμῆθηὲ
347 2424 519 2478 ejusdem
544 2424 624 2465 fere
656 2422 857 2465 commatis
879 2425 932 2465 est
954 2455 965 2473 ,
997 2423 1106 2478 quod
1133 2424 1250 2464 verbo
1275 2423 1482 2479 ἀπελπίζω
1512 2428 1551 2468 in
1583 2431 1727 2473 Lexico
1755 2435 1821 2476 suo

87 2476 278 2532 duplicem
297 2490 461 2534 eamque
473 2479 811 2527 contradifimriam
842 2478 1158 2535 significationem
1190 2480 1422 2526 tribuerunt,
1449 2483 1629 2525 nimirum
1649 2489 1762 2542 spero
1781 2505 1822 2529 a·

88 2531 217 2587 liquid
246 2532 475 2589 abaliquo,
508 2539 548 2574 ὃς
577 2535 753 2588 despero:
785 2548 871 2575 cum
902 2546 1030 2576 tamen
1060 2535 1198 2588 prioris
1222 2534 1324 2587 apud
1356 2537 1528 2579 Graecos
1548 2541 1692 2582 nullum
1714 2546 1823 2585 vesti-

88 2588 190 2640 gium
211 2603 403 2638 occurrat,
433 2590 591 2644 ejusque
610 2590 785 2643 origo-ex
805 2590 950 2630 vitiosis
976 2590 1204 2644 quibusdam
1235 2589 1451 2633 Codicibus
1478 2594 1626 2636 Latinis
1657 2601 1824 2651 petenda

92 2641 157 2692 sit,
186 2644 251 2697 qui
278 2645 402 2684 Lucae
428 2645 498 2685 VI.
534 2659 597 2697 35.
628 2659 722 2699 pro:
752 2644 859 2685 nihil
875 2643 1147 2700 desperantes,
1170 2645 1414 2699 scripserunt:
1444 2648 1551 2689 nihil
1564 2651 1825 2709 indegffieran-

88 2706 168 2746 tes,
197 2699 301 2752 quod
324 2699 433 2752 supra
454 2701 671 2741 monuimus
700 2714 737 2754 p.
771 2713 862 2740 110.
1806 2739 1809 2742 ,

144 2753 433 2795 Multitudinem
469 2770 639 2796 errorum
665 2755 1058 2811 Typographicorum
1097 2755 1245 2796 filentio
1277 2756 1525 2805 direxissem,
1555 2762 1624 2803 nisi
1655 2766 1827 2807 animad-

86 2807 295 2855 vertissem,
325 2810 770 2852 errata--interdum-esle
799 2810 921 2852 dosta‘
946 2823 1062 2866 atque
1093 2811 1290 2861 affe&ata,
1322 2815 1361 2851 &
1390 2827 1489 2866 quae
1511 2815 1581 2856 nisi
1614 2832 1635 2857 a
1665 2821 1825 2862 Graecis

90 2861 275 2913 proficisci
293 2879 372 2905 non
394 2878 620 2920 potuerunt3
650 2878 748 2920 quae
770 2866 938 2907 Millium
970 2866 1223 2917 induxerunt,
1251 2879 1293 2907 ut
1324 2868 1521 2921 crederet,
1550 2885 1631 2912 non
1663 2873 1824 2918 fortuito

89 2928 194 2966 orta,
225 2917 288 2958 sed
307 2934 353 2960 ex
373 2921 579 2974 exemplari
598 2922 683 2962 MS.
713 2921 881 2975 expressa
910 2920 1039 2971 fuisse,
1069 2921 1228 2976 quando
1256 2937 1291 2962 V.
1321 2936 1378 2976 gr.
1408 2924 1578 2980 Prologo
1602 2928 1643 2968 in
1673 2930 1825 2984 Episto-

89 2970 163 3009 lam
185 2971 232 3011 ad
251 2972 599 3031 Roma-noslegunt
628 2975 668 3016 ἐκ.
687 2976 828 3021 wicram
844 2975 1012 3023 δηλοῦται
1031 2991 1103 3032 pro
1130 2975 1317 3016 ὃικαιὲται.
1349 2978 1520 3035 Prologo
1541 2983 1581 3024 in
1614 2984 1826 3038 Epistolam

88 3025 137 3064 ad
162 3025 390 3070 Corinthios
400 3030 455 3072 ἱεῖς
475 3031 530 3071 τὰ,
549 3030 613 3077 ’έθνη
643 3045 716 3086 pro
743 3030 787 3073 εἷς
814 3048 867 3071 τα,
886 3030 953 3078 ἔθη.
982 3032 1104 3073 Marc.
1134 3032 1164 3072 I.
1192 3044 1260 3083 45.
1287 3031 1397 3083 ἔξωθεν
1417 3049 1488 3088 pro
1507 3034 1586 3089 ἔξω.
1615 3040 1727 3081 XIII,
1761 3044 1824 3081 28,

86 3077 126 3122 δὴ
159 3094 229 3133 pro
258 3081 328 3128 ἤδη.
366 3086 461 3127 Luc
492 3086 648 3128 XXIII.
689 3087 725 3129 8.
765 3084 817 3128 ’ἐτι
846 3101 918 3141 pro
946 3102 993 3127 τι.
1019 3086 1082 3142 Jo.
1111 3087 1164 3129 V.
1197 3101 1232 3129 2.
1259 3085 1328 3133 ’ἔφη
1357 3103 1429 3143 pro
1457 3089 1529 3134 ἔφη,
1557 3094 1645 3135 Ast.
1676 3096 1727 3136 X.
1761 3110 1825 3135 22,

87 3133 189 3187 ’ὄχλε
217 3150 290 3190 pro
316 3138 395 3181 ‘o‘affi
424 3153 458 3182 1.
477 3142 559 3184 Pet.
587 3141 657 3184 ΠΙ.
691 3155 757 3184 22.'
782 3140 1037 3239 ἄποτοιγέιίξων
1067 3157 1140 3198 pro
1167 3141 1427 3192 ὑποταγέντων.
1455 3144 1537 3189 IV„
1562 3161 1632 3193 11.,
1654 3147 1697 3191 ὣς
1725 3164 1836 3212 χορηὲ

1028 3211 1048 3253 3
1163 3226 1167 3230 ·
1773 3222 1828 3254 7³⁸
