1976 3519
124 242 157 286 I,
266 266 267 269 =
598 243 816 280 ΚΑΤΑ
895 238 1367 279 ΜΑΤΘΑΙΟΝ

147 327 251 381 Φαρὲς
278 327 313 368 δὲ
343 325 484 377 ἐγέννησε
511 325 568 368 'rbi
594 322 743 378 Ἐσρῶμ·

146 381 282 434 Ἐσρῶμ.
313 381 348 422 δὲ
381 380 522 431 ἒγὲννησε
549 378 605 423 'riv
631 375 759 433 Ἀρῶμ.

68 457 77 461 ‘
91 441 124 492 4.
149 436 266 492 ’Aperite
283 436 319 478 δὲ
338 435 480 488 ἐγέννησε
499 433 554 478 τόν
573 432 778 484 Ἀμιναδάβ·

132 599 157 629 3.
176 587 216 618 τὶν
232 590 348 620 secundo
362 588 440 628 loco]
457 603 507 611 —
526 588 574 625 87.

127 628 217 676 gupa]
235 630 309 666 Θῖψι
324 638 370 665 5⁷·

1741 249 1823 291 227

1725 490 1824 540 Ἀμι-

135 666 244 706 Εσ-ρῶμ]
274 665 378 703 ’Λα-μέμ)
417 667 455 693 D.
472 664 543 699 apud
570 667 684 693 Lucam.
709 661 798 702 Ἐα-ρῶν
824 664 915 692 Editio
931 667 1011 692 Ariae
1030 663 1155 691 Montani
1174 672 1199 699 3.

133 716 163 742 4,
186 702 349 740 'Apmmol‘assssj
386 701 540 739 'Apormdiifu
570 714 592 731 1.
610 703 715 742 (semel)
737 707 778 732 ιό.
798 713 844 740 53.
865 706 910 732 60.
932 712 977 738 72.
999 703 1043 730 8⁶.
1063 703 1109 736 89.
1131 712 1176 737 90.
1197 707 1298 739 Evang.
1321 711 1346 738 3.
1364 711 1393 736 4.
1415 711 1460 730 2¹.
1479 712 1524 731 22.
1543 711 1589 740 23.
1618 712 1664 738 25,
1689 706 1821 734 Macarius

92 745 308 783 Chrysocephalus.
347 744 451 770 Contra
459 743 599 770 veritatem
609 743 780 774 Hebraicam,
798 742 906 770 librariis
920 742 1041 769 'Graecis
1063 741 1260 772 aberrantibuS,
1282 748 1341 768 tum
1359 749 1467 778 propter
1484 743 1641 778 praecedens
1658 744 1822 772 vocabulum

91 781 176 818 ’Λρὲιμν
186 803 193 814 ,
219 790 280 810 tum
307 781 370 819 quia
385 780 467 818 longe
485 780 559 819 plura
577 783 689 808 nomina
711 778 816 818 propria
830 781 951 809 definunt
961 780 987 806 in
999 790 1045 807 am
1056 801 1062 809 .
1085 779 1213 806 Roboam
1225 799 1232 811 ‚
1243 779 1337 816 Joram
1349 801 1357 812 ,
1367 780 1498 817 joatham
1509 802 1515 812 ‚
1531 781 1645 808 Abraam
1657 803 1664 814 ‚
1680 789 1741 809 turn
1760 783 1823 820 quia

93 821 203 848 Graecis
220 820 355 848 insuetum
370 820 425 852 est,
444 827 476 847 ut
492 829 596 847 nomen
612 820 711 847 desinat
719 820 746 847 in
757 819 882 852 literae„
893 826 954 847 tum
962 818 1078 856 denique
1086 818 1148 855 quia
1156 817 1278 854 literaeya
1288 821 1342 851 &ss
1353 819 1380 846 in
1392 820 1473 849 MSS.
1486 820 1635 847 Codicibus
1643 819 1820 849 suntfimiles.

83 912 225 954 Jeremias
237 936 247 953 ‚
267 912 403 952 Hiskias,
427 912 608 944 Chanameel
625 913 658 943 &
679 912 799 944 Sallum.
823 911 862 942 R.
879 911 936 951 Ju-

90 955 128 985 da
149 954 238 986 dicit:
261 957 350 986 etiarn
366 955 501 986 Huldam
519 965 554 986 ex
574 956 698 996 posteris
716 954 821 985 Rahab
839 964 935 984 mere-

88 998 170 1028 tricis
184 997 277 1029 fuisse.
300 998 321 1029 f.
347 1007 394 1037 15.
420 1007 445 1029 1.
467 998 669 1030 Tradiderunt
684 997 835 1028 Rabbini:
864 1007 934 1037 qua—

71 1046 157 1070 ·tuor
173 1041 307 1071 mulieres
330 1040 470 1081 pulchrae
493 1041 613 1072 fuerunt
636 1041 667 1070 in
691 1039 824 1080 mundo,
845 1039 935 1076 Sara,

89 1082 234 1123 Abigad,
261 1083 387 1122 Rahab,
408 1085 442 1115 &
467 1082 581 1114 Esther.
622 1082 711 1114 Ruth.
731 1084 767 1112 R.
792 1092 818 1112 1.
838 1091 868 1111 2.
892 1082 933 1113 R.

86 1124 197 1156 Simon
220 1127 342 1156 nomine
359 1124 400 1155 R.
417 1125 522 1165 Josuae
550 1125 603 1156 filii
622 1125 714 1165 Levi,
735 1126 769 1156 ὅ(
787 1124 828 1154 R.
849 1124 933 1155 Che-

86 1175 139 1198 ma
168 1176 248 1208 pater
277 1168 318 1199 R.
337 1167 443 1207 Josuae
463 1168 586 1198 nomine
607 1167 648 1199 R.
692 1167 772 1198 Non
792 1166 852 1197 dati
865 1167 930 1198 sunt

86 1209 157 1241 h'bri
172 1209 397 1241 Chronicorum
414 1210 467 1240 nisi
483 1209 518 1240 ad
535 1210 661 1251 gloriam
683 1219 706 1239 1.
717 1209 785 1241 Chr.
806 1209 861 1241 IV.
881 1220 934 1241 21.

78 1251 215 1294 familiae
229 1260 323 1282 aomus
338 1260 472 1283 texturae
487 1251 556 1285 lini:
579 1253 650 1284 haec
675 1251 716 1283 est
739 1252 849 1283 Rahab
872 1262 935 1283 me-

87 1296 195 1334 retrix,
215 1305 288 1335 quae
311 1294 496 1326 abscondidit
521 1295 720 1335 exploratores
744 1297 774 1326 in
798 1295 884 1333 lin03
905 1298 935 1326 in

85 1335 163 1367 domo
184 1337 373 1379 adjurationis
391 1347 398 1367 :
429 1339 497 1379 quia
520 1338 722 1378 adjuraverant
746 1347 811 1369 eam
832 1338 936 1378 explo-

80 1387 214 1420 ratores,
235 1378 275 1415 (ῥ’
291 1383 353 1410 viri
369 1380 477 1419 Cosba,
499 1381 567 1420 quia
583 1381 706 1411 mentita
729 1380 770 1411 est
787 1381 846 1421 regi
858 1380 936 1419 Jeri-

84 1422 208 1454 chuntis
225 1442 289 1448 ---
311 1422 350 1457 &
365 1422 470 1454 incolae
479 1422 616 1464 Ledam,
637 1424 706 1464 quia
713 1423 935 1454 adhaesitlsrae-

79 1462 359 1497 ·ii-—Dixerunt:
381 1465 423 1497 X.
445 1465 615 1497 Sacerdotes
628 1465 793 1506 Prophetae
803 1466 861 1496 orti
870 1466 936 1498 sunt

86 1516 123 1538 ex
145 1507 250 1539 Rahab
276 1510 444 1545 meretrice,
474 1507 630 1547 Jeremias,
660 1507 798 1548 Helkias,
821 1508 935 1549 Seraja,

77 1547 240 1592 -Mahafia,
274 1551 455 1592 Hanamael,
491 1551 627 1590 Sallum,
654 1550 792 1591 Baruch,
822 1550 936 1593 Neria,

80 1589 230 1625 'Ezechiel
239 1617 250 1634 ,
260 1593 344 1633 Bufi,
354 1593 419 1626 sunt
427 1595 477 1635 qui
484 1593 586 1625 dicant
597 1616 607 1632 ,
615 1594 703 1624 etiarn
713 1593 847 1625 Huldam
858 1593 937 1626 Pro-

86 1635 244 1677 phetiffam
262 1646 296 1666 ex
312 1635 377 1667 filiis
395 1637 529 1668 filiorum
544 1636 651 1668 Rahab
669 1637 828 1668 meritricis
842 1636 935 1668 fuisse.

133 1678 294 1709 Berachoth
325 1679 348 1710 f.
379 1689 407 1720 7.
437 1688 466 1710 2.
511 1679 612 1719 Qare
635 1687 743 1711 vocata
767 1679 809 1709 est
832 1679 937 1709 Ruth?

81 1716 258 1760 ‚Respondit
273 1721 317 1752 R.
331 1722 474 1761 Joannes:
496 1722 563 1762 quia
579 1722 704 1758 meruit,
724 1727 757 1752 ut
775 1731 812 1752 ex
825 1731 858 1752 ea
878 1723 939 1753 ori-

85 1769 170 1792 setur
195 1763 316 1801 David,
346 1765 398 1804 qui
426 1764 504 1800 ΤΙἸἾ
529 1764 661 1804 irrigavit
686 1762 790 1794 Deum
816 1763 858 1794 O.
885 1763 937 1795 M.

88 1805 217 1836 canticis
240 1806 273 1836 &
299 1805 427 1847 hymnis.
471 1809 540 1836 Sota
567 1805 588 1836 f.
617 1814 668 1846 47.
694 1816 718 1837 ι.
738 1810 775 1837 eit
801 1806 940 1838 mercede

84 1848 282 1889 quadraginta
308 1849 434 1880 duarum
458 1848 648 1880 oblationum
663 1857 735 1889 quas
754 1848 865 1880 obtulit
883 1849 940 1880 Ba-

87 1887 138 1920 lac
158 1900 208 1921 rex
233 1891 332 1922 Moab
352 1893 442 1921 Num.
460 1890 586 1922 XXIII.
608 1899 655 1931 1.,
675 1891 801 1932 meruit,
823 1898 856 1922 ut
879 1893 941 1922 ori-

86 1940 171 1963 'retur
186 1942 223 1963 ex
240 1944 277 1965 eo
289 1933 396 1974 Ruth,
416 1943 451 1964 ex
470 1943 527 1975 qua
544 1941 626 1964 ortus
646 1932 688 1963 est
697 1933 833 1964 Salomo.
848 1933 940 1965 Thar-

85 1983 155 2011 gum
182 1977 214 2005 in
250 1975 340 2007 Ruth.
369 1975 409 2007 11.
441 1985 487 2007 12.
520 1985 566 2017 13.
597 1976 632 2006 &
654 1974 769 2006 dic‘tum
795 1975 838 2006 est
865 1976 940 2007 mihi

91 2016 126 2046 in
142 2016 318 2058 prophetia,
339 2019 468 2050 orituros
482 2018 538 2049 effe
554 2027 589 2049 ex
606 2026 635 2049 te
652 2027 732 2059 reges
750 2018 784 2049 &
809 2018 940 2060 prophe-

85 2060 138 2090 'tas
157 2078 236 2084 -——-
255 2062 289 2093 ὃς
307 2070 421 2102 partem
440 2069 521 2093 tuam
538 2061 602 2092 fore
618 2070 688 2091 cum
697 2060 939 2092 Sara&Rebec-

93 2110 131 2132 ca
145 2102 179 2133 δε
195 2102 314 2134 Rahele
331 2105 364 2135 &
394 2104 461 2135 Lea.
488 2113 535 2144 15.
558 2105 592 2135 &
609 2102 771 2133 Sanhedrin
787 2104 810 2134 f.
835 2113 888 2145 93.
909 2114 939 2135 2.

94 2142 213 2176 dictum
233 2145 274 2176 est
291 2147 321 2176 in
337 2146 500 2188 Prophetia
520 2147 648 2177 orituros
665 2156 700 2177 ex
718 2145 766 2176 illa
782 2146 828 2176 sex
843 2146 940 2186 justos

90 2188 198 2226 ,mundi
216 2190 326 2229 totius,
348 2199 479 2230 quorum
496 2189 599 2231 finguli
617 2188 813 2220 benedicendi
829 2189 884 2220 sint
894 2189 941 2221 sex

92 2228 348 2262 benedictionibus
366 2256 375 2271 ‚
404 2231 505 2263 David
523 2255 533 2270 ,
564 2233 598 2263 &
623 2231 730 2262 Daniel
758 2241 829 2262 cum
854 2232 940 2263 sociis

94 2271 168 2311 suis,
189 2274 221 2303 &
239 2274 306 2304 Rex
329 2273 456 2305 Meffias.
477 2273 642 2315 Bereschith
659 2277 694 2305 R.
707 2274 743 2305 L.
758 2275 801 2305 16.
819 2276 861 2305 Et
870 2275 942 2304 duas

85 2313 170 2357 filias
193 2319 251 2356 ejus
276 2319 422 2347 inventas.
467 2317 556 2348 Dixit
574 2317 616 2348 R.
637 2317 741 2348 Tobia
759 2316 800 2348 R.
821 2316 941 2358 isaaco,

93 2356 167 2388 duae
183 2358 317 2390 inventae
334 2360 413 2400 sunt,
441 2359 527 2393 Ruth
554 2360 717 2398 Moabitis‚
740 2360 775 2391 &
801 2360 942 2392 Naeman

92 2399 289 2432 Ammonitis.
332 2401 420 2433 Dixit
442 2402 484 2433 R.
519 2402 622 2433 Isaac:
668 2404 775 2431 Inveni
797 2404 943 2433 Davidem

87 2441 208 2483 firvum
225 2454 310 2475 meum
327 2443 403 2484 Psal.
428 2444 621 2476 LXXXIX.
643 2454 695 2475 21.
739 2444 830 2475 Ubi?
859 2446 942 2477 inve-

96 2485 128 2515 ni
143 2484 236 2526 ipsum
252 2488 282 2517 in
301 2486 442 2518 Sodoma.
485 2487 629 2525 Thargum
648 2486 791 2517 1.Chron.
813 2487 869 2518 IV.
891 2497 942 2530 23.

96 2526 186 2559 Ruth
209 2538 302 2559 mater
334 2539 506 2571 regnorum.
554 2529 717 2571 Bereschith
743 2532 778 2560 R.
806 2529 859 2561 LI.
892 2540 941 2562 10.

90 2569 134 2599 ⁴&
151 2571 240 2601 Ruth.
263 2574 296 2602 R.
320 2570 377 2603 IV.
402 2581 451 2613 ¹4·
479 2582 526 2612 19.
556 2571 736 2614 vivificemus
746 2574 830 2612 patri
853 2573 944 2615 nqslro

89 2611 196 2652 semen.
220 2614 260 2644 R.
283 2614 464 2645 Tanchuma
482 2616 606 2646 nomine
629 2614 671 2646 R.
691 2614 849 2646 Samuelis:
881 2625 943 2647 non

96 2652 212 2685 dietum
235 2655 278 2686 est
302 2656 414 2697 filium,
436 2657 483 2688 sed
506 2657 621 2697 semen,
642 2656 724 2698 quod
749 2657 866 2697 prodire
891 2657 943 2689 de.

99 2696 187 2727 bebat
213 2708 248 2729 ex
274 2698 346 2730 loco
370 2699 429 2731 alio
452 2699 510 2730 five
535 2701 701 2742 peregrino.
742 2699 945 2740 Ecquodnam

99 2747 172 2769 vero
188 2740 230 2770 est
253 2740 350 2773 illud?
373 2741 439 2773 Rex
457 2742 587 2773 Messias,
629 2741 784 2772 Bemidbar
799 2745 834 2773 R.
856 2742 943 2774 VIII.

98 2779 122 2809 f.
146 2791 193 2820 19.
217 2792 244 2813 1.
264 2793 298 2814 ex
309 2783 676 2826 filiabusejusacceperunt
685 2785 720 2816 ad
730 2784 944 2827 sacerdotium,

101 2821 135 2852 &
143 2832 302 2863 genuerunt
311 2825 387 2857 filios
396 2851 405 2866 ,
417 2828 468 2868 qui
478 2826 591 2860 stabant
600 2829 633 2860 &
644 2827 850 2859 ministrabant
859 2828 894 2859 ad
904 2829 945 2859 al-

102 2871 163 2910 tare
178 2867 211 2896 &
229 2868 375 2900 intrabant
383 2871 413 2900 in
421 2869 564 2902 sarnetum
575 2893 585 2909 ‚
606 2870 863 2902 &benedicebant
873 2871 947 2902 Isra-

101 2905 142 2935 eli
157 2910 276 2940 nomine
292 2910 352 2941 Dei
367 2913 577 2953 pronunciato.
619 2912 663 2944 Hi
671 2913 735 2944 sunt
745 2913 861 2944 Baruch
871 2913 945 2945 filius

101 2946 213 2995 Neriae
229 2971 239 2987 ‚
278 2951 372 2992 Seraja
394 2954 470 2985 filius
494 2955 663 2994 Mahafiae,
696 2955 838 2996 Jeremias
869 2956 946 2987 filius

107 2988 242 3033 Hilkiae,
265 2993 413 3027 Hananael
437 2996 513 3028 filius
536 2997 659 3031 Sallum.
700 2997 789 3029 Ruth.
810 3000 847 3029 R.
867 2997 890 3030 I.
912 3008 943 3039 4.

104 3030 244 3064 Traditio
264 3038 386 3068 nomine
408 3038 451 3070 R.
474 3039 572 3071 Meir:
595 3051 658 3072 non
682 3040 794 3072 faciunt
816 3040 944 3083 prosely-

103 3081 153 3104 tos
169 3085 265 3116 neque
280 3076 430 3118 baptizant
445 3091 515 3122 eos,
536 3092 630 3123 neque
646 3084 764 3114 traditio
788 3083 842 3114 fuit
858 3094 945 3115 reno-

106 3125 187 3158 vata,
210 3128 304 3160 neque
320 3121 434 3154 multati
449 3124 514 3155 sunt
525 3146 537 3163 ,
558 3134 677 3166 propter
694 3134 743 3157 eos
751 3125 893 3168 scriptum
902 3126 946 3158 est

978 913 1070 940 Deut.
1092 909 1215 941 XXIII.
1235 920 1264 951 4.
1285 914 1474 949 Ammonia,
1496 923 1558 944 non
1575 923 1672 944 autem
1691 914 1825 945 Ammo„

978 954 1062 984 nitis:
1086 953 1237 983 Moabita:
1261 964 1323 985 non
1342 963 1441 985 autern
1460 955 1616 988 Moabitis.
1636 957 1650 988 I
1676 967 1722 988 21.
1750 959 1824 990 ans

977 997 1111 1036 exposuit
1134 995 1345 1028 traditionem:
1369 1001 1591 1037 Ammonitanz,
1612 1010 1674 1030 non
1693 1002 1824 1032 Ammo--

977 1038 1119 1078 nitidem,
1143 1038 1333 1079 Moabitam,
1351 1050 1413 1071 non
1445 1041 1659 1074 Moabitidem.
1681 1044 1713 1074 ὃ(
1731 1043 1761 1075 II
1795 1055 1823 1085 5.

978 1081 1012 1112 &
1036 1081 1091 1112 IV.
1115 1092 1139 1112 ι.
1163 1091 1190 1121 5.
1212 1082 1247 1112 ὅ(
1270 1083 1430 1122 Jebamoth
1456 1084 1476 1114 f.
1498 1085 1549 1124 69.
1575 1094 1600 1115 Ι.
1624 1086 1703 1116 Ruth
1725 1091 1760 1118 R.
1782 1087 1824 1119 II.

981 1132 1007 1163 5.
1036 1124 1070 1154 &
1098 1123 1153 1155 III.
1178 1133 1225 1155 12.
1259 1134 1307 1164 15.
1349 1125 1436 1156 Dixit
1461 1125 1501 1156 R.
1520 1126 1598 1165 Juda
1621 1127 1695 1159 filius
1713 1129 1753 1161 R.
1778 1132 1825 1162 Si-

979 1168 1094 1197 monis:
1119 1166 1257 1197 steterunt
1275 1177 1310 1197 ex
1334 1168 1383 1198 illa
1398 1168 1442 1199 sex
1455 1168 1546 1209 justi,
1569 1179 1698 1209 quorum
1721 1173 1825 1214 singuli

977 1208 1089 1239 habent
1112 1209 1158 1240 sex
1182 1211 1372 1250 proprietates
1394 1230 1459 1235 —
1483 1211 1586 1242 Sextus
1611 1212 1652 1243 est
1669 1224 1723 1245 rex
1746 1218 1826 1247 Mes-

978 1251 1047 1292 fias,
1070 1252 1145 1282 ficut
1165 1251 1274 1283 dicitur
1291 1253 1362 1293 Esai
1380 1252 1437 1284 XI.
1458 1262 1489 1284 2.
1509 1255 1661 1294 Medrasch
1677 1258 1826 1289 Thehil'fm

979 1293 1004 1325 Ι.
1038 1295 1072 1325 &
1099 1293 1158 1325 IX.
1188 1295 1217 1326 6.
1260 1295 1435 1327 Ammonita
1461 1297 1496 1326 &
1522 1297 1659 1329 Moabita
1682 1301 1827 1340 prohibiti

977 1335 1043 1368 sunt
1059 1337 1262 1378 prohibitione
1278 1347 1408 1369 aeterna:
1433 1338 1482 1369 sed
1503 1340 1636 1371 mulieres
1648 1352 1750 1373 eorum
1761 1355 1826 1385 per-

979 1379 1079 1411 missae
1099 1378 1165 1411 sunt
1190 1379 1297 1412 statim.
1341 1380 1484 1412 Koheleth
1503 1384 1539 1413 R.
1563 1382 1604 1414 X.
1631 1394 1657 1415 1.
1701 1384 1827 1427 Doegus

979 1422 1014 1452 &
1037 1421 1221 1464 Achitophel
1252 1442 1318 1448 ——
1337 1433 1443 1455 contra
1459 1423 1612 1456 Davidem
1630 1426 1724 1459 locui
1742 1429 1825 1462 sunt:

978 1464 1091 1497 familia
1104 1467 1165 1505 ejus
1181 1465 1335 1507 illegitima
1358 1466 1422 1505 est,
1443 1477 1545 1499 nonne
1560 1469 1620 1510 ipse
1636 1470 1677 1501 est
1691 1481 1726 1502 ex
1740 1472 1829 1505 Ruth

980 1506 1175 1542 Moabitide?
1213 1508 1375 1549 Jebamoth
1398 1509 1419 1540 f.
1451 1510 1500 1549 67.
1530 1521 1560 1541 2.
1601 1514 1635 1544 &
1659 1515 1772 1545 Samuel
1791 1520 1827 1547 R.

979 1549 1088 1582 XXII.
1118 1550 1207 1582 Dixit
1229 1551 1297 1583 Saul
1313 1562 1324 1591 3
1351 1553 1372 1584 si
1398 1552 1498 1583 David
1515 1555 1596 1585 venit
1611 1555 1648 1585 de
1664 1556 1752 1598 stirpe
1771 1558 1830 1590 Pe-

979 1601 1047 1631 rez,
1059 1603 1110 1624 rex
1126 1594 1249 1635 evadat,
1259 1595 1368 1636 quirex
1381 1596 1492 1636 rumpit
1501 1595 1696 1638 sepimentum
1706 1621 1715 1637 ,
1725 1611 1779 1632 nec
1787 1601 1830 1633 est

980 1637 1032 1676 qui
1048 1637 1134 1668 illum
1148 1637 1299 1669 cohibeat.
1323 1638 1411 1669 Dixit
1427 1640 1455 1670 ei
1464 1638 1554 1680 Doeg
1562 1641 1730 1674 Edomaeus
1740 1655 1746 1674 :
1758 1645 1830 1685 quid

981 1680 1092 1718 quaeris
1100 1703 1108 1719 ‚
1121 1688 1220 1711 utrum
1231 1680 1266 1711 fit
1273 1690 1309 1711 ex
1317 1680 1426 1712 familia
1435 1705 1445 1721 ,
1455 1692 1529 1723 quae
1539 1683 1633 1724 ipsum
1646 1684 1756 1726 Regno
1764 1688 1831 1718 red-

980 1721 1030 1750 dat
1044 1721 1221 1767 idoneum?
1241 1732 1348 1763 quaere
1372 1725 1489 1764 potius,
1511 1735 1548 1755 an
1572 1725 1678 1767 dignus
1706 1728 1756 1769 fit,
1778 1731 1830 1771 qui

983 1771 1081 1794 veniat
1097 1764 1128 1794 in
1147 1765 1430 1806 congregationem,
1451 1776 1521 1797 narn
1537 1775 1620 1799 ortus
1639 1769 1681 1799 est
1699 1769 1735 1801 de
1745 1772 1832 1804 Ruth

982 1803 1173 1837 Moabitide?
1195 1806 1364 1847 Respondit
1386 1808 1510 1839 Abner:
1546 1811 1756 1844 Ammonitam
1781 1825 1833 1846 ex-

982 1846 1063 1879 cludi
1079 1847 1205 1889 scimus,
1226 1857 1256 1881 at
1274 1859 1337 1880 non
1354 1849 1615 1884 Ammonitidem:
1639 1854 1830 1898 Moabitam‚

982 1896 1012 1919 at
1036 1900 1100 1922 non
1127 1891 1332 1923 Moabitidem
1357 1892 1450 1925 Deut.
1480 1893 1604 1926 XXIII.
1630 1905 1655 1937 3.
1701 1897 1833 1940 Regeffit

982 1931 1090 1973 Doeg:
1112 1933 1187 1964 ficut
1209 1933 1322 1965 ibidem
1349 1934 1442 1968 Com.
1464 1946 1493 1966 2.
1516 1939 1637 1969 excluso
1662 1939 1760 1981 spurio
1785 1944 1832 1974 in-

984 1974 1123 2016 telligitur
1148 1978 1237 2008 etiam
1262 1977 1381 2008 excludi
1403 1978 1512 2017 spuria:
1536 1981 1576 2012 ita
1591 1983 1680 2013 etiam
1699 1985 1832 2017 Ammo-

983 2018 1051 2048 nitis
1078 2028 1151 2050 cum
1176 2019 1366 2051 Ammonita.
1410 2021 1472 2059 At,
1492 2023 1590 2063 inquit
1614 2025 1736 2062 Abner‚
1757 2031 1833 2060 ratio

983 2059 1081 2091 addita
1104 2061 1235 2094 excludit
1263 2072 1326 2093 non
1350 2062 1475 2094 feminas
1490 2064 1535 2095 sed
1553 2067 1633 2098 viros
1650 2068 1764 2111 solum,
1787 2072 1834 2102 di-

983 2103 1062 2134 citur
1086 2105 1192 2136 enim:
1223 2108 1356 2148 quoniam
1381 2117 1436 2135 non
1462 2116 1643 2138 occurrerunt
1667 2111 1749 2141 vobis
1773 2124 1833 2144 cum

977 2153 1053 2184 pane
1078 2144 1117 2181 ό·
1142 2158 1239 2188 aqua,
1255 2150 1320 2188 jam
1346 2158 1418 2180 vero
1445 2159 1510 2180 mos
1535 2161 1596 2182 non
1614 2151 1672 2194 est,
1696 2163 1728 2185 ut
1744 2155 1833 2186 ferni—

984 2198 1037 2219 nae
1064 2190 1103 2220 ita
1129 2190 1249 2222 faciant.
1294 2191 1439 2232 Reposuit
1464 2192 1571 2234 Doeg:
1592 2194 1757 2228 debuissent
1776 2201 1832 2231 viri

984 2232 1054 2262 viris
1072 2241 1229 2264 occurrere
1243 2255 1253 2272 ‚
1274 2234 1308 2264 ὅ(
1324 2235 1450 2265 feminae
1468 2236 1593 2268 feminis.
1640 2238 1751 2272 Tacuit
1768 2242 1835 2273 Ab·

984 2283 1036 2304 ner
1053 2275 1087 2306 &
1107 2276 1216 2316 exivit,
1237 2284 1269 2307 ut
1286 2277 1450 2308 consuleret
1465 2278 1608 2310 scholam.

1025 2316 1166 2357 Denique
1191 2320 1279 2350 etiam
1302 2319 1478 2360 Bathsebam
1494 2321 1532 2352 ab
1552 2322 1687 2354 adulterii
1705 2327 1832 2358 crimine

985 2359 1145 2392 absolvunt
1164 2360 1269 2400 Judaei
1297 2362 1470 2402 statuentes,
1493 2365 1535 2395 sui
1553 2366 1628 2405 juris
1645 2376 1709 2398 eam
1729 2368 1831 2410 fuisse,

985 2402 1147 2443 postquam
1163 2404 1201 2435 ab
1221 2404 1296 2435 Uria
1313 2406 1342 2435 in
1360 2406 1470 2436 bellum
1483 2407 1580 2444 ituro,
1601 2418 1656 2449 pro
1669 2420 1835 2452 moregen—

985 2446 1020 2475 tis
1031 2467 1041 2483 ,
1061 2445 1193 2476 libellum
1210 2446 1324 2488 repudii
1340 2448 1511 2489 accepisset.
1764 2451 1769 2454 '

1026 2488 1090 2527 Qi
1116 2488 1321 2531 Thamarem,
1342 2490 1467 2530 Rahab,
1488 2491 1575 2523 Ruth
1599 2494 1634 2525 &
1658 2494 1833 2529 Bathsebam

986 2529 1018 2560 in
1043 2540 1147 2571 genere
1171 2531 1295 2563 Meffiae
1320 2535 1469 2564 numerari
1486 2535 1671 2577 gloriantur,
1692 2540 1763 2579 quid
1780 2540 1833 2572 ha·-

986 2572 1059 2603 bent
1081 2572 1163 2614 quod
1192 2575 1223 2604 in
1251 2574 1350 2606 Maria
1375 2577 1490 2618 virgine
1505 2578 1702 2610 cavillentur?
1722 2584 1832 2624 quique

987 2624 1086 2656 aperta
1112 2617 1238 2647 crimina
1259 2618 1425 2659 excusant,
1455 2628 1509 2650 cur
1529 2621 1592 2659 jam
1617 2621 1653 2652 ad
1671 2625 1768 2655 inanes
1784 2626 1831 2656 su-

987 2657 1132 2698 spiciones
1149 2667 1209 2690 tam
1225 2658 1290 2691 sunt
1299 2660 1450 2700 proclives
1462 2687 1471 2702 ,
1494 2662 1514 2693 fi
1525 2672 1586 2693 non
1598 2663 1696 2696 studio
1704 2669 1832 2707 partium

987 2700 1136 2731 ducuntur
1156 2701 1167 2729 ἓ
1194 2712 1248 2732 cur
1277 2702 1546 2744 vitilitigationibus
1561 2705 1616 2736 suis
1633 2706 1779 2748 Doegum
1796 2712 1830 2742 δε

987 2743 1082 2783 ipsum
1106 2743 1270 2775 Samaelem
1294 2745 1403 2776 imitari
1417 2749 1532 2788 potius,
1554 2758 1644 2788 quam
1661 2761 1677 2781 a
1693 2750 1758 2782 falsa
1774 2755 1833 2784 cri-

988 2786 1151 2817 minatione
1169 2786 1312 2818 abstinere
1329 2788 1522 2820 maluerunt?

1029 2828 1174 2872 Pham]
1196 2833 1293 2861 Beres.
1319 2833 1355 2861 R.
1379 2830 1453 2862 XII.
1475 2842 1502 2872 5.
1525 2833 1566 2866 R.
1589 2833 1745 2871 Baracffia,
1774 2847 1832 2868 no-

988 2870 1070 2901 mine
1092 2870 1131 2902 R.
1163 2872 1306 2903 Samuelis
1329 2872 1425 2904 dixit:
1457 2875 1544 2907 Licet
1569 2887 1613 2907 res
1639 2887 1748 2909 creatae
1776 2880 1832 2910 fint

988 2913 1019 2942 in
1042 2913 1225 2954 perfeelione
1250 2913 1316 2953 sua,
1337 2924 1436 2948 tamen
1458 2927 1493 2948 ex
1517 2928 1577 2958 quo
1601 2922 1736 2959 peccavit
1751 2922 1834 2952 Ada-

988 2964 1057 2986 mus
1073 2957 1202 2997 primus,
1222 2958 1334 2988 eversae
1350 2958 1434 2999 sunt,
1455 2970 1548 3001 neque
1561 2961 1834 3002 restituentur,do-

988 3007 1044 3028 nec
1070 3000 1168 3030 veniat
1191 2999 1266 3030 filius
1283 3000 1376 3032 Perez
1390 3003 1411 3032 i.
1432 3012 1456 3032 e.
1478 3003 1604 3035 Meffias.
1623 3006 1767 3035 Schemoth
1789 3006 1832 3037 R.

988 3039 1099 3072 XXX.
1131 3041 1173 3073 R.
1203 3042 1294 3074 Afhu
1319 3062 1382 3067 ——
1412 3045 1506 3076 Perez
1529 3066 1594 3070 -—
1619 3049 1686 3086 quia
1711 3049 1831 3078 Meffias

988 3083 1075 3114 stabit
1090 3093 1124 3114 ex
1140 3084 1213 3123 illo,
1235 3086 1264 3115 in
1283 3087 1366 3125 cujus
1380 3086 1483 3119 diebus
1500 3087 1583 3120 Deus
1600 3089 1738 3130 deglutiet
1747 3099 1831 3120 [ηομ

989 3134 1051 3158 tem
1066 3126 1095 3157 S.
1121 3125 1162 3158 D.
1183 3127 1267 3169 Esaj.
1287 3127 1397 3161 XXV.
1419 3129 1448 3160 8.

1072 3168 1121 3199 Ff
1135 3178 1155 3199 2
1677 3181 1708 3213 4.
1729 3173 1831 3202 Naasz
