1976 3519
139 234 219 273 124
553 217 1550 260 PROLEGOMENA.

126 310 245 351 tionis
268 304 473 358 Βουλγοιρίον
493 319 691 360 perperam
714 305 828 360 legit,
859 307 899 343 ὃ(
925 303 964 343 in
991 303 1306 344 annotationibus
1324 305 1469 357 primae
1487 319 1532 345 ac
1550 304 1735 345 secundae
1750 305 1870 345 Editi-

126 365 213 405 onis
233 364 275 402 V
270 362 463 416 algarium
487 360 613 402 nescio
635 375 750 414 quern
774 359 979 409 substituit,
1009 358 1211 399 manifCsto
1232 372 1481 412 paroramate.
1541 360 1668 413 Pejori
1687 375 1812 401 errore
1828 362 1865 400 in

128 420 229 460 Mar.
259 418 289 458 1.
325 430 384 457 ιο.
413 416 533 457 dicit:
569 447 598 466 „
627 414 813 455 &austum
844 428 924 454 non
960 414 1114 454 additur
1142 415 1183 454 in
1206 414 1387 465 Graecis,
1417 427 1680 468 praeterquam
1702 416 1803 469 apud
1827 431 1867 455 ii-

129 501 155 520 „
187 487 280 514 num
305 472 580 528 Vulgarium'’:
611 469 719 525 quod
739 470 903 510 omnino
926 468 1056 509 falsum
1075 469 1152 519 ess,
1180 469 1500 524 Theophyla&us
1519 471 1622 510 enim
1642 485 1866 510 severacum

130 529 290 570 Graecis
326 528 536 576 consentit,
569 526 673 567 unde
704 528 742 564 in
773 524 1042 578 posterioribus
1068 524 1312 565 Editionibus
1334 526 1415 579 ejus
1446 526 1591 565 mentio
1609 525 1658 564 ad
1681 526 1788 564 istum
1811 526 1867 565 lo-

129 597 216 625 cum
246 583 446 624 omittitur.
502 580 775 623 Gravissimum
795 579 963 634 denique
982 578 1076 619 illud
1093 580 1148 620 est
1169 579 1276 634 quod
1298 579 1337 619 in
1361 582 1482 620 Lucae
1505 580 1574 620 XI.
1610 594 1671 629 ³5-
1701 580 1868 633 scripsit,

130 644 168 679 ὅ(
202 642 240 679 in
272 639 450 679 omnibus
478 637 723 677 Editionibus
743 635 917 675 retinuit:
948 664 976 685 ,‚
1006 634 1132 686 Quod
1153 635 1180 675 fi
1201 636 1309 688 quis,
1338 635 1485 689 inquit,
1515 636 1609 675 mihi
1631 635 1782 675 fortasse
1803 649 1869 688 pa-

129 709 212 736 runi
244 694 359 735 habet
388 693 499 743 fidei,
529 692 642 745 ipsius
678 690 849 744 Vulgarii
877 689 924 743 (i.
952 703 986 730 e.
1014 688 1328 742 Tlieophylasti)
1357 690 1469 730 verba
1488 691 1694 730 adscribam
1707 694 1750 730 '':
1781 689 1869 737 7122-

129 767 190 790 ται
219 746 296 802 ’γσὶς
325 747 367 788 τὸ
396 742 621 801 Σπῖομῖζειν
650 745 734 785 ὅταν
765 743 919 786 πλείονες
948 742 1107 797 {gendo-iv
1132 744 1192 785 ’έναι
1210 741 1291 795 περὶ
1311 743 1433 784 ἄλλων
1453 742 1504 794 θ)
1526 743 1647 785 ἄλλων
1666 743 1864 794 ὑποθέσεων,

127 803 215 845 τότε
234 803 311 857 ‘rag
329 804 376 851 μὴ
395 802 564 849 δυνάμενος
584 796 824 851 ἐσωκρῖνειθαι
843 799 989 849 ἔμφασιν
1008 798 1119 841 δίδωσι
1141 799 1202 839 τοῧ
1212 797 1349 842 &roim-ov
1359 799 1607 853 ὲξαπορηθῆναι
1620 829 1630 847 ,
1642 800 1869 842 Verlionein

129 860 272 901 deinde
292 860 504 914 subjungit,
534 870 650 912 quam
671 856 866 910 nos‚quia
886 867 1036 896 tantum
1047 869 1127 895 non
1140 857 1256 908 impia
1268 855 1627 904 videtur,consul·to
1639 857 1867 897 omittimus.

130 916 177 956 In
208 916 293 956 MS.
321 926 448 955 autem
478 911 768 965 Theophylaffl
789 938 800 956 ‚
844 924 922 964 quo
956 910 1131 951 Erasmus
1160 911 1244 951 usus
1269 911 1324 951 est
1344 941 1355 960 ,
1395 911 1688 952 manifestiilime
1707 911 1792 965 post
1812 910 1873 949 δυ·

129 969 259 1018 νοίμενος
288 969 440 1010 additur
469 967 582 1007 σοῖσιν
599 971 637 1005 ὃ(
662 981 734 1020 pro
751 966 814 1005 τοῦ
834 962 971 1008 ἀνοήτου
992 965 1244 1018 ἑξαποςηθῆνκι
1258 993 1267 1010 ,
1296 965 1405 1020 quod
1426 980 1474 1007 ne
1493 967 1652 1020 quidem
1675 968 1869 1007 Graecum

128 1027 205 1076 est,
236 1025 372 1080 legitur
395 1021 465 1065 τοῖς
486 1018 630 1065 &veiireu
649 1021 713 1061 τοῦ
733 1019 1006 1074 ὲξαπορηθῆναι,
1036 1022 1140 1062 unde
1164 1020 1286 1062 sensus
1307 1022 1426 1061 oritur
1445 1021 1561 1076 longe
1580 1021 1806 1062 luculentior
1827 1025 1866 1060 ἃ

129 1081 178 1121 :id
210 1080 367 1134 scopum
398 1079 540 1119 autoris
569 1077 908 1118 accommodatior.
963 1103 989 1126 ,‚
1019 1076 1084 1117 Fit
1102 1078 1206 1117 enim
1226 1074 1267 1115 τὸ
1291 1071 1533 1133 Ξεως-ομῖζειγ,
1562 1091 1649 1118 cum
1670 1077 1793 1130 plures
1814 1077 1871 1115 in-

130 1167 155 1187 „
185 1146 382 1191 terrogant
413 1148 531 1175 unum
564 1133 615 1173 de
644 1133 727 1173 aliis
756 1145 871 1186 atque
900 1131 982 1171 aliis
1008 1133 1140 1180 rebus·‚
1169 1145 1261 1173 tunc
1280 1132 1383 1172 enim
1403 1146 1491 1172 cuin
1514 1146 1593 1172 non
1614 1130 1727 1186 poss'it
1745 1145 1872 1171 omni-

130 1224 154 1243 ,‚
183 1191 252 1232 bus
273 1189 524 1244 respondere,
553 1189 717 1242 speciem
737 1189 891 1243 praebet
908 1187 1196 1242 simplicioribus
1219 1187 1324 1241 quasi
1347 1186 1536 1228 haerentis
1559 1187 1834 1239 &·impediti'’.

185 1246 285 1288 Illud
312 1245 480 1299 denique
508 1245 549 1284 in
578 1243 737 1284 Erasmo
771 1243 930 1283 minime
958 1241 1157 1284 ferendum
1186 1244 1263 1293 est,
1295 1243 1403 1296 quod
1433 1242 1542 1296 saepe
1563 1243 1870 1283 excusationibus

90 1319 92 1321 >
130 1312 265 1356 parum
285 1300 436 1341 idoneis
454 1313 526 1341 nec
545 1299 632 1339 satis
655 1299 823 1339 honestis
842 1298 918 1347 uti,
951 1312 1067 1352 quam
1093 1299 1231 1338 erroris
1253 1298 1405 1352 culpam
1426 1298 1643 1351 simpliciter
1664 1297 1770 1338 fateri
1793 1313 1870 1338 ma-

130 1358 251 1398 luerit.
306 1355 492 1396 Causatur
531 1353 824 1396 festinationem.
883 1356 937 1394 At
964 1353 1168 1408 quomodo
1194 1353 1314 1408 ipsam
1343 1351 1626 1394 festinationem
1655 1352 1870 1403 excusabit,

129 1424 194 1453 aut
215 1412 300 1466 quis
319 1411 442 1465 ipsum
463 1425 512 1451 eo
534 1410 687 1465 adegit,
715 1421 758 1450 ut
779 1408 995 1449 festinaret?

187 1468 295 1508 Alias
316 1466 480 1507 caussam
497 1465 657 1519 conjicit
677 1466 716 1504 in
736 1463 961 1520 typotlietas
981 1467 1021 1504 ὃ(
1041 1464 1296 1514 comestores,
1326 1464 1390 1504 ubi
1411 1463 1506 1517 quid
1529 1463 1719 1504 offensum
1729 1464 1804 1513 cst,
1818 1476 1872 1514 ut,

128 1550 154 1574 ,‚
185 1523 230 1563 In
257 1523 380 1577 prima
401 1520 586 1562 Editione
606 1531 813 1569 verteram,
842 1519 1058 1573 inquit,—
1086 1533 1306 1573 quanquam
1327 1519 1403 1559 hoc
1425 1518 1547 1572 ipsum
1568 1520 1726 1559 librariis
1748 1520 1873 1572 impu-

129 1609 156 1629 „
186 1579 257 1619 tari
285 1587 436 1632 poterat
455 1607 467 1626 ,
505 1574 824 1630 quandoquidem
853 1574 994 1614 nulla-m
1014 1573 1096 1628 ejus
1118 1575 1171 1615 rei
1194 1573 1293 1615 facio
1319 1575 1555 1615 mentionem
1577 1575 1616 1614 in
1642 1575 1876 1614 Annotatio-

136 1664 162 1683 ,‚
193 1634 324 1682 nibus,
355 1631 463 1686 quod
484 1643 612 1671 tamen
633 1630 672 1670 in
693 1629 856 1670 secunda
875 1628 1059 1670 Editione
1077 1633 1307 1672 mutaram”.
1335 1629 1488 1669 Contra
1508 1630 1650 1671 Stunic.
1668 1631 1706 1668 in
1731 1630 1876 1670 Mattli.

129 1688 181 1730 V.
215 1701 276 1739 ²7·
311 1689 358 1728 Et
385 1697 520 1726 contra
545 1685 671 1725 Leum
699 1698 736 1737 p.
767 1688 832 1723 66.
862 1684 954 1724 Luc.
983 1682 1098 1724 XVI.
1132 1698 1196 1732 25.
1253 1712 1278 1733 ‚,
1309 1684 1590 1736 Compcreram
1609 1716 1620 1734 ,
1659 1685 1804 1738 inquit,
1833 1699 1874 1724 m

129 1775 156 1794 „
186 1745 313 1798 priore
342 1741 527 1782 Editione
558 1739 792 1794 negligentia
820 1751 1024 1792 operarum
1054 1750 1117 1779 aut
1146 1738 1299 1779 fortasse
1330 1739 1598 1792 castigatorum
1620 1737 1681 1778 532
1708 1740 1874 1794 positum

130 1826 157 1850 ‚,
189 1813 261 1853 pro
288 1797 341 1838 ’ὁδε
363 1797 440 1838 hoc
470 1795 547 1846 est,
576 1794 798 1835 adverbium
819 1794 902 1833 vice
924 1794 1174 1848 pronominis.
1234 1795 1341 1834 Nam
1361 1793 1402 1833 id
1425 1808 1503 1834 non
1526 1794 1600 1835 effe
1620 1794 1760 1835 fanum
1786 1810 1874 1834 inco

130 1881 157 1905 ,,
187 1855 283 1895 vitio
303 1852 363 1895 vel
384 1850 477 1892 illud
491 1851 635 1904 arguit,
665 1849 774 1904 quod
794 1850 834 1888 in
859 1850 1188 1891 Annotationibus
1219 1850 1331 1902 hujus
1350 1849 1403 1889 rei
1425 1850 1565 1890 nullam
1590 1849 1689 1889 facio
1712 1851 1875 1890 mentio-

131 1941 157 1960 „
189 1923 287 1950 nem.
348 1907 394 1948 Id
416 1909 455 1947 in
485 1906 695 1960 posteriore
725 1916 911 1945 mutatum
941 1905 1039 1945 est''.
1099 1905 1226 1955 Male,
1249 1919 1345 1957 *nam
1365 1906 1557 1959 exemplar
1580 1906 1666 1946 MS.
1694 1919 1773 1960 quo
1792 1906 1886 1946 usus

130 1964 206 2015 est,
235 1964 327 2019 legit
348 1960 410 2002 ὦδε
429 1976 509 2002 non
531 1960 594 2000 ὅδε.

189 2019 293 2060 Alibi
323 2017 373 2059 ad
405 2017 576 2058 Codices
607 2026 795 2069 provocat
813 2042 823 2061 ‚
866 2016 933 2069 qui
960 2029 1149 2069 nusquam
1180 2027 1346 2067 extant,
1375 2028 1417 2057 ut
1453 2016 1490 2055 in
1526 2018 1671 2057 Annot.
1703 2015 1805 2055 Edit.
1844 2031 1876 2055 z.

136 2107 161 2128 „
191 2074 387 2116 Nonnulli
408 2073 550 2113 Graeci
569 2071 723 2111 codices
741 2071 950 2112 habebant:
979 2073 1021 2110 in
1045 2071 1263 2111 hominibus
1284 2070 1381 2111 bona
1402 2071 1594 2111 voluntas
1615 2070 1643 2109 ὲν
1663 2069 1877 2121 ἀνθρώποις,

132 2163 159 2182 ,,
189 2131 270 2171 alii:
299 2127 518 2169 hominibus
537 2127 748 2177 voluntas,
769 2126 910 2180 absque
931 2125 1216 2180 praepositione
1226 2129 1258 2168 '’.
1292 2127 1342 2174 Et
1363 2127 1480 2180 Epist.
1503 2126 1714 2167 DCCtLlI.
1750 2130 1878 2179 Atque

135 2187 212 2226 hoc
233 2184 391 2240 quidem
410 2183 499 2224 loco
520 2181 642 2223 fateor
663 2181 984 2236 praepositionem
1007 2180 1034 2220 ἒν
1052 2182 1091 2221 in
1113 2182 1307 2223 nonnullis
1319 2184 1555 2223 Graecorum
1570 2178 1783 2222 Codicibus
1797 2196 1878 2223 non

136 2240 383 2294 addi,quum
401 2239 442 2279 in
461 2237 788 2279 emendatioribus
806 2236 979 2278 addatur.
1006 2238 1129 2291 Atqui
1152 2251 1231 2277 non
1256 2250 1430 2291 poteram
1451 2237 1491 2278 in
1513 2237 1685 2277 versione
1706 2236 1773 2276 nisi
1798 2241 1881 2277 uni-

136 2310 222 2347 cam
241 2295 447 2336 leffionem
474 2294 647 2334 retinere.
676 2293 709 2333 E
733 2291 879 2333 duabus
900 2293 1014 2346 igitur
1030 2306 1114 2332 eam
1136 2292 1281 2333 secutus
1298 2292 1374 2333 sum
1387 2324 1397 2343 ‚
1429 2307 1528 2347 quae
1549 2293 1669 2346 magis
1689 2291 1891 2333 arridebat·

139 2352 270 2393 animo
290 2364 399 2398 meo,
429 2362 604 2403 quaeque
624 2347 819 2388 Codicum
840 2347 1147 2388 emendatiorum
1166 2348 1467 2402 &interpretum
1481 2348 1720 2388 Graecorum
1730 2361 1881 2388 enarra-

141 2408 249 2449 tione
269 2404 610 2447 commendabatur
621 2423 634 2449 ς
667 2402 775 2457 quod
794 2402 1004 2454 supererat,
1034 2403 1074 2442 in
1093 2404 1422 2444 Annotationibus
1441 2416 1521 2444 erar
1540 2403 1743 2457 agendum.
1773 2403 1884 2444 Con·

141 2473 200 2502 tra
228 2462 369 2502 Stunic.
429 2490 454 2510 „
485 2458 609 2513 Qiod
641 2459 776 2499 Lucae
814 2458 929 2499 XIII.
960 2470 1023 2512 34.
1052 2470 1262 2508 verteram,
1292 2459 1438 2513 inquit,
1468 2472 1527 2498 eos
1550 2460 1618 2508 qui
1647 2460 1896 2507 mittuntur,

145 2545 172 2569 ,‚
198 2516 294 2557 nihil
328 2515 433 2556 aliud
465 2514 537 2556 fuit
562 2515 602 2554 in
628 2513 758 2564 causa,
787 2512 857 2553 nisi
888 2512 996 2568 quod
1018 2524 1108 2554 tunc
1128 2513 1212 2554 usus
1233 2513 1314 2554 sum
1330 2513 1487 2563 codice,
1519 2515 1584 2566 qui
1607 2513 1768 2554 habebat
1796 2515 1886 2552 ’ἐπο-

146 2603 173 2624 ,‚
202 2568 454 2619 τελλομένουςτ
482 2583 601 2624 quum
635 2569 834 2610 scriberem
868 2569 1173 2618 Annotationes‚
1213 2570 1279 2623 qui
1308 2568 1411 2609 secus
1442 2569 1612 2609 habebat.
1674 2569 1763 2608 Nec
1781 2570 1884 2609 enim

148 2660 174 2680 „
203 2641 262 2668 res
281 2627 365 2667 aaa
383 2626 437 2667 est
459 2625 599 2666 eodem
624 2626 662 2664 in
684 2625 783 2665 loco.
841 2622 1045 2672 Quaedam
1068 2636 1293 2664 annotarain
1312 2625 1351 2664 in
1376 2623 1801 2677 Brittannia,pleraque
1816 2625 1886 2663 Bi-

149 2713 176 2735 „
205 2682 338 2731 fileae,
364 2695 408 2721 ac
428 2695 500 2734 pro
521 2692 695 2734 tempore
717 2678 874 2721 diversis
894 2678 974 2719 sum
996 2678 1079 2720 usus
1098 2679 1393 2733 exemplaribus,
1422 2693 1493 2719 nec
1514 2679 1598 2719 unis
1619 2691 1756 2718 tamen.
1794 2680 1888 2719 Por-

152 2769 178 2790 „
209 2751 254 2778 ro
280 2749 399 2790 quum
421 2748 646 2789 perventum
666 2733 758 2774 effer
778 2733 827 2774 ad
847 2734 991 2775 Lucam
1004 2762 1016 2780 ,
1044 2735 1095 2774 ita
1117 2734 1197 2774 sum
1217 2733 1381 2776 afflietus
1400 2733 1555 2774 adversa
1575 2733 1814 2782 valetudine,
1847 2747 1889 2773 ur

153 2823 179 2844 ,‚
208 2792 364 2833 coaetus
390 2790 458 2830 fim
489 2803 614 2830 totum
644 2790 812 2830 laborem
843 2788 1068 2830 conferendi
1095 2790 1177 2830 dies
1203 2791 1350 2844 aliquot
1365 2789 1636 2831 intermitteres
1666 2802 1737 2828 nec
1759 2801 1888 2829 tamen

153 2878 179 2899 „
209 2857 387 2900 poterant
416 2845 554 2885 cessare
583 2859 724 2898 operae
743 2876 754 2895 ,
794 2844 900 2897 quod
932 2845 1098 2885 futurum
1129 2857 1210 2885 erat
1244 2858 1387 2901 magno
1416 2843 1650 2898 typographi
1673 2842 1888 2897 dispendio.

156 2934 181 2955 ,‚
210 2903 262 2942 Et
292 2901 344 2942 ob
371 2900 414 2941 id
432 2900 623 2954 pollicitus
642 2900 721 2939 sum
744 2899 898 2939 alteram
920 2899 1143 2941 Editionem
1156 2935 1165 2949 ‚
1194 2915 1270 2954 qua
1288 2900 1460 2941 sarcirem
1480 2898 1589 2952 quod
1609 2899 1649 2939 in
1670 2899 1797 2952 priore
1818 2899 1889 2940 fuit

156 2984 182 3010 ‚‚
212 2956 392 2997 cessatum
402 2985 415 3006 ‚
445 2954 486 2994 id
515 2954 621 3009 quod
652 2958 691 2993 &
714 2953 914 2994 fecimus”.
970 2956 1022 2995 Et
1040 2968 1174 2996 contra
1195 2956 1316 2996 Leum
1336 2955 1432 2995 Luc.
1462 2953 1576 2995 XIV.
1607 2967 1672 3006 31·
1727 2981 1752 3003 ‚,
1782 2955 1892 2996 Cita-

159 3043 185 3064 ,‚
214 3026 294 3052 ram
316 3042 327 3061 ‚
366 3011 516 3064 inquit,
546 3010 586 3049 in
614 3009 942 3049 Annotationibus
960 3024 1006 3050 ex
1029 3010 1182 3050 Graeco
1202 3010 1355 3050 Codice
1373 3007 1578 3062 ἑιπέςχεται
1598 3008 1786 3056 συμᾷαιλεῒν
1816 3035 1892 3042 -

158 3094 183 3119 ,,
241 3080 331 3108 uum
350 3066 392 3106 in
412 3073 596 3105 contextu
619 3063 663 3103 sit
683 3061 972 3114 πορευίμενος.-
984 3064 1095 3118 Qiid
1119 3064 1222 3105 aliud
1242 3065 1305 3105 hic
1325 3065 1490 3105 divinari
1508 3065 1786 3119 potuit,quam
1797 3065 1893 3106 mihi

162 3154 187 3174 ‚,
234 3120 326 3164 uiss'e
349 3120 453 3162 aliud
481 3119 675 3174 exemplar
690 3150 702 3170 ,
727 3118 994 3160 diversum‘ab
1013 3133 1084 3171 eo,
1115 3119 1223 3174 quod
1240 3119 1354 3163 secuti
1375 3120 1459 3161 sunt
1480 3119 1765 3176 Castigatores?
1798 3120 1895 3160 Luc.

1706 3201 1733 3226 2,
1762 3175 1897 3218 XVH.
