1976 3519
145 247 227 290 134
521 220 1527 273 PROLEGOMENA.

142 320 288 375 scribat
314 350 324 369 ‚
352 320 390 370 fe
416 315 597 357 Codicem
619 312 829 369 perlegiffe.
887 311 999 366 Quid
1029 311 1171 352 audio?
1199 324 1247 351 an
1274 324 1350 365 ego
1379 307 1595 360 affirmavi,
1624 309 1801 351 Crulium
1832 312 1872 349 &t

146 375 414 418 Hoeschelium
434 371 587 413 codices
604 371 694 411 illos
715 367 911 410 contulisse
931 399 942 418 ‚
973 378 1014 408 ut
1033 367 1129 406 mihi
1149 366 1341 405 incumbat
1362 378 1461 405 onus
1490 364 1676 418 probandi
1697 368 1712 405 ?
1741 379 1872 404 annon

149 430 367 483 fimpliciter
385 428 486 478 dixi,
506 426 654 467 Iselium
676 437 817 466 temere
835 422 984 478 negass'e
995 453 1007 472 ‚
1035 422 1119 461 illos
1137 420 1291 460 codices
1310 435 1331 460 a
1350 432 1546 474 quoquam
1566 418 1672 460 fuisse
1691 420 1871 470 collatos,

148 484 257 539 quod
277 485 437 538 probare
456 496 535 522 non
554 479 693 535 possit?
723 479 780 519 Sit
800 490 925 518 autem
946 477 1164 529 conjeetura
1182 475 1263 527 ejus
1281 475 1524 524 verosimilis,
1554 474 1713 515 multum
1742 486 1871 514 tamen

148 540 251 580 abest
279 540 326 580 ab
354 537 625 580 asseveratione
651 535 704 575 rei
730 544 854 574 certae
874 563 885 583 ‚
913 533 973 573 cui
1000 532 1152 586 plenam
1182 529 1301 571 fidem
1338 529 1476 570 habere
1501 530 1680 583 jubentur
1706 542 1872 569 emtores

150 596 351 649 pecuniam
372 593 537 634 soluturi.
564 591 687 631 Porro
707 587 803 628 mihi
824 585 1093 640 tribuit,quod
1115 599 1311 639 nunquam
1329 584 1409 624 dixi
1429 596 1493 625 aut
1514 583 1873 638 scripfi;&lepidos

148 664 293 691 errores
314 650 495 703 imputat:
524 646 626 695 Ait,
641 642 944 695 Ecclestasticum
965 641 1085 695 bajus
1104 640 1220 686 nostri
1242 638 1396 679 Codicis
1416 653 1441 678 a
1459 638 1632 679 ‘Davide
1654 637 1873 692 Hoefihelio

152 707 248 747 Viro
278 704 337 744 Cl.
363 703 454 744 olim
483 701 666 742 collatum
684 697 828 752 fuiffe‚
857 711 940 737 cum
959 695 1069 736 illius
1087 696 1194 749 usitm
1214 693 1262 733 ab
1283 693 1358 733 hac
1377 693 1595 735 Academia
1613 692 1873 748 impetraffet,

153 758 202 805 όν
223 762 365 800 varias
386 758 476 799 inde
496 756 675 796 lectiones
696 756 737 792 in
756 752 922 792 editione
939 751 1049 791 illius
1067 750 1248 790 exhiberi.
1289 749 1376 803 Ego
1398 758 1535 788 contra
1552 749 1624 788 hoc
1642 749 1785 802 falsitm
1803 747 1875 801 effe

150 815 248 856 dico,
287 815 436 869 Pergit,
456 811 554 866 sed,
582 823 633 849 an
656 807 907 861 Hoeschelius
935 807 1023 859 nfits
1043 806 1175 859 fuerit
1197 831 1208 850 ,
1238 817 1285 844 ac
1314 803 1385 844 vel
1405 806 1518 843 mitti
1545 804 1599 843 ad
1621 798 1669 857 fi
1700 807 1874 852 curarit,

151 869 262 910 hand
276 870 390 923 satis
417 867 574 918 constat.
615 864 677 903 An
715 874 840 903 autem
880 861 966 902 satis
993 861 1142 901 constat
1162 890 1174 910 ‚
1206 872 1286 899 non
1314 858 1421 899 usum
1447 857 1552 900 fuisse
1581 857 1734 899 Codice
1756 888 1767 907 ,
1803 872 1876 898 nec

152 925 254 965 mitti
282 924 331 964 ad
361 923 398 964 se
428 918 635 969 curavisse,
664 932 736 959 nec
758 916 988 966 contuliss'e5
1016 915 1125 971 quod
1155 914 1326 969 Epistola
1356 912 1535 955 asseverat
1552 945 1564 964 ,
1593 918 1631 954 ὃ(
1660 913 1768 968 quod
1797 923 1877 954 erat

150 979 417 1035 probandum?

210 1036 414 1084 Dixeram‚
442 1043 518 1074 tres
548 1031 638 1072 istos
669 1029 840 1070 Codices
861 1043 882 1068 a
904 1042 966 1069 me
988 1026 1136 1068 dudum
1157 1023 1264 1067 fuiffie
1283 1024 1454 1066 collatos.
1484 1024 1600 1066 Hanc
1629 1036 1751 1065 meam
1783 1022 1882 1064 affir-

155 1091 363 1130 mationem
385 1099 498 1129 vocat
518 1085 759 1141 splendidum
778 1083 1031 1125 mendacium.
1063 1081 1211 1137 Liquet
1240 1082 1364 1135 igitur
1382 1105 1394 1125 ‚
1422 1081 1570 1134 inquit,
1587 1079 1631 1132 st
1645 1093 1792 1124 eorum,
1840 1081 1881 1118 ui

145 1148 304 1201 pariter
323 1157 465 1183 mecum
483 1156 508 1182 a
527 1140 776 1183 Bibliotheca
785 1140 907 1193 siant,
920 1140 1012 1178 Ven.
1030 1146 1075 1178 at
1104 1151 1148 1177 ue
1170 1135 1250 1176 Cel.
1276 1136 1455 1175 Virorum
1473 1134 1687 1188 testimonio
1697 1133 1789 1187 stan
1818 1147 1882 1173 um

153 1200 268 1254 esset,
299 1197 488 1255 quicquid
504 1197 572 1248 isto
592 1196 670 1236 loco
690 1195 846 1245 jactat,
869 1204 938 1247 pro
948 1192 1058 1247 splen
1088 1192 1150 1232 ido
1171 1189 1368 1232 mendacio
1387 1188 1598 1230 habendum
1603 1188 1696 1243 fore
1715 1220 1727 1240 ,
1759 1187 1806 1234 ὁ·
1823 1191 1883 1230 in·

156 1265 218 1296 ter
238 1264 412 1295 coeteras
428 1252 511 1308 ejus
533 1253 742 1292 vanitates
761 1250 938 1289 Criticas
959 1246 1217 1302 referendum,
1247 1257 1406 1299 quorum
1433 1247 1550 1285 nimis
1571 1244 1697 1285 multa
1726 1253 1810 1284 tum
1841 1245 1885 1283 in

153 1309 388 1364 sermonibus
419 1306 682 1363 quotidianis,
712 1313 796 1344 tum
826 1304 896 1343 vel
920 1305 1090 1343 maxime
1120 1305 1162 1342 in
1185 1299 1340 1351 famosts
1366 1299 1450 1340 illis
1474 1299 1772 1353 ‘Prolegomenis
1793 1300 1885 1352 fitis

151 1366 303 1423 pridem
323 1362 433 1403 dedit
444 1363 671 1416 specimina.
726 1358 880 1401 Deinde
906 1358 1017 1399 affert
1047 1357 1328 1411 conjecturam,
1357 1367 1399 1395 ut
1418 1355 1554 1409 probet
1583 1354 1782 1408 manifesto
1811 1365 1886 1392 non

158 1421 229 1473 effe
252 1418 463 1469 verofimile
476 1448 488 1468 ,
511 1431 572 1456 eos
583 1415 742 1456 Codices
763 1417 934 1466 integros
956 1428 977 1453 a
1001 1426 1063 1454 me
1080 1410 1387 1464 collatosfuiſje.
1442 1409 1553 1450 Haec
1571 1410 1625 1450 est
1646 1409 1706 1449 illa
1727 1410 1888 1449 comitas

159 1476 332 1526 Gallica,
361 1487 475 1528 quam
493 1472 642 1513 Parisiis
660 1469 798 1510 didicit
814 1469 958 1510 lselius:
988 1468 1053 1509 sed
1072 1480 1160 1508 cum
1181 1466 1380 1521 personam
1390 1464 1588 1519 Theologi
1609 1464 1674 1504 fibi
1695 1463 1888 1518 imposuis-

158 1533 235 1582 set,
265 1530 414 1585 putavit
433 1528 501 1568 fibi
517 1541 604 1568 cum
623 1526 809 1580 gravitate
829 1524 852 1564 i.
879 1538 911 1564 e.
938 1536 1027 1564 cum
1047 1523 1194 1563 summo
1212 1532 1408 1561 contemtu
1428 1519 1629 1560 adversarii
1651 1519 1889 1576 loquendum

159 1588 235 1630 esse
245 1605 257 1631 ς
280 1586 368 1627 licet
387 1583 552 1638 gravitas
567 1582 647 1623 veri
663 1580 863 1634 Theologi
884 1590 1033 1620 tantum
1052 1577 1166 1617 distet
1184 1576 1231 1617 ab
1240 1575 1375 1617 effreni
1394 1574 1658 1616 maledicentia
1670 1605 1682 1624 ,
1703 1586 1889 1629 quantum

161 1642 305 1697 rugitus
326 1641 406 1680 veri
425 1638 547 1679 leonis
566 1652 588 1676 a
609 1635 736 1677 ruditu
754 1635 868 1684 asini,
890 1633 1034 1674 exuviis
1052 1632 1174 1673 leonis
1194 1631 1294 1672 teeti.
1332 1631 1419 1685 Ego
1438 1629 1594 1685 quidem
1615 1630 1780 1684 primum
1808 1629 1891 1670 Co-

161 1697 289 1738 dicem
310 1692 549 1736 Basiliensem
569 1690 715 1731 contuli
734 1689 861 1730 mense
892 1687 1100 1728 Februario
1127 1687 1245 1737 1718.
1274 1689 1314 1724 ὃ(
1342 1699 1390 1726 ex
1408 1699 1456 1725 eo
1483 1684 1668 1739 quasdam
1691 1683 1893 1725 Variantes

161 1752 368 1795 Leitiones
388 1751 426 1787 &
447 1744 779 1800 interpretationes
794 1753 990 1795 excerptas
1009 1742 1223 1796 postremae
1242 1739 1406 1780 editioni
1426 1739 1794 1779 Commentariorum
1821 1739 1891 1789 J'o.

164 1807 310 1848 Clerici
339 1806 382 1845 in
414 1799 735 1843 Pentateuchum
765 1797 923 1853 praefixi
950 1798 1017 1839 ΑΟ.
1050 1809 1171 1850 1735.
1202 1795 1295 1849 quin
1319 1798 1357 1834 &
1388 1793 1528 1835 eodem
1556 1808 1661 1834 anno
1688 1809 1774 1835 cum
1795 1793 1893 1834 Viro

165 1862 250 1905 Cel.
273 1861 313 1915 J.
342 1858 505 1901 Alberti
533 1854 839 1904 communicavi,
868 1851 945 1894 vid.
976 1849 1164 1905 Gloffarii
1188 1851 1331 1890 Graeci
1351 1863 1389 1903 p.
1411 1862 1502 1891 212.
1533 1849 1750 1890 Secundum
1771 1850 1896 1890 Codi-

166 1929 249 1960 cem
269 1914 415 1957 contuli
445 1914 509 1954 ΑΟ.
533 1922 653 1962 1719.
682 1908 810 1949 mense
829 1907 1033 1949 Decembri
1046 1936 1057 1956 ,
1075 1905 1156 1959 ejus
1176 1905 1412 1946 mentionem
1431 1903 1504 1945 feci
1524 1905 1564 1945 in
1583 1904 1896 1959 Prolegomenis,

167 1974 231 2015 ubi
253 1972 302 2012 dc
322 1966 557 2011 Theodoreto
577 1965 649 2020 egi.
704 1963 883 2004 Tertium
903 1961 1048 2002 contuli
1067 1960 1194 2001 mense
1214 1959 1360 2000 Martio
1383 1960 1503 2010 1718.
1531 1960 1682 2000 Omnes
1709 1960 1897 2001 variantes

168 2029 254 2070 istas
272 2025 476 2072 leffiones,
505 2020 680 2061 Editioni
703 2017 755 2059 L.
767 2017 848 2058 Bos
870 2031 892 2057 a
904 2030 964 2057 me
983 2015 1188 2069 adscriptas
1200 2042 1211 2060 ‚
1230 2028 1316 2055 cum
1335 2013 1539 2055 collatione
1559 2015 1644 2056 MS.
1656 2016 1896 2065 Cottoniaiii,

169 2078 462 2126 Marechaliani
474 2111 485 2128 ,
513 2074 772 2122 Coisliniani,
801 2072 1088 2112 &Sarraviani
1100 2100 1111 2120 ‚
1139 2070 1231 2110 item
1250 2082 1338 2110 cum
1350 2068 1572 2122 Hoefchelii
1583 2069 1773 2110 Editione
1789 2068 1898 2110 Sira-

170 2138 279 2179 cidae
308 2134 467 2187 aliisque
495 2130 623 2171 multis
652 2128 779 2170 adhuc
808 2127 941 2177 servo,
971 2125 1075 2167 unde
1106 2124 1283 2179 Hexapla
1304 2122 1581 2166 Montfalconii
1603 2125 1704 2164 &in
1728 2125 1898 2179 plurimis

170 2190 390 2238 emendari,
420 2191 459 2228 &
489 2185 605 2228 altera
634 2183 734 2225 forte
762 2193 869 2237 parte
895 2181 1023 2236 augeri
1043 2180 1203 2234 possent.
1231 2180 1270 2219 Si
1297 2179 1408 2220 Iselio
1437 2179 1560 2220 credis
1581 2206 1592 2226 ‚
1621 2194 1696 2234 ego
1725 2194 1797 2221 nec
1825 2181 1898 2220 hos

172 2261 248 2290 tres
269 2244 461 2292 Codices,
482 2255 554 2282 nec
570 2239 689 2281 ullum
705 2251 837 2279 eorum
850 2251 969 2292 ‚quos
990 2236 1030 2276 in
1051 2235 1337 2289 Prolegomenis
1357 2234 1533 2288 descripsi
1550 2233 1702 2289 paffim,
1732 2247 1796 2276 aut
1816 2235 1898 2276 vidi

173 2313 237 2345 aut
257 2299 420 2342 contuli:
450 2298 545 2338 haec
566 2295 592 2336 si
611 2309 656 2336 ex
685 2293 882 2347 descriptis
902 2291 1114 2333 Codicibus
1133 2304 1214 2331 non
1237 2289 1322 2330 satis
1351 2289 1511 2331 refutata
1528 2290 1634 2340 sunt,
1665 2290 1810 2344 prolata
1831 2290 1898 2331 suo

173 2360 262 2400 loco
276 2355 323 2395 V.
336 2356 378 2396 L.
390 2353 504 2408 Sylva
523 2349 783 2392 refutabuntur
792 2371 804 2397 ;
815 2349 866 2388 ita
882 2361 983 2397 eum,
994 2346 1059 2401 qui
1072 2357 1219 2386 motum
1238 2359 1317 2385 non
1329 2344 1410 2385 dari
1420 2345 1690 2395 contendebat,
1704 2346 1900 2400 Diogenes

174 2409 405 2455 ambulando
426 2405 571 2448 refellit.
602 2404 744 2450 Addo,
774 2417 836 2444 me
856 2403 970 2443 etiam
990 2413 1165 2456 quartum
1176 2399 1351 2441 codicem
1373 2400 1611 2441 Rafiliensem
1625 2427 1636 2446 ‚
1655 2412 1829 2440 notatum
1852 2403 1898 2442 A.

173 2468 266 2512 Vll.
300 2480 333 2518 3.
353 2496 364 2515 ‚
394 2462 655 2504 continentem
684 2459 904 2500 Psalterium
924 2456 1274 2497 Graeco-Latinum
1302 2455 1425 2496 Seculi
1460 2455 1534 2495 IX.
1564 2457 1603 2492 St
1641 2456 1681 2494 in
1713 2456 1899 2509 prioribus

172 2519 464 2576 Prolegomenis
483 2531 519 2571 p.
542 2519 605 2570 36.
625 2514 877 2568 descriptum,
906 2525 993 2553 cum
1012 2511 1124 2552 editis
1142 2510 1350 2551 contulisse.
1379 2510 1509 2564 Hujus
1538 2509 1700 2550 Codicis
1727 2510 1899 2556 collatio,

176 2579 244 2634 qui
273 2582 311 2617 ὃ(
338 2574 513 2616 omnium
543 2569 818 2624 antiquissimus
843 2568 898 2609 est
922 2599 933 2618 ‚
973 2571 1011 2607 &
1042 2565 1257 2607 Psalterium
1285 2565 1493 2606 Turicense
1520 2564 1698 2604 illustrare
1729 2576 1900 2620 poterat,

177 2633 424 2685 Breitingero
453 2627 531 2668 sine
558 2625 678 2666 dubio
710 2624 834 2665 fuiss‘et
862 2621 1130 2677 acceptissima:
1162 2622 1265 2661 illum
1291 2632 1419 2661 tamen
1448 2620 1576 2660 Iselius
1596 2624 1635 2658 &
1657 2621 1720 2661 ΑΟ.
1756 2621 1900 2670 1728.‚

177 2693 217 2729 &
250 2689 315 2728 ΛΟ.
350 2695 469 2736 1734.
483 2713 494 2732 ‚
523 2681 726 2734 postquam
746 2694 768 2719 a
787 2692 847 2720 me
868 2680 934 2719 ΑΟ.
970 2690 1085 2730 1730·
1117 2676 1306 2716 indicatus
1336 2675 1480 2724 fumet,
1502 2676 1664 2715 omnino
1686 2675 1901 2730 ignoravit,

178 2744 268 2798 quia
297 2740 475 2780 nimirum
504 2735 819 2777 Bibliothecarius
845 2747 891 2774 ex
921 2732 1000 2773 solo
1032 2731 1292 2772 Bibliothecae
1321 2729 1497 2783 catalogo
1525 2729 1690 2781 sapiebat
1708 2760 1719 2779 ‚
1750 2731 1789 2769 in
1822 2743 1902 2783 quo

179 2797 322 2840 Codex
341 2795 438 2834 inter
458 2792 615 2832 Latinos
636 2804 716 2830 non
737 2791 834 2829 inter
856 2789 1028 2829 Graecos
1048 2786 1168 2827 fuerat
1184 2796 1410 2826 numeratus.

235 2851 328 2893 Dixi
371 2861 510 2902 porr0‚
539 2844 673 2886 errasse
713 2843 869 2898 Ifiliitm
897 2874 909 2893 ,
957 2841 1160 2883 tribuendo
1206 2839 1418 2880 Codicibus
1454 2838 1618 2879 Balileae
1665 2839 1703 2877 in
1758 2839 1904 2879 Biblio-

181 2909 293 2950 theca
325 2904 493 2959 publica‚
522 2901 581 2940 cui
612 2899 689 2953 ipse
723 2899 932 2953 praefce‘ms
959 2910 1063 2945 erat,
1090 2897 1266 2939 servatis,
1295 2909 1392 2949 quae
1424 2893 1729 2934 Montfalconius
1761 2894 1905 2935 Codici

180 2965 336 3004 Patrum
357 2959 393 2998 S.
416 2955 541 2997 Bafilii
558 2955 711 2995 Romae
728 2955 916 2994 tribuerat.
944 2952 990 2992 Id
1013 2964 1127 3006 negat
1146 2955 1185 2991 &
1207 2962 1388 3005 pernegat
1409 2951 1637 2988 tenerrimae
1655 2949 1808 3002 frontis
1839 2950 1904 2988 ho..

182 3032 262 3067 mo,
292 3013 424 3055 acerbe
441 3009 690 3063 conquestus,
708 3009 744 3048 se
763 3010 902 3047 erroris
926 3007 1095 3047 literarii
1113 3006 1212 3056 falso
1234 3004 1443 3057 instmulari
1470 3026 1519 3034 ---
1548 3003 1713 3042 alienum
1736 3004 1902 3055 lassum,

185 3071 234 3116 ὠν
255 3071 356 3110 hunc
376 3066 557 3107 momenti
577 3078 650 3103 non
672 3062 792 3102 valde
812 3064 956 3114 magni,
964 3062 1074 3114 falfi)
1097 3056 1144 3106 <VJ
1165 3063 1294 3114 inique
1305 3058 1372 3108 fibi
1391 3056 1559 3097 attribui
1570 3067 1685 3112 atque
1705 3061 1905 3109 imputari,

184 3150 254 3161 ----
280 3134 444 3166 errorem
473 3119 639 3161 alienum
654 3118 731 3171 fibi·
758 3119 955 3172 imputari.
985 3117 1073 3170 Ego
1092 3116 1242 3159 veroin
1260 3129 1305 3156 ea
1325 3114 1404 3156 sum
1424 3113 1586 3164 haeresi,
1614 3126 1655 3155 ut
1674 3114 1881 3155 existimem
1896 3140 1908 3159 ‚
