1976 3519
157 246 236 287 140
539 225 1532 270 PROLEGOMENA.

241 320 298 360 Ex
318 316 489 372 Epistola
513 314 726 356 Heinrichi
756 314 979 368 Bullingeri
1000 313 1135 368 scripta
1157 325 1220 365 17.
1244 312 1399 366 Januar.
1433 326 1448 353 ι
1462 326 1507 366 53
1520 326 1552 360 ς.
1584 344 1609 364 ,,
1631 314 1886 358 Consulemus

151 404 178 428 ‚,
206 390 300 429 ergo
332 372 442 413 omni
469 370 592 413 modo
611 401 624 422 ,
665 370 714 411 fic
742 370 817 411 esse
844 369 1077 410 sarciendam
1097 367 1370 418 concordiam,
1398 380 1440 409 ut
1460 367 1539 422 ipse
1558 369 1750 411 Dominus
1762 372 1885 412 sarciri

151 459 178 483 ‚,
205 429 328 471 voluit
346 427 464 469 verbo
482 427 673 475 veritatis,
705 429 745 465 &
765 436 806 465 ut
827 425 958 464 omnia
976 425 1102 465 nostra
1124 423 1173 463 ad
1191 428 1207 444 '‘
1228 425 1373 463 vivum
1394 436 1541 478 quoque
1555 423 1758 466 secundum
1773 427 1886 482 scrip-

149 517 177 538 „
206 497 306 526 turas
326 487 368 523 &
386 482 560 537 exempla
581 480 879 535 Apostolorum,
910 479 984 520 five
1000 479 1136 521 veteris
1156 477 1365 529 Ecclesiae,
1395 478 1616 532 exigantur,
1648 493 1886 534 componan-

151 571 178 592 „
208 536 363 594 turque]
385 543 400 559 Χ
422 537 520 578 forte
542 537 635 577 liaec
654 539 693 575 ὃς
714 535 872 588 sequens
890 549 966 575 vox
991 532 1153 589 legenda
1171 546 1287 572 unum
1306 541 1477 588 quodque
1487 535 1519 574 ”.

237 596 293 635 Ex
317 593 487 648 Epistola
508 589 693 632 Oswaldz'
714 590 892 642 Myconii
914 589 1050 643 scripta
1073 588 1238 629 Basileae
1265 600 1325 636 29.
1351 587 1501 642 Januar.
1537 602 1551 627 1
1567 602 1656 640 535.
1683 620 1713 640 „
1734 590 1887 633 Praeter

149 682 177 703 „
207 654 324 700 hacc,
354 663 451 702 quae
480 648 553 688 viri
578 646 718 701 pariter
746 644 854 684 dosti
882 647 922 685 ὃς
955 645 1011 698 pii
1029 645 1069 684 in
1089 642 1298 697 praesentia
1315 642 1561 697 scripserunt,
1594 638 1674 684 non
1699 645 1810 685 aliam
1832 649 1887 690 vi-,

150 737 177 758 „
205 706 283 747 deo
315 705 453 745 habere
484 704 692 750 rationem,
721 713 835 753 quam
853 712 924 754 pro
945 699 1141 739 communi
1163 699 1388 738 Concordia
1412 697 1462 738 sic
1484 698 1577 738 olim
1596 698 1702 752 polle
1722 701 1889 755 disputa-

151 792 177 814 ‚‚
207 762 248 802 ri.
306 759 421 801 Nihil
453 757 642 798 definiunt
668 755 772 795 enim
800 754 840 794 in
871 754 1018 795 mediis.
1076 752 1143 794 Ad
1175 753 1377 807 Synodum
1405 752 1570 806 aliquam
1591 754 1796 796 intendunt
1815 757 1887 810 igi-

147 839 180 868 μ,,
211 828 280 858 tur.
336 814 528 868 Qiamvis
556 824 681 852 autem
713 811 753 849 in
779 808 941 862 speciem
963 808 1152 863 quaedam
1173 806 1415 858 dissentiant,
1445 809 1563 849 animi
1584 821 1712 850 tamen
1735 811 1887 853 illorum

151 903 179 924 ‚,
209 885 288 911 non
319 869 545 910 dissentiunt
562 894 574 912 ,
615 865 760 905 scimus,
796 864 899 905 Tam
929 869 944 885 Χ
969 865 1064 905 locis
1092 865 1191 904 inter
1210 861 1248 903 se
1269 862 1449 903 diffident
1465 897 1476 912 ,
1502 875 1546 904 ut
1564 864 1712 904 constet
1741 879 1788 906 ex
1808 878 1888 908 tam

153 953 176 978 ,‚
207 925 367 967 mirabili
398 921 672 970 consonantia,
700 921 784 974 quis
810 919 958 973 spiritus
987 930 1134 959 mentes
1162 932 1294 958 eorum
1323 915 1549 972 possederit]
1581 923 1598 940 Χ
1627 917 1726 961 forte
1745 920 1889 975 scripsit

153 1009 180 1032 ,‚
213 980 422 1035 Myconius
441 980 541 1026 toti,
570 990 643 1030 pro
664 988 820 1025 omnes,
851 974 959 1028 quod
981 974 1068 1013 sane
1086 974 1132 1014 ab
1153 973 1235 1027 ejus
1256 973 1352 1028 stylo
1369 986 1449 1013 non
1471 973 1675 1022 abhorret,
1705 976 1762 1015 vel
1787 975 1887 1018 forte

152 1068 180 1087 ,‚
210 1037 344 1077 etiam:
376 1033 565 1073 leviter&
621 1029 731 1083 Quid
762 1030 970 1084 Myconius
1002 1028 1206 1082 scripserit,
1234 1042 1311 1083 ego
1328 1027 1489 1082 quidem
1511 1027 1608 1070 clare
1627 1028 1892 1072 videointelli·

150 1104 298 1147 goque:
327 1087 636 1129 emendationem
654 1085 753 1126 Iselii
775 1099 838 1125 me
854 1098 933 1125 non
956 1098 1090 1138 capere
1105 1083 1235 1124 fateor.

230 1145 410 1197 Denique
432 1146 496 1183 ΑΟ.
534 1156 547 1181 1
560 1154 651 1194 731.
682 1141 728 1180 ab
749 1139 859 1180 Iselio
880 1153 966 1180 cum
987 1138 1223 1193 praefatione
1242 1138 1468 1194 paginarum
1492 1140 1755 1191 37.curataest
1772 1141 1890 1191 „SE-

155 1232 181 1253 „
210 1197 483 1241 BASTIANI
512 1194 920 1251 CASTELLIONIS
953 1194 1206 1248 Dialogorum
1236 1193 1426 1234 sacrorum
1456 1208 1558 1235 nova
1589 1194 1710 1235 editio
1732 1227 1744 1246 ,
1784 1199 1888 1238 notis

151 1287 177 1308 „
207 1254 433 1311 quibusdam
462 1253 572 1293 austa
595 1282 607 1302 ,
646 1265 745 1304 quae
765 1257 821 1291 ‘ex
839 1249 1062 1290 Collatione
1080 1248 1311 1289 diversarum
1330 1249 1546 1290 editionum
1568 1249 1614 1289 ab
1637 1250 1720 1304 ipso
1742 1252 1889 1293 Castei-
1929 1275 1932 1278 Δ

152 1344 178 1363 ,,
207 1313 310 1352 lione
338 1318 549 1350 curararum
571 1306 726 1347 cun&as
762 1304 867 1345 fimul
889 1304 1186 1345 Castellionaeas
1205 1303 1317 1357 hujus
1334 1304 1417 1344 libri
1435 1304 1625 1345 editiones
1639 1305 1887 1350 exhibeant’'.

153 1382 191 1421 p.
222 1378 314 1415 254.
346 1364 445 1404 hanc
461 1363 576 1403 habet
595 1373 749 1401 notam:
780 1387 806 1410 ‚‚
835 1359 1168 1413 Duofi’natores,
1197 1361 1349 1409 concio,
1373 1357 1747 1412 Susanna,‘.Daniel
1757 1360 1885 1417 paen]

152 1453 179 1473 ,‚
208 1419 446 1462 Medinenfis
479 1414 643 1472 [editio]
678 1416 754 1456 hoc
782 1416 871 1455 loco
900 1415 999 1454 inter
1029 1414 1207 1468 personas
1224 1414 1489 1468 colloquentes
1511 1413 1625 1456 refert
1646 1429 1802 1470 quoque
1825 1417 1890 1458 Se-

151 1508 177 1529 „
207 1485 298 1525 nat,
327 1487 369 1516 ut
390 1475 571 1514 Senatum
599 1470 722 1526 ipsum
751 1470 905 1510 indicet.
935 1470 1070 1510 Reae.
1098 1470 1207 1510 Nam
1226 1469 1357 1523 postea
1378 1470 1418 1509 in
1439 1469 1610 1524 Dialogo
1634 1471 1890 1514 distinfflonis

153 1559 179 1582 ‚‚
209 1532 328 1586 gratia
353 1561 366 1580 ,
403 1541 492 1570 cum
526 1527 760 1567 accusatores
788 1525 999 1574 Susannae,
1037 1524 1238 1565 Senatores
1266 1523 1319 1564 illi
1351 1537 1539 1578 nequam,
1568 1525 1888 1579 defignantur‚in

148 1617 176 1638 „
204 1586 349 1627 cunstis
375 1583 466 1625 edd.
492 1582 709 1624 constanter
735 1594 850 1621 voces
882 1580 1012 1621 DUO
1043 1579 1162 1620 SEN.
1191 1578 1472 1634 praefiguntur,
1503 1579 1733 1635 Senatuique
1753 1595 1889 1624 contra

152 1672 180 1693 „
210 1639 367 1681 vicissim
389 1639 473 1680 suae
490 1638 629 1678 dantur
646 1647 771 1690 partes
790 1634 991 1689 praemisso
1012 1633 1131 1675 SEN.
1163 1635 1255 1687 Qia
1275 1647 1456 1688 propter,
1487 1635 1596 1689 quod
1617 1636 1740 1676 obiter
1768 1650 1888 1689 noto,

151 1727 179 1748 „
207 1696 285 1736 hoc
315 1694 393 1735 fere
423 1707 503 1734 uno
530 1693 570 1732 in
598 1692 687 1731 loco
714 1702 762 1731 ex
793 1688 905 1730 Med.
932 1690 1110 1743 exemplo
1141 1689 1426 1742 Oporinianam
1447 1702 1561 1742 atque
1577 1690 1676 1731 adeo
1697 1691 1796 1732 hanc
1815 1708 1886 1734 no·

151 1778 179 1802 ‚,
212 1751 323 1791 stram
354 1747 445 1789 edit.
473 1745 760 1788 emendavimus
771 1747 805 1785 '’.
862 1744 994 1784 Primo
1023 1757 1160 1784 vocem
1194 1744 1337 1794 Senat,
1368 1743 1395 1783 fi
1429 1744 1578 1786 Gallice
1597 1745 1733 1800 scripta
1753 1747 1891 1789 intelli-

151 1818 285 1862 gatur,
313 1804 461 1845 Latinis
490 1801 675 1842 Senatum
695 1798 993 1854 significare,est
1014 1809 1120 1839 extra
1138 1797 1455 1839 controversiam:
1484 1810 1523 1840 at
1544 1800 1643 1842 inter
1663 1813 1794 1842 notam
1817 1803 1891 1844 La-

152 1863 274 1902 tinam
293 1861 379 1902 Sm.
409 1861 449 1898 ὃ(
471 1858 601 1899 senat.
630 1868 716 1896 earn
739 1853 813 1895 effe
833 1854 1113 1900 differentiam,
1141 1864 1184 1894 ut
1202 1853 1263 1893 illa
1272 1854 1497 1906 senatores,
1528 1854 1623 1896 hacc
1641 1858 1814 1903 [ἐπαΐων
1825 1872 1889 1900 ne-

153 1915 309 1957 cessario
327 1911 534 1970 significet,
564 1909 767 1965 quomodo
789 1910 942 1963 probari
959 1908 1096 1962 poffit,
1124 1922 1204 1948 non
1225 1906 1352 1950 vid'eo.
1383 1909 1537 1950 Deinde
1556 1910 1714 1952 Senatus
1733 1912 1798 1953 hic
1808 1913 1889 1954 nul-

154 1973 211 2012 lae
241 1970 326 2011 sunt
352 1979 499 2022 partes3
529 1964 637 2020 quod
659 1964 854 2005 historiam
876 1963 1066 2004 Susannae
1085 1963 1227 2017 legenti
1245 1962 1486 2004 manifestum
1505 1964 1570 2005 est.
1627 1965 1672 2006 In
1691 1967 1888 2022 colloquio

154 2024 398 2067 Castellionis
429 2022 486 2062 bis
517 2019 677 2075 quidem
709 2019 917 2074 loquuntur
944 2017 1045 2057 ‘Duo
1075 2018 1160 2058 Sen.
1190 2017 1240 2058 de
1262 2017 1398 2072 quibus
1418 2019 1519 2060 nulla
1541 2020 1595 2060 est
1615 2022 1802 2075 quaestio:
1832 2035 1889 2064 ter

155 2093 281 2122 autem
302 2079 361 2121 vel
383 2077 552 2132 loquitur
571 2075 631 2116 vel
651 2075 858 2128 loquuntur
875 2073 945 2113 SE.
1010 2072 1189 2115 Secundo
1210 2073 1368 2127 quidem
1388 2073 1477 2115 loco
1498 2074 1740 2117 certissimum
1757 2078 1814 2118 est
1834 2078 1891 2118 lo-

153 2136 220 2191 qui
241 2136 462 2176 senatorem
487 2144 627 2181 unum,
648 2133 687 2169 &
709 2130 822 2170 tertio
839 2128 928 2169 loco
946 2128 1128 2178 alterum,
1158 2129 1362 2183 postquam
1382 2129 1475 2170 alter
1495 2129 1543 2170 ab
1563 2130 1683 2172 altero
1700 2131 1798 2185 juffu
1812 2134 1892 2174 Da·-

154 2190 263 2232 nielis
293 2189 481 2242 sejunfiffls
502 2184 647 2236 fuisset,
676 2184 899 2238 neutiquam
931 2197 1024 2224 vero
1057 2183 1265 2232 Senatum3
1294 2183 1364 2224 nisi
1385 2183 1409 2224 fi
1429 2184 1556 2235 dicas,
1593 2186 1775 2228 Senatum
1806 2201 1890 2230 non

151 2246 292 2301 judicis
308 2243 373 2285 sed
393 2242 495 2284 testis
513 2253 638 2295 partes
656 2238 792 2295 egisse,
831 2243 869 2279 &
893 2238 959 2281 fibi
978 2237 1048 2292 ipsi
1067 2238 1226 2292 turpiter
1245 2238 1537 2290 contradixisse,
1567 2243 1605 2280 &
1627 2241 1827 2284 Danielem
1839 2243 1889 2284 ad

154 2303 335 2343 Senatum
363 2299 422 2339 bis
449 2296 603 2338 dixiss‘e:
634 2292 762 2335 ‘Probe
792 2295 835 2334 in
864 2302 980 2349 caput
1012 2302 1122 2333 tuum
1149 2292 1339 2334 mentitus
1371 2307 1422 2336 es.
1480 2295 1613 2338 Primo
1631 2309 1758 2337 autem
1778 2298 1887 2350 loco,

155 2357 219 2398 ubi
253 2355 368 2397 verba
387 2355 588 2394 commatis
614 2363 675 2401 50.
707 2361 954 2403 repetuntur,
984 2348 1192 2404 loquuntur
1212 2349 1305 2389 Duo
1327 2349 1381 2389 illi
1402 2349 1612 2402 senatores,
1642 2351 1707 2392 sed
1730 2353 1886 2394 ironice.

154 2411 321 2454 Nullum
349 2408 478 2449 saltem
497 2406 682 2448 indicium
706 2405 784 2455 est,
813 2416 877 2445 aut
896 2403 1118 2458 scriptorem
1141 2402 1335 2445 Historiae
1352 2404 1543 2446 Susannae
1553 2418 1616 2447 aut
1628 2406 1888 2450 Castalionem

156 2466 207 2507 de
225 2467 365 2507 Senatu
385 2474 449 2504 aut
469 2461 712 2518 Senatoribus
733 2460 814 2500 aliis
834 2472 983 2514 praeter
997 2459 1097 2500 duos
1117 2458 1202 2500 illos
1222 2459 1412 2513 cogitasse.
1441 2461 1634 2511 Castalio,
1646 2462 1758 2515 cujus
1779 2462 1890 2503 ἀντό-

155 2533 288 2574 Ὑςαφον
317 2518 545 2560 Versionem
577 2516 833 2570 Dialogorum
867 2514 1058 2555 Gallicam
1088 2528 1192 2555 nunc
1220 2527 1309 2555 ante
1329 2515 1461 2555 oculos
1479 2515 1624 2566 habeo,
1654 2519 1778 2571 primo
1800 2519 1889 2559 loco

155 2577 271 2617 habet
301 2574 397 2615 LES
428 2576 476 2628 A.
503 2571 671 2613 secundo
704 2585 796 2611 vero
816 2574 855 2610 &
876 2570 991 2610 tertio
1011 2570 1153 2610 L'AN.
1184 2583 1347 2624 quorum
1368 2570 1460 2611 illud
1470 2572 1695 2624 senatores,
1728 2572 1804 2613 hoc
1822 2575 1891 2627 st-

156 2639 332 2672 natorem
362 2641 480 2670 unum
508 2627 680 2668 denotat.
709 2625 815 2667 Cum
835 2625 946 2666 Iselio
965 2625 1174 2679 Dialogum
1185 2638 1300 2665 manu
1322 2624 1552 2666 Castalionis
1569 2627 1746 2680 scriptum
1766 2629 1891 2668 osten-

157 2686 314 2729 dissem,
343 2682 551 2736 exemplari
578 2682 832 2735 Dialogorum
857 2680 1047 2721 editorum
1079 2680 1126 2719 ab
1145 2694 1194 2720 eo
1225 2678 1389 2719 donatus
1409 2681 1461 2720 ita
1481 2681 1622 2721 discessi
1637 2713 1648 2730 ,
1677 2694 1718 2722 ut
1737 2696 1809 2723 nec
1829 2699 1892 2725 me

158 2742 206 2783 ab
235 2741 300 2780 illo
313 2770 324 2788 ,
354 2753 425 2779 nec
445 2738 549 2794 illum
569 2752 590 2777 a
611 2751 673 2777 me
694 2736 851 2790 intelligi
872 2750 951 2775 non
973 2735 1129 2775 obscure
1145 2733 1401 2790 agnoscerem.
1454 2736 1520 2776 An
1540 2736 1637 2776 illius
1656 2751 1704 2776 an
1716 2751 1799 2778 mea
1811 2739 1884 2778 cul-

159 2810 211 2851 pa
241 2795 281 2835 id
303 2794 446 2834 factum
467 2792 578 2833 fuerit
595 2823 607 2842 ,
634 2792 787 2832 lectoris
807 2791 888 2832 esto
907 2789 1103 2844 judicium.

212 2851 421 2904 Postquam
453 2850 518 2888 ΛΟ.
551 2852 671 2898 1726.
701 2850 741 2886 δε
778 2858 894 2898 1727.
926 2857 1089 2899 quatuor
1118 2846 1158 2884 in
1180 2842 1277 2884 folio
1296 2844 1552 2885 voluminibus
1576 2846 1740 2886 Basileac
1762 2849 1891 2888 recudi

159 2904 316 2947 curasset
349 2902 580 2944 Germanice
614 2902 790 2941 Lexicon
821 2900 1060 2952 Htstoricum
1092 2897 1140 2944 ὅγ’
1171 2899 1503 2952 Geographicum,
1533 2906 1570 2939 &
1594 2915 1631 2940 in
1655 2902 1890 2954 praefatione

190 2994 198 3002 .
231 2970 293 3000 20.
322 2956 525 2998 monuiss‘et
546 2988 558 3007 ,
595 2957 635 2995 in
667 2955 854 3009 prioribus
882 2955 1114 2995 editionibus
1144 2953 1350 2994 Articulos
1381 2968 1530 2994 macros
1562 2959 1738 3005 reperii-13
1781 2957 1891 2998 Frit-

150 3015 289 3070 scivias
306 3012 544 3064 Bibliopola,
574 3011 613 3050 in
633 3010 735 3051 suam
757 3010 1022 3064 posseffioncm
1044 3010 1203 3049 involari
1214 3009 1441 3063 conquestus
1454 3012 1656 3063 ,repoiiiit,
1669 3013 1829 3065 Iselium
1842 3027 1887 3053 ex

160 3072 296 3111 macris
323 3067 449 3109 fecisse
478 3066 686 3109 Articulos
718 3065 971 3119 Hydropicos.
1029 3064 1121 3104 Hoc
1153 3064 1313 3104 diffiterio
1346 3064 1508 3105 irritatus
1540 3066 1686 3117 Helius,
1719 3068 1890 3120 praefixit

157 3127 291 3167 Tomo
323 3124 436 3164 tertio
466 3120 742 3176 praefationem
772 3120 925 3159 alteram
958 3120 1209 3173 quadraginta
1231 3118 1379 3172 paginis
1400 3120 1658 3171 constantem,
1689 3122 1827 3162 scilicet
1847 3134 1890 3163 ut

156 3179 422 3224 verbositatem
452 3177 644 3232 objectam
663 3174 875 3226 excusaret,
903 3175 943 3216 in
965 3175 1041 3217 fine
1060 3174 1207 3217 addens
1234 3174 1361 3225 ‚,NB.
1402 3175 1576 3217 Nuntius
1594 3179 1728 3218 mortis
1749 3178 1890 3218 Biblio-

1725 3262 1751 3283 „
1779 3232 1891 3286 polae
