1976 3519
99 241 177 283 128
497 231 1500 279 PROLEGOMENA.

88 328 227 383 potius
247 327 289 367 in
311 323 468 378 legendo
480 324 694 366 Erasmum
704 322 892 376 :primum
910 320 1091 361 voculam
1111 318 1222 359 viem
1240 318 1390 373 omisit3
1418 340 1465 349 -··
1494 317 1663 373 Seglam,
1676 333 1772 376 quae
1783 320 1854 364 τοῖς

99 381 283 427 notabat,
299 381 490 434 arripiens
504 391 577 434 pro
598 379 668 429 τᾶ,
699 383 746 423 &⁶
767 390 857 416 mox
877 388 1015 415 verum
1039 373 1087 420 ὀ
1099 376 1313 429 genuinum
1323 383 1533 428 pronomen
1551 375 1602 414 τέ
1617 385 1690 428 pro
1710 376 1853 417 ultima

90 436 249 491 fillaba
277 434 390 476 vobis
422 432 547 477 ἀνοῆτε
577 433 742 482 habens,
772 430 876 486 quod
883 429 969 482 fine
993 429 1106 470 dubio
1122 428 1315 482 fafft'urus
1343 442 1418 469 non
1437 437 1549 475 erat,
1557 428 1601 481 si
1623 444 1697 470 non
1726 432 1856 472 oculos

99 486 185 543 ejus
217 507 255 531 τ.
284 489 388 530 illud
413 490 549 543 versui
565 485 845 544 superpofitum
862 484 1083 539 *effugiffen
1113 483 1296 524 Erravit
1308 510 1321 531 ,
1330 483 1482 538 fateor.
1514 483 1626 538 Qid
1657 499 1751 541 ergo
1776 501 1856 528 me-

100 562 190 588 cum
209 546 360 602 litigat?
389 545 416 587 fi
438 545 507 600 ipfi
538 544 627 585 licet
659 541 790 592 fateri,
808 540 1019 581 ‚Erasmum
1037 538 1195 591 errasse,
1223 552 1291 580 cur
1319 552 1401 581 non
1426 544 1465 581 ὃ(
1495 540 1592 580 mihi
1621 539 1726 582 idem
1753 541 1857 584 dice·

101 617 142 644 re
173 603 312 643 liceat?

127 679 130 683 -
162 656 439 711 Venio,inquit
452 682 463 703 ‚
475 655 532 696 ad
547 666 711 696 errorem
731 651 901 693 Erasmo
916 650 1327 706 exprobratum‚quem
1338 649 1612 705 graviffi‘mum
1636 659 1757 692 vocat
1768 653 1857 693 Cri·-

104 715 234 763 zicus,
264 714 331 767 qui
349 712 450 766 sane
477 709 605 761 nihil,
634 707 738 765 quod
764 721 841 747 non
870 707 988 747 valde
998 706 1057 756 stt
1078 705 1165 746 leve
1183 708 1231 751 &⁶
1241 705 1466 758 frivolum,
1495 709 1536 746 in
1559 706 1726 746 medium
1745 715 1858 747 attu-

103 769 169 809 lit.
197 789 262 798 -—·-
300 766 442 808 ‘Primo
462 766 619 820 finsicm
658 763 861 805 verborum
891 761 1182 816 Theophylaffi
1221 761 1263 801 in
1297 760 1391 803 Luc.
1420 761 1494 802 XI.
1529 774 1591 815 53.
1624 762 1804 803 Erasmus
1834 775 1857 801 e

103 824 267 865 leffione
288 823 365 876 sita
382 822 494 875 satis
523 819 780 869 commodum,
801 817 996 872 planeque
1017 819 1138 856 etiam
1157 828 1293 857 verum
1313 839 1347 850 ι·
1376 819 1491 858 eruit.
1522 839 1587 848 ··--
1616 815 1730 857 Nam
1756 816 1863 873 quod

104 876 344 933 augendo&
362 874 630 931 exaggerando
648 873 806 913 crimini
815 873 972 926 sensiam
993 871 1085 912 inde
1101 878 1377 925 emergentem,
1397 880 1517 927 atque
1538 870 1586 911 ab
1607 873 1780 914 Erasmo
1792 875 1860 927 rip.

100 935 223 987 somet
252 935 294 974 in
327 932 484 973 Latina
512 929 631 983 hujus
662 928 738 968 loci
758 937 958 982 perperam
979 926 1166 983 defirtpti
1185 925 1352 978 verfione
1382 927 1714 981 repraesentatum
1730 958 1743 978 ,
1767 935 1871 967 tam·

105 999 191 1030 tum
211 1001 293 1028 non
312 983 557 1040 impiumstbi
578 982 700 1036 noster
721 982 822 1023 dicit
843 982 1000 1032 videri,
1024 981 1141 1035 plane
1162 981 1400 1022 calumniam
1424 982 1551 1036 sapit.
1578 984 1653 1023 &c.
1707 982 1860 1037 Impor-

104 1046 246 1085 tunitas
267 1045 307 1082 ὅ(
325 1041 424 1082 mala
446 1039 542 1081 fides
560 1038 729 1079 hominis
745 1051 808 1079 me
825 1039 931 1093 cogit
953 1036 1074 1091 ipsam
1099 1037 1247 1078 Erasmi
1267 1035 1519 1087 Verfionem,
1548 1050 1624 1090 qua
1643 1037 1756 1078 verba
1775 1052 1858 1079 non

102 1098 392 1141 Pharisaeorum
415 1095 480 1137 sed
500 1093 791 1148 Theophylaffi
805 1093 1017 1147 exprimere
1036 1091 1181 1143 voluit,
1210 1090 1424 1146 producere
1441 1105 1489 1133 ex
1510 1091 1614 1134 Edit.
1628 1105 1664 1134 2.
1692 1123 1718 1144 ,‚
1731 1092 1858 1147 Quod

102 1186 128 1206 2,
159 1154 185 1194 ss
215 1154 301 1208 quis
328 1152 435 1193 mihi
456 1164 590 1205 parum
618 1149 733 1189 habet
762 1146 875 1198 fidei,
904 1147 1019 1202 ipsius
1042 1147 1219 1202 Vulgarii
1239 1147 1353 1188 verba
1374 1146 1625 1196 subscribam,
1653 1161 1752 1203 quae
1784 1162 1858 1191 nec

102 1239 127 1262 ,,
158 1207 360 1249 transferre
388 1205 574 1262 gravabor
602 1205 643 1245 in
672 1203 834 1259 gratiam
860 1217 995 1247 eorum
1018 1202 1086 1257 qui
1105 1203 1256 1243 Graece
1275 1202 1470 1243 nesciunt:
1499 1225 1566 1235 ---
1592 1203 1658 1245 Fit
1679 1204 1784 1244 enim
1815 1201 1857 1244 τὸ

103 1298 135 1317 ‚,
162 1256 396 1319 ἀποςομίζειν
419 1293 431 1313 ,
458 1275 546 1302 cum
578 1260 704 1314 plures
730 1260 970 1313 interrogant
999 1272 1119 1299 unum
1149 1257 1200 1298 de
1227 1257 1310 1298 aliis
1340 1268 1456 1311 atque
1489 1258 1571 1299 aliis
1600 1259 1857 1314 argumentis,

104 1351 134 1372 „v
161 1330 242 1361 turn
272 1319 375 1360 enim
393 1347 405 1367 ,
439 1317 617 1371 quinon
650 1314 776 1369 potest
806 1312 1037 1368 respondere
1058 1344 1071 1365 ,
1098 1312 1263 1367 speciem
1289 1312 1444 1367 praebet
1474 1312 1597 1358 stulti,
1628 1313 1737 1368 quod
1768 1313 1859 1355 hae-

102 1408 129 1428 „
161 1377 280 1416 reat'’.
337 1373 463 1414 Utere
492 1384 595 1412 nunc
625 1371 698 1411 tuis
718 1369 861 1420 oculis,
892 1368 1056 1419 Leitor,
1080 1371 1126 1423 ¹&
1144 1367 1321 1424 expende
1340 1379 1466 1409 utrum
1485 1369 1554 1423 pie
1576 1371 1616 1408 &
1647 1367 1858 1420 θεοπρεπῶς

103 1431 300 1473 Dominus
319 1428 447 1469 noster
470 1427 512 1467 in
530 1427 577 1466 iis
599 1435 840 1475 numeretur,
869 1425 937 1478 qui
959 1423 1180 1477 respondere
1201 1436 1277 1463 non
1289 1423 1470 1476 poffunt,
1499 1423 1608 1477 quod
1631 1423 1769 1467 Verfio
1806 1425 1860 1466 E-

103 1487 238 1536 rasmi‚
267 1484 293 1525 fi
314 1483 452 1533 verba,
481 1492 523 1522 ut
541 1481 695 1535 jacent,
723 1480 982 1533 accipiantur,
1012 1478 1134 1520 dicit?
1164 1481 1205 1518 &
1225 1488 1353 1519 utrum
1373 1477 1545 1519 Censura
1574 1478 1687 1533 hujus
1718 1479 1858 1521 ver-fio-

104 1543 166 1583 nis
196 1541 241 1582 sit
267 1540 376 1580 levis
397 1537 444 1584 ὠ
460 1535 659 1591 frivola?
686 1536 885 1577 Praeterea
906 1536 1046 1574 verum
1076 1546 1158 1574 non
1190 1532 1268 1583 est,
1296 1547 1407 1584 eum,
1435 1533 1503 1588 qui
1523 1533 1754 1589 respondere
1772 1548 1856 1576 non

103 1596 253 1652 potest,
283 1594 446 1649 speciem
474 1591 654 1645 praebere
685 1590 796 1631 stulti.
825 1589 1002 1643 Speciem
1033 1588 1193 1644 quidem
1220 1588 1376 1642 praebet
1395 1586 1586 1630 haerentis
1615 1592 1656 1629 ὃς
1677 1590 1875 1645 ignoran-··

103 1654 174 1703 tis,
204 1655 244 1691 &
276 1651 375 1690 hanc
406 1646 564 1702 quidem
586 1645 750 1700 speciem
769 1658 851 1685 non
874 1644 1030 1698 praebet
1059 1643 1129 1684 nifi
1159 1642 1467 1697 simplicioribus:
1498 1658 1589 1685 nam
1609 1644 1637 1685 fi
1659 1659 1728 1699 per
1749 1657 1860 1687 natu·

103 1722 185 1749 ram
215 1718 338 1746 rerum
365 1703 529 1744 omnino
559 1700 641 1741 fieri
671 1700 827 1753 nequit,
857 1711 899 1739 ut
921 1698 1027 1739 fimul
1049 1701 1090 1738 &
1119 1697 1260 1739 eodem
1280 1709 1482 1740 momento
1512 1698 1562 1739 ad
1589 1700 1715 1754 plures
1743 1715 1860 1756 quae-

104 1764 246 1804 stiones
265 1757 515 1813 respondeat,
544 1754 812 1809 prudentiores
839 1752 881 1793 1d
903 1765 1102 1807 nunquam
1120 1753 1300 1806 cuiquam
1322 1753 1419 1794 vitio
1437 1764 1609 1803 vertent;
1644 1766 1684 1796 at
1703 1769 1775 1797 nec
1798 1756 1860 1798 his

105 1833 177 1859 nec
194 1816 265 1857 illis
289 1815 455 1867 speciem
478 1811 634 1866 praebet
653 1809 764 1851 stulti.
794 1809 878 1862 Qli
890 1807 1121 1862 respondere
1142 1821 1223 1848 non
1246 1808 1485 1862 potest,n0n
1507 1808 1639 1863 prodit
1661 1810 1857 1852 stultitiam

105 1871 272 1916 tacendo
292 1869 358 1912 sed
379 1866 578 1923 loquendo
601 1868 641 1906 &
662 1862 958 1922 respondendo:
986 1863 1094 1920 cujus
1113 1863 1167 1907 rei
1187 1862 1362 1919 exempla
1397 1863 1512 1907 obvia
1544 1864 1630 1907 sunt
1648 1879 1720 1908 nec
1739 1867 1858 1924 longe

136 1927 286 1971 etenda.
490 1944 495 1947 ·
986 1955 990 1957 μ

108 1944 134 1985 p
160 1984 361 2025 Ha&enus
389 1981 439 2023 de
471 1993 630 2022 erronea
658 1978 861 2021 verborum
890 1976 1182 2034 Theophylaffi
1208 1977 1534 2033 interpretatione.
1591 1977 1858 2020 Indicaveram

106 2054 224 2094 porro
253 2038 514 2079 Erasmumin
533 2033 825 2090 Theophylasti
848 2049 928 2076 uno
948 2034 1055 2076 versu
1076 2035 1133 2075 bis
1149 2067 1160 2085 ‚
1187 2036 1228 2074 &
1248 2033 1290 2074 in
1312 2034 1432 2075 altero
1448 2033 1555 2075 versu
1587 2045 1746 2088 quater,
1775 2048 1859 2075 non

107 2096 228 2137 solum
259 2093 356 2134 male
386 2091 553 2146 legendo
581 2089 828 2138 aberravisse,
857 2104 991 2131 verum
1016 2090 1132 2131 etiam
1161 2102 1329 2130 errorem
1381 2089 1493 2130 artim
1512 2090 1686 2145 agnitum
1718 2089 1860 2142 partim

108 2165 180 2192 nec
208 2149 393 2204 agnitum·
413 2148 454 2188 in
485 2160 621 2188 omnes
647 2145 851 2188 Editiones
880 2145 1078 2200 sequentes
1109 2144 1322 2199 propagavi
1354 2158 1386 2186 e.
1416 2144 1574 2186 Fatetur
1603 2143 1681 2184 hoe
1709 2143 1861 2185 Censor

107 2219 213 2247 meus
234 2239 245 2255 ‚
275 2203 340 2244 sed
366 2201 648 2256 facile.‘tamen
668 2231 681 2252 ‚
708 2201 836 2256 inquit
854 2230 867 2252 ,
894 2201 1008 2256 aequi
1030 2198 1079 2246 ὠ·
1106 2198 1267 2240 candidi
1289 2198 1502 2240 alienorum
1532 2201 1772 2254 ingeniorum
1786 2199 1862 2256 ju-

105 2262 212 2302 dices
231 2291 243 2311 ,
284 2258 380 2299 libro
422 2256 630 2311 diligenter
669 2255 838 2311 inspec‘lo
859 2286 871 2306 ,
896 2253 1142 2317 fatebuntur
1173 2281 1185 2301 ‚
1222 2253 1385 2308 dignum
1423 2255 1545 2295 venia
1584 2267 1751 2294 errorem
1791 2254 1862 2296 ad-

108 2315 261 2370 miffum
291 2313 338 2354 ab
368 2326 420 2354 eo.
475 2314 540 2354 An
573 2312 650 2353 hoc
670 2312 767 2352 mihi
788 2311 945 2365 objicit,
973 2312 1041 2366 qui
1068 2313 1109 2350 &
1129 2310 1271 2351 erranti
1292 2309 1532 2351 libentissime
1561 2309 1714 2351 veniam
1739 2308 1861 2361 dare,

109 2376 149 2413 &
185 2370 323 2412 erroris
367 2368 567 2410 monstrati
605 2367 758 2408 veniam
793 2366 953 2407 vicisfim
994 2376 1123 2420 petere
1161 2365 1308 2418 semper
1349 2363 1404 2405 fui
1437 2375 1590 2420 paratus
1622 2368 1638 2405 ?
1677 2375 1742 2406 aut
1768 2378 1863 2420 ego-

111 2442 161 2469 ne
191 2427 392 2467 Erasmum
423 2422 527 2478 apud
549 2423 729 2464 Senatum
753 2421 994 2463 Bafiliensem
1023 2419 1224 2471 accusavi,
1255 2430 1373 2474 utque
1403 2431 1488 2462 mea
1529 2420 1648 2474 gratia
1670 2453 1683 2470 ‚
1710 2419 1862 2461 inaudi-

108 2495 170 2524 tus
193 2485 231 2521 &
253 2479 397 2521 indiera
417 2478 549 2529 causa,
571 2478 814 2519 damnaretur
834 2475 1172 2531 poposci?Egone
1193 2486 1392 2530 parentem
1411 2474 1493 2529 ejus
1509 2477 1633 2516 virum
1654 2475 1861 2529 optimum,

110 2546 300 2592 cognatos
322 2538 361 2575 &
381 2534 547 2585 amicos,
576 2532 760 2574 homines
773 2532 912 2573 liberos
932 2535 972 2572 &
990 2531 1160 2582 nobiles,
1183 2543 1226 2572 ut
1259 2530 1452 2584 mancipia
1481 2529 1577 2571 mihi
1609 2530 1777 2571 obnoxia
1804 2530 1862 2571 di-

110 2592 237 2633 &eriis
257 2594 295 2630 δε
315 2589 534 2643 opprobriis
553 2588 740 2629 laceravi?
760 2588 857 2628 ostia
876 2597 1101 2642 potentum,
1124 2586 1192 2640 qui
1207 2585 1394 2640 suffragiis
1414 2585 1484 2626 suis
1502 2585 1598 2626 mihi
1620 2598 1754 2626 contra
1773 2599 1863 2627 eum

112 2647 307 2695 faverent,
320 2644 489 2699 pulsavi?
511 2643 698 2684 cerdones
716 2646 756 2683 &
775 2656 936 2698 pueros,
950 2653 992 2683 ut
1013 2653 1147 2683 contra
1163 2653 1251 2682 eum
1272 2640 1322 2681 de
1344 2640 1476 2691 rebus,
1507 2654 1667 2695 quarum
1685 2640 1783 2681 nihil
1803 2641 1863 2681 in-

112 2701 347 2757 telligebant,
370 2699 629 2740 testimonium
648 2697 841 2748 dicerent,
869 2697 1097 2739 subornavi?
1128 2696 1278 2751 plebem
1297 2698 1338 2735 &
1359 2695 1594 2736 mulierculas
1613 2699 1653 2735 &
1674 2695 1862 2749 demago-

113 2772 185 2812 gos
205 2759 243 2797 in
261 2769 350 2797 eum
371 2754 562 2795 concitavi
586 2757 601 2794 ?
631 2753 774 2794 miseris
801 2751 1028 2794 clamoribus
1056 2755 1096 2792 &
1122 2751 1255 2792 libellis
1285 2749 1468 2792 Ecclefias
1489 2750 1713 2791 Helveticas
1734 2753 1774 2790 &
1801 2763 1864 2791 or·

112 2814 201 2854 bem
230 2811 647 2863 terrarum,'tanquam
677 2808 705 2849 si
735 2808 931 2850 Hannibal
966 2819 1055 2848 ante
1075 2819 1205 2861 portas
1226 2804 1338 2856 esset,
1367 2804 1516 2846 turbavi
1538 2805 1758 2859 terruique?
1786 2819 1863 2860 ego

113 2868 283 2921 denique
311 2880 391 2906 non
421 2865 571 2918 quievi,
603 2863 731 2904 donec
750 2864 888 2904 horum
909 2863 1084 2904 omnium
1105 2862 1300 2902 sententiis
1318 2861 1519 2911 Erasmus,
1548 2859 1657 2914 quod
1689 2859 1863 2901 Graecos

114 2922 269 2963 codices
289 2920 447 2973 scriptos
465 2933 536 2959 nec
558 2919 657 2959 reste
678 2918 823 2972 legisset
841 2932 913 2959 nec
933 2918 1035 2960 reete
1055 2916 1180 2958 fuisset
1203 2918 1496 2971 interpretatus,
1525 2915 1586 2957 vel
1617 2914 1862 2958 damnaretur

116 2978 177 3020 vel
199 2976 402 3017 damnatus
421 2973 496 3015 esse
517 2973 647 3013 saltem
667 2974 887 3014 videretur?

286 3048 362 3056 —-
390 3043 472 3069 non
489 3028 566 3069 hoc
582 3042 765 3082 operum,
795 3027 892 3068 mihi
912 3027 1047 3079 crede,
1077 3041 1251 3069 meorum
1270 3027 1336 3068 est.
1552 3074 1555 3077 ¹

117 3085 194 3129 Sed
226 3085 462 3140 inquiramus
488 3083 603 3123 etiam
627 3113 638 3132 ,
668 3082 763 3137 quid
794 3083 1015 3136 personatus
1045 3083 1192 3123 Erasmi
1220 3094 1404 3136 patronus
1433 3081 1484 3123 de
1511 3080 1579 3122 suo
1607 3081 1747 3128 cliente
1774 3081 1865 3123 alibi

119 3141 272 3184 senserit
289 3139 382 3180 Ac‘t‘.
409 3153 447 3192 p.
482 3139 545 3187 58.
573 3138 834 3188 „Erasmum,
866 3138 1012 3192 inquit,
1042 3137 1120 3178 sine
1140 3137 1308 3183 ratione,
1329 3137 1442 3178 initio
1467 3136 1621 3182 saltem,
1650 3137 1757 3191 plura
1779 3137 1866 3178 loca

117 3224 144 3250 ‚,
173 3196 230 3239 N.
249 3194 301 3238 T.
316 3222 329 3244 ,
357 3195 495 3250 quibus
515 3193 656 3236 utimur
676 3203 811 3236 contra
839 3192 968 3236 hostes
996 3192 1162 3236 Deitatis
1181 3191 1352 3241 Christi,
1381 3193 1435 3235 ita
1454 3191 1692 3247 explicuisse,
1720 3202 1763 3232 ut
1791 3191 1866 3253 illis

1689 3273 1717 3295 υ
1744 3259 1868 3302 magIS
