1976 3519
117 249 171 291 30
503 231 1493 276 PROLEGOMENA.

120 356 146 374 ‚,
176 320 296 376 magis
328 333 400 375 pro
428 318 601 361 bonitate
630 319 806 374 singulari
824 319 885 360 sua
904 319 1116 360 benedicat.
1172 319 1356 359 Genevae
1373 317 1484 358 VIII.
1516 315 1607 358 Idus
1627 317 1852 361 Decembris

122 404 150 425 ,‚
182 380 298 417 Anno
320 388 392 414 cm
419 388 460 414 13
470 378 633 415 LXXX1''.
691 376 736 414 In
759 375 950 428 principio
971 375 1144 426 ejusdem
1163 373 1326 414 Codicis
1345 387 1458 414 manu
1481 373 1604 413 Bezae
1625 373 1718 414 haec
1739 375 1855 430 scrip-

122 445 162 473 ta
194 431 297 471 sunt:
345 461 370 480 „
401 430 467 470 Est
495 431 570 471 hoc
600 429 791 482 exemplar
820 429 1059 470 venerandae
1079 428 1273 469 vetustatis
1290 443 1337 470 ex
1357 428 1542 477 Graecia,
1571 440 1612 468 ut
1632 442 1788 481 apparet
1807 444 1856 471 ex

124 518 149 537 ,‚
180 486 344 526 barbaris
372 486 531 526 Graecis
552 485 779 539 quibusdam
800 484 849 524 ad
868 485 1078 539 marginem
1097 482 1316 537 adscriptis,
1346 483 1439 523 olim
1460 494 1725 537 exportatum,
1755 490 1792 525 ὃς
1815 487 1855 524 in

125 573 150 592 ,‚
181 541 309 581 Sanffl
338 541 484 581 Irenaei
511 540 760 590 Monasterio·
782 540 962 594 Lugduni
985 539 1035 579 ita
1057 552 1099 580 ut
1119 539 1181 578 hic
1203 539 1367 579 cernitur
1385 539 1622 588 mutilatum,
1652 540 1857 593 postquam

124 623 151 648 „
181 597 233 636 ibi
262 596 301 635 in
333 595 488 650 pulvere
516 595 583 636 diu
608 594 800 650 jacuisset,
828 607 1041 649 repertum,
1071 594 1219 634 oriente
1248 594 1302 633 ibi
1329 593 1432 634 civili
1449 593 1548 634 bello
1568 608 1672 634 anno
1695 595 1857 634 Domini

127 678 154 702 „
190 665 203 691 1
217 655 292 700 562
307 653 341 692 '’.

182 708 262 747 Aut
284 720 376 747 vero
395 707 526 746 omnia
550 719 612 746 me
632 705 784 754 fallunt,
814 715 878 746 aut
897 705 1002 745 Beza
1024 703 1253 759 permutavit
1273 718 1316 754 ac
1332 703 1508 745 confudit
1529 705 1687 745 nomina
1708 704 1861 745 suorum

127 762 346 811 Codicum,
376 761 557 801 vocando
588 759 905 815 Lugdunensem,
934 761 999 814 qui
1031 761 1358 800 Claromontanus
1376 771 1477 809 erat,
1507 762 1545 798 ὃ(
1566 760 1747 807 νὶεὶΠῐη]·,
1778 759 1801 800 si
1823 775 1864 801 (τι

127 818 210 856 nini
242 817 445 857 statuamus
477 816 775 870 Evangeliorum
797 815 989 855 Codicem
1009 814 1116 856 fuisse
1137 814 1508 860 Claromontanum‚
1534 816 1687 870 egregie
1709 815 1865 855 illustra·

128 871 331 925 tur,quod
354 872 460 926 supra
480 885 526 911 ex
540 871 717 911 Victorio
733 870 946 923 attulimus,
970 868 1187 910 dummodo
1199 869 1358 908 Clarum
1380 878 1543 909 montem
1563 883 1644 910 non
1663 869 1863 910 obscurum

132 927 236 979 apud
265 926 497 966 Bellovacos
529 926 785 974 coenobium,
813 936 856 966 ut
886 925 990 965 Beza
1010 925 1181 979 putavit,
1210 922 1274 964 sed
1294 923 1588 977 antiquissimam
1610 924 1791 979 Episcopi
1812 925 1867 965 se·

130 981 221 1022 dem
241 981 343 1034 apud
364 982 620 1022 Arvernates
641 980 916 1035 intelligamus:
946 980 1002 1020 fin
1020 991 1147 1020 autem
1170 992 1303 1020 verum
1331 979 1407 1028 est,
1436 993 1524 1019 eum
1544 980 1772 1033 Lugduniin
1785 979 1868 1034 pul-

128 1051 218 1076 vere
240 1036 395 1089 jacuisse
415 1036 464 1076 ad
483 1049 627 1076 annum
653 1049 666 1073 1
681 1040 772 1083 562.
802 1033 1006 1075 difficultas
1028 1034 1300 1088 inexplicabilis
1328 1034 1452 1074 existit
1471 1068 1482 1083 ‚
1523 1033 1626 1074 unde
1648 1035 1864 1090 Stephanus

131 1091 285 1132 secundi
318 1090 373 1131 sui
408 1092 444 1130 h.
473 1105 507 1131 e.
536 1090 710 1144 ejusdem
740 1089 903 1130 Codicis
931 1090 1114 1131 leffiooes
1134 1093 1169 1130 A
1190 1121 1198 1129 .
1235 1100 1352 1138 1550.
1383 1089 1572 1129 hauserit?

189 1146 300 1200 Qid
325 1146 434 1200 quod
465 1146 570 1186 Beza
601 1145 679 1199 ipse
709 1145 811 1186 hunc
844 1144 1037 1186 Codicem
1057 1146 1097 1185 in
1118 1145 1298 1197 Corpore
1319 1145 1630 1185 Annotationum
1651 1158 1860 1199 nusquam,

130 1201 238 1256 quod
274 1201 408 1251 sciam,
440 1200 760 1255 Lugdunensem,
791 1201 832 1240 in
861 1201 993 1241 ultima
1022 1214 1114 1240 vero
1146 1199 1331 1240 Editione
1352 1199 1413 1240 sua
1432 1199 1570 1240 diserte
1592 1199 1865 1240 Claromonta-

131 1270 225 1297 num
246 1257 436 1310 appellat?
465 1257 505 1295 in
530 1257 620 1296 Luc.
652 1256 766 1296 XIX.
801 1261 864 1296 26.
919 1282 944 1305 ‚,
975 1255 1137 1304 Malim,
1167 1255 1313 1308 inquit,
1341 1268 1428 1295 cum
1439 1254 1504 1294 illo
1516 1254 1761 1295 vetustiffimo
1773 1255 1867 1295 Cla·

131 1346 156 1362 „
187 1323 420 1352 romontano
441 1310 593 1351 Codice
614 1311 756 1352 servata
777 1311 959 1364 particula
977 1307 1053 1362 ’γὰς
1073 1310 1295 1351 versiculum
1322 1323 1385 1359 25.
1395 1323 1612 1364 expungere
1621 1312 1654 1350 ''.
1683 1313 1721 1349 &
1734 1311 1868 1353 Actor.

133 1367 229 1408 XX.
265 1381 298 1419 3.
357 1394 382 1417 „
412 1367 619 1408 Caeterum
643 1365 767 1407 codex
795 1365 857 1408 ille
886 1365 1014 1407 noster
1043 1365 1370 1407 Claromontanus
1401 1376 1527 1407 toturn
1546 1365 1648 1405 hunc
1666 1364 1795 1406 locum
1817 1365 1867 1406 sic

132 1454 158 1473 „
188 1423 290 1477 legit.
319 1425 423 1463 &c''.
760 1437 762 1440 ’

188 1478 281 1518 Dixi
302 1477 433 1530 supra,
465 1478 819 1534 Cantabrigiensem
840 1477 943 1518 hunc
961 1480 1001 1519 &
1021 1476 1207 1533 Stephani
1228 1475 1435 1518 secundum
1457 1476 1532 1518 esse
1551 1490 1669 1518 unum
1685 1476 1866 1518 eundem·

134 1547 210 1587 que
231 1532 423 1573 Codicem
435 1553 448 1579 ς
480 1548 559 1574 non
581 1535 674 1589 quin
696 1535 832 1579 sciam,
864 1534 1008 1574 Bezam
1027 1546 1213 1587 tanquam
1228 1532 1326 1574 duos
1346 1532 1536 1586 sejun&os
1556 1531 1726 1572 Codices
1746 1531 1874 1573 addu-

133 1602 219 1628 cere
240 1587 431 1629 consuesse
451 1589 594 1630 Matth.
625 1589 696 1630 VI.
730 1602 761 1630 1.
793 1592 829 1629 6.
856 1589 909 1630 X.
942 1601 1004 1642 23.
1034 1590 1157 1629 Marc.
1188 1588 1218 1628 I.
1252 1601 1287 1629 2.
1323 1599 1356 1638 5.
1390 1601 1451 1628 11.
1486 1600 1548 1627 12.
1581 1588 1644 1639 38.
1673 1587 1763 1628 Luc.
1795 1585 1867 1627 IV.

137 1644 173 1683 8.
202 1644 253 1686 V.
287 1656 322 1695 7.
351 1644 421 1686 VI.
458 1657 490 1694 5.
522 1643 636 1685 XVI.
672 1657 732 1694 19.
765 1644 851 1684 Ast.
879 1643 974 1686 XV.
1008 1658 1068 1684 20.
1098 1643 1212 1685 XVI.
1245 1644 1309 1695 38.
1349 1669 1375 1693 ‚,
1403 1643 1451 1682 ab
1473 1642 1550 1682 hoc
1571 1642 1659 1682 loco
1678 1641 1871 1696 usquead

133 1731 159 1749 „
191 1710 403 1739 extremum
426 1699 579 1752 Capitis
600 1699 834 1752 comperitur
855 1700 949 1738 mira
970 1699 1010 1738 in
1036 1713 1125 1739 meo
1145 1696 1391 1738 vetustiffimo
1410 1700 1450 1736 &
1467 1697 1542 1737 alio
1565 1708 1757 1751 praeterea
1779 1697 1868 1737 Ma-

134 1787 159 1804 ,‚
189 1753 289 1794 nusc.
318 1752 471 1794 Codice
502 1755 662 1793 varietas
673 1754 714 1791 '’:
746 1765 785 1794 at
814 1766 895 1792 non
923 1753 1116 1805 ejusmodi
1144 1753 1345 1793 aflertione
1374 1765 1557 1800 moveor,
1587 1763 1633 1798 ut
1647 1767 1668 1791 a
1686 1752 1872 1793 sententia

135 1807 350 1858 discedam,
380 1807 598 1862 praesertim
627 1821 715 1848 cum
745 1807 825 1862 ipse
854 1808 959 1848 Beza
981 1807 1053 1848 hac
1075 1808 1116 1848 in
1135 1821 1175 1848 re
1197 1820 1331 1861 parum
1351 1805 1417 1847 fibi
1437 1806 1609 1852 constet,
1640 1809 1679 1844 ὃ(
1700 1807 1739 1846 in
1761 1808 1872 1848 tertia

135 1864 322 1904 Editione
352 1862 486 1903 omiss‘a
518 1863 716 1903 mentione
737 1862 892 1903 secundi
912 1863 1159 1916 exemplaris,
1186 1860 1295 1916 quod
1314 1861 1355 1901 in
1378 1861 1566 1915 prioribus
1584 1860 1635 1901 ad
1656 1873 1781 1915 partes
1802 1877 1873 1903 vo·

136 1930 309 1968 caverat,
340 1917 476 1958 iisdem
504 1917 598 1958 locis
625 1916 858 1957 vetustissimi
877 1927 1027 1957 tantum
1043 1917 1096 1957 sui
1117 1916 1352 1970 Exemplaris
1369 1916 1606 1956 mentionem
1628 1915 1761 1967 faciat,
1789 1917 1870 1959 vid.

136 1973 177 2013 in
195 1972 338 2013 Matth.
366 1973 417 2014 V.
449 1985 513 2026 30.
542 1972 740 2013 XXVIII.
775 1985 838 2012 12.
870 1971 993 2013 Marc.
1023 1972 1075 2013 V.
1111 1984 1175 2025 3¹·
1202 1984 1301 2025 quae
1320 1970 1407 2012 sane
1427 1972 1629 2011 nominum
1640 1973 1873 2025 permutatio

136 2027 389 2082 suspicionem
419 2027 587 2068 nostram
616 2026 820 2067 confirmat
840 2056 852 2077 ,
891 2025 1014 2080 ipsum
1042 2027 1187 2067 Bezam
1220 2037 1462 2080 compertum
1484 2025 1673 2077 habuisse,
1703 2025 1874 2069 diversos

139 2083 320 2124 Codices.
331 2096 411 2122 non
430 2081 505 2122 effe
526 2082 712 2136 Stephani
733 2085 772 2122 &
792 2081 897 2122 suum
910 2112 922 2132 ,
952 2081 1017 2123 sed
1035 2095 1155 2123 unum
1174 2080 1428 2136 eundemque.

194 2138 360 2179 Constat
390 2137 457 2177 iste
486 2137 626 2177 Codex
657 2149 750 2189 413.
781 2136 883 2177 foliis
912 2137 953 2177 in
974 2149 1112 2192 quarto
1133 2137 1292 2190 majori,
1321 2136 1474 2192 singulis
1496 2136 1646 2192 paginis
1664 2138 1782 2180 lineas
1805 2151 1873 2192 33.

137 2193 444 2242 continentibus,
474 2192 817 2246 complestiturque
838 2193 1048 2246 Evangelia
1068 2195 1107 2232 &
1125 2193 1226 2234 Αξὶει
1245 2193 1522 2247 Apostolorum
1543 2194 1693 2234 Graece
1712 2198 1751 2234 &
1771 2194 1876 2235 Lati-

136 2263 208 2295 ne;
240 2248 308 2288 nisi
329 2247 435 2302 quod
458 2247 717 2288 desiderantur
735 2247 815 2288 duo
835 2246 926 2287 folia
948 2262 969 2287 a
989 2247 1134 2288 Matth.
1164 2248 1193 2288 1.
1222 2247 1273 2287 ad
1298 2261 1358 2288 20.
1387 2248 1481 2288 item
1502 2262 1523 2287 a
1548 2247 1689 2289 Matth.
1719 2249 1872 2290 V1.20.

136 2304 257 2343 --—IX.
276 2317 312 2343 2.
340 2304 432 2343 ono
444 2302 544 2343 folia.
556 2301 734 2343 XXVII.
750 2315 851 2343 1.---1
865 2302 1117 2357 2.Joann.I.1
1129 2302 1266 2344 6.--11.
1281 2307 1345 2344 26.
1357 2303 1490 2343 Astor.
1500 2301 1610 2343 VIII.
1625 2317 1642 2342 2
1649 2305 1789 2351 9.--X.
1809 2317 1874 2355 14.

135 2359 302 2400 ---XXI.
336 2372 369 2399 2.
399 2371 516 2397 —--10.
547 2357 682 2398 XXII,
718 2371 896 2398 10.---20.
926 2357 1094 2412 denique
1113 2373 1135 2398 a
1159 2371 1251 2400 vers.
1284 2372 1347 2408 29.
1379 2358 1490 2412 hujus
1511 2357 1801 2412 Capitisomnia
1814 2374 1874 2400 us-

135 2428 212 2466 que
233 2413 284 2454 ad
304 2414 455 2454 calcem.
500 2414 713 2453 Patricius
734 2413 888 2465 Junius
910 2427 998 2453 cum
1017 2413 1147 2454 Textu
1167 2413 1325 2468 vulgato
1345 2414 1500 2454 Graeco
1522 2413 1627 2454 illum
1639 2415 1769 2455 exaste
1779 2429 1874 2455 con-

134 2469 221 2509 tulit
234 2499 245 2519 ,
273 2469 548 2522 varietatesque
566 2482 701 2508 omnes
720 2482 807 2509 curn
830 2467 986 2509 Usserio
1007 2471 1047 2508 δε
1065 2481 1152 2509 cum
1171 2468 1346 2508 fratribus
1365 2469 1544 2509 Puteanis
1561 2470 1874 2520 communicavit,

136 2538 235 2577 quae
267 2538 334 2577 per
367 2524 453 2564 illos
478 2524 639 2564 Morino
661 2527 700 2562 Sc
721 2523 971 2574 Curcellaeo,
1001 2537 1069 2578 per
1090 2524 1202 2564 istum
1225 2535 1351 2564 autem
1371 2524 1565 2564 Waltono
1584 2525 1623 2563 in
1643 2525 1875 2579 Polyglottis

135 2578 310 2620 edendae
329 2579 588 2619 innotuerunt.
636 2579 766 2631 Hujus
785 2577 948 2620 Codicis
969 2579 1236 2633 apographum
1258 2577 1408 2619 confeci
1430 2581 1497 2620 A0.
1533 2582 1651 2631 1716.

190 2634 380 2686 Scriptum
411 2633 517 2674 fuisse
548 2647 672 2688 neque
703 2635 743 2674 in
774 2634 938 2674 Graecia
966 2647 1091 2688 neque
1116 2649 1139 2674 a
1169 2635 1322 2675 Graeco
1339 2633 1403 2686 (ut
1428 2634 1530 2674 Beza
1546 2631 1717 2687 putarat)
1742 2633 1806 2674 sed
1830 2635 1872 2675 in

136 2688 357 2729 Occidente
389 2689 435 2728 ab
455 2689 634 2738 homine,
652 2687 938 2742 ,καλλιγςαφίας
958 2702 1074 2743 quam
1095 2689 1156 2730 vel
1181 2690 1353 2730 Graecae
1372 2689 1432 2729 vel
1455 2689 1614 2729 Latinae
1633 2689 1784 2743 linguae
1807 2703 1873 2743 pe-

137 2744 280 2793 ritiori,
311 2744 451 2783 Latino
473 2755 599 2784 tamen
618 2756 798 2798 apparet;
828 2744 937 2798 quod
956 2748 994 2783 &
1014 2744 1163 2798 adje&a
1182 2745 1319 2785 Latina
1331 2744 1593 2797 interpretatio
1604 2743 1871 2798 docet‚quam

138 2813 255 2839 nemo
278 2799 448 2838 Graecus
468 2812 637 2852 unquam
659 2799 869 2855 adjungere
889 2800 1010 2854 patria
1030 2800 1159 2854 lingua
1179 2799 1320 2853 scripto
1342 2799 1485 2839 Codici
1496 2799 1680 2839 curaverit
1692 2817 1704 2842 ‚-
1737 2803 1775 2838 ὃ(
1789 2800 1867 2853 pla-

136 2855 221 2894 nius
250 2853 362 2907 ipsius
393 2853 555 2893 Codicis
586 2853 772 2906 inspec'tio
802 2854 991 2904 declarat,
1020 2855 1081 2895 cui
1113 2855 1216 2895 enim
1248 2854 1400 2894 Graeco
1420 2864 1513 2894 nato
1531 2852 1688 2894 venisset
1708 2854 1748 2893 in
1769 2868 1872 2894 men-

138 2919 238 2958 tem,
268 2919 309 2948 ut
329 2907 378 2947 ad
398 2908 576 2948 Latinam
598 2908 784 2949 scribendi
805 2910 993 2950 rationem
1016 2909 1164 2950 Graeca
1186 2908 1415 2964 refingeret?
1442 2908 1566 2963 qualia
1587 2910 1627 2948 in
1648 2909 1724 2948 hoc
1746 2909 1871 2950 Codi-

136 2978 180 3004 ce
200 2964 313 3003 obvia
335 2962 419 3003 sunt
440 2962 571 3016 passim
593 2963 773 3004 ridiculae
793 2964 1014 3019 diligentiae
1034 2964 1264 3018 specimina,
1293 2978 1381 3004 cum
1406 2961 1642 3014 σαμαριτοίνων
1655 2994 1667 3013 ,
1695 2962 1872 3015 Samikon,

136 3016 319 3070 λεπςῶσου
337 3048 348 3067 ,
387 3017 665 3066 Φλοιγελλῶσας
687 3045 698 3064 ,
736 3016 887 3072 πέτςους
914 3019 1086 3060 exhibet:
1126 3019 1230 3060 idem
1258 3017 1450 3070 γεινῶσγει,
1479 3015 1623 3070 ἒκθςὶς,
1651 3017 1874 3070 ὃιανύκθητι,

138 3071 275 3126 (jesca,
305 3070 502 3126 ζζὲννυται,
531 3070 697 3125 §perimam
729 3087 847 3127 porro
876 3072 1081 3122 κατεγέλων
1110 3071 1237 3124 ‹itui-bv,
1266 3072 1412 3119 δἐἷτῧητε
1440 3071 1497 3113 τὸν
1525 3072 1626 3126 κύςιον
1647 3101 1658 3120 ,
1687 3072 1874 3122 {amodum

138 3125 265 3174 ἇυτὸν,
294 3124 540 3181 σαιὲάςιονῒς,
573 3125 692 3167 ἄλλαι
710 3126 841 3168 aradam
862 3125 1011 3168 πολλαὶ
1030 3132 1070 3168 &
1094 3129 1267 3170 sexcenta
1287 3129 1428 3169 slmilia.
1469 3128 1545 3169 Sed
1568 3129 1661 3183 quid
1684 3129 1790 3183 quod
1803 3144 1873 3170 nec

137 3184 276 3225 Latina
305 3183 451 3225 saniora
483 3183 595 3225 sunt?
631 3210 660 3235 2,
687 3183 843 3225 calicem
874 3183 1005 3239 quod,
1032 3195 1072 3226 te
1101 3185 1239 3233 nocui,
1268 3183 1417 3238 sanguis
1446 3184 1555 3239 quod
1571 3185 1803 3235 effunditur,
1823 3196 1875 3278 ¹ut

1785 3268 1811 3291 υ
1838 3252 1877 3280 C·
