1976 3519
412 231 1397 279 PROLEGOMENA.
1708 250 1788 291 ¹35

65 326 104 363 δε
128 322 264 364 ducem
291 334 405 376 atque
433 333 603 362 autorem
631 320 791 370 erroris,
819 322 861 358 &
891 329 1083 373 quotquot
1101 325 1189 360 eum
1218 320 1444 374 sequuntur,
1472 323 1611 376 pariter
1637 338 1782 373 errare,

63 380 143 418 imo
163 378 368 432 aliquando
385 391 494 425 eum,
523 377 792 430 qui‘errantem
812 375 997 428 sequitur,
1028 375 1153 427 primo
1172 388 1320 415 errante
1342 391 1463 418 errare
1481 378 1782 420 inexcusabilius:

63 433 114 473 de
139 433 211 473 hac
242 447 282 473 re
302 432 411 486 supra
441 431 586 484 egimus
617 444 653 483 p.
690 443 780 482 131.
808 429 857 469 ad
879 429 1171 469 Excusationem
1194 429 1338 470 Erasmi
1359 432 1518 472 tertiam.
1575 434 1782 475 Caeterum

62 501 150 527 cum
174 489 212 527 in
234 488 439 542 posteriore
459 485 741 538 Programmate
761 484 1015 539 fragmentum
1043 484 1224 537 epistolae
1254 484 1352 524 Iselii
1379 485 1563 541 legerem,
1581 503 1661 528 non
1690 489 1782 529 scie-

63 543 170 592 bam,
198 557 284 583 eum
301 555 323 581 a
343 541 581 594 Breitingero
608 540 649 579 in
677 551 842 580 errorem
871 537 976 581 fuisse
1000 538 1221 589 induffilmm,
1249 553 1335 580 cum
1354 541 1505 594 utique,
1525 543 1621 599 quid
1639 543 1707 584 iste
1727 543 1783 584 illi

63 599 102 636 in
134 598 249 639 literis
277 596 431 649 privatis
451 594 666 647 scripsisset,
696 594 787 634 scire
807 607 877 634 nec
905 592 1052 647 possem
1072 607 1142 634 nec
1162 594 1350 635 deberem.
1404 595 1497 635 Hoc
1518 597 1568 638 de
1597 612 1659 638 me
1687 612 1781 638 con-

62 652 190 692 fitetur
216 651 361 692 Iselius:
378 649 539 703 scilicet
565 663 613 688 ne
637 648 710 701 ipst
732 649 882 704 quidem
911 655 999 688 orta
1026 656 1109 688 tum
1131 657 1216 689 erat
1235 650 1395 702 [aspicio
1415 680 1427 700 ,
1445 650 1598 704 falsam
1626 651 1695 703 effe
1723 652 1783 692 Cl.

60 705 370 760 Breitingerum,
399 707 441 744 in
463 703 599 744 Codice
624 703 692 743 illo
723 702 924 757 Bafilienst
943 702 1185 757 agnoscendo.
1224 704 1404 745 Editurus
1431 705 1521 746 dein
1543 707 1781 761 Breitingeri.

62 762 258 815 epistolam
276 759 463 814 praefatur
484 774 492 798 ι
521 767 568 798 ne
590 772 682 798 vero
701 759 923 812 accusator,
943 759 1049 812 fingi
1070 758 1134 797 hic
1154 773 1178 798 a
1200 773 1256 798 me
1277 761 1506 814 quicquam,
1526 761 1686 814 effictire
1714 776 1779 802 au-

60 820 173 866 deat,
201 814 312 867 istam
331 817 368 854 ei
385 826 486 854 nnnc
489 813 585 870 jam
606 813 861 854 conditionem
880 813 990 853 dico:
1011 812 1166 853 Mittat
1183 813 1239 854 ad
1255 827 1314 854 me
1330 814 1483 870 quando
1502 815 1613 856 volet
1632 826 1780 872 cunque

61 870 212 911 idoneos
241 871 474 923 cognitores,
504 871 572 924 qui
588 869 822 922 fragmenta
849 867 1086 922 epistolarum
1103 868 1279 923 jamjam
1307 869 1531 926 adjicienda
1555 884 1640 911 cum
1658 886 1781 912 exem-

48 924 231 980 plaribus
260 924 364 978 apud
393 938 452 963 me
484 926 713 964 extantibus
741 926 844 963 omni
873 937 965 963 cura
995 933 1220 975 componant
1250 922 1298 968 ὠ
1328 927 1562 966 examinent.
1617 927 1663 968 Si
1681 919 1786 983 quod

61 979 220 1020 verbum
242 978 314 1018 vel
327 978 371 1031 st
383 979 556 1034 aliquam
562 981 827 1032 sententiam,
860 977 1080 1018 occultandi
1097 978 1224 1030 cauffo
1243 981 1404 1030 erroris,
1433 980 1504 1019 vel
1518 979 1575 1021 ad
1589 984 1700 1024 viam
1717 982 1782 1023 de·

49 1034 214 1089 fensioni
245 1035 488 1074 muniendam
510 1065 522 1084 ,
544 1034 730 1074 additum
748 1065 760 1084 ,
789 1033 1008 1074 detractum
1037 1035 1266 1073 inveniatur
1286 1053 1300 1078 ³
1330 1048 1395 1089 ego
1414 1038 1599 1088 protinus
1627 1046 1782 1078 centum

48 1089 216 1142 florenos
235 1090 401 1142 in'ufnm
417 1099 616 1143 egenorum
627 1087 791 1143 pendere
804 1089 896 1141 stim
910 1097 1088 1144 paratus.
1118 1088 1253 1129 Credo
1272 1089 1325 1129 illi
1345 1120 1358 1140 ,
1389 1103 1460 1130 nec
1486 1092 1686 1144 pecuniam
1715 1093 1783 1134 de-

60 1145 222 1198 ponenti
251 1157 321 1185 nec
345 1143 482 1198 jurato.
540 1144 615 1184 Sed
643 1143 738 1198 quid
769 1144 845 1183 hoe
873 1144 923 1183 ad
952 1146 1057 1184 rem?
1085 1143 1308 1194 Nimirum,
1336 1146 1425 1198 quia
1445 1159 1524 1186 non
1546 1147 1673 1200 potuit
1694 1161 1779 1203 pro-

60 1201 169 1249 bare,
190 1199 295 1253 quod
310 1210 389 1239 erat
408 1199 670 1253 probandum,
700 1212 802 1239 nunc
823 1199 982 1252 probat,
1011 1198 1119 1252 quod
1140 1212 1219 1238 non
1236 1211 1316 1239 erat
1335 1199 1587 1253 probandum.

110 1254 327 1308 Perpende,
347 1268 445 1308 quae
464 1253 668 1307 sequuntur
696 1267 733 1308 p.
767 1268 802 1307 3.
831 1253 941 1308 Ego,
962 1254 1106 1308 inquit,
1137 1267 1215 1293 rem
1233 1263 1377 1294 certam
1397 1262 1517 1309 atque
1538 1255 1781 1308 exploratam

58 1308 114 1350 ad
126 1323 184 1349 me
203 1309 339 1361 afferri
359 1308 685 1359 PUfABAM,
709 1320 749 1362 p.
778 1322 817 1359 4.
845 1312 935 1362 quis
957 1307 1046 1359 jam
1071 1322 1145 1348 non
1165 1308 1301 1358 videt,
1329 1308 1377 1348 de
1394 1309 1470 1349 hac
1497 1311 1648 1365 quidem
1668 1328 1710 1352 re
1726 1314 1783 1363 fe-

58 1366 158 1405 riam
203 1363 533 1416 adseverationem
573 1364 634 1404 Cl.
677 1364 904 1418 Breitingeri'
946 1371 1041 1404 ante
1080 1363 1207 1403 oculos
1244 1362 1405 1404 habenti
1441 1365 1690 1409 AMBIGE
1696 1368 1780 1408 RE

60 1416 202 1461 NON
229 1418 500 1461 LICUISSE
523 1417 546 1458 ?
575 1432 612 1473 p.
645 1419 680 1460 8.
707 1421 845 1475 quivis
874 1417 945 1458 vel
971 1418 1092 1458 obiter
1119 1418 1191 1459 illa
1218 1419 1375 1459 intuens
1404 1419 1645 1472 epistolarum
1662 1423 1782 1478 frag-

59 1483 190 1515 menta
208 1473 424 1528 intelligit,
451 1473 751 1530 haudquaquam
769 1488 794 1514 a
815 1486 874 1512 me
891 1472 1081 1528 quicquid
1104 1472 1207 1514 illud
1228 1473 1280 1524 est
1298 1473 1559 1527 παραςλεψίας
1579 1476 1782 1531 admiſjam

59 1528 148 1582 effi’,
173 1528 243 1580 sed
270 1543 353 1570 cum
377 1541 442 1583 ego
471 1528 623 1584 quidem
653 1526 694 1569 τὸ
725 1525 881 1579 ἆκριζὲς,
899 1527 991 1577 sive
1018 1528 1141 1582 ipsam
1161 1531 1216 1568 rei
1236 1532 1472 1580 veritatem,
1501 1530 1643 1587 absque
1669 1533 1782 1588 culpa

59 1597 140 1623 mea
161 1586 397 1637 ignorarem,
420 1592 575 1624 tantum
594 1586 628 1623 ei
647 1585 741 1625 Viro
753 1583 812 1624 Cl.
829 1614 841 1634 ,
856 1588 969 1639 quem
988 1591 1096 1623 certa
1116 1582 1163 1627 (y
1185 1583 1388 1637 explorata
1405 1588 1460 1624 ad
1475 1599 1534 1625 me
1546 1587 1580 1626 C
1584 1587 1668 1627 RE
1671 1588 1785 1630 ‘DE-

56 1638 202 1679 BAM
217 1638 378 1692 referre,
399 1638 519 1691 fidem
540 1637 762 1692 adhibmffi’.
791 1653 827 1692 p.
861 1652 920 1680 11.
949 1637 1140 1693 Denique
1157 1652 1242 1678 cum
1262 1639 1488 1693 nonpoffem
1509 1650 1638 1683 tamen
1658 1642 1783 1695 fidem

58 1692 241 1746 abrogare
261 1693 338 1733 Cel.
368 1694 607 1747 Breitingero
624 1693 742 1744 semel
757 1695 972 1748 iterumque
987 1692 1267 1745 adseveranti,
1296 1694 1476 1735 Codicem
1490 1696 1643 1748 nostrae
1665 1698 1786 1753 hiy‘us

60 1747 329 1789 Bibliothecae
358 1760 382 1786 a
402 1750 491 1787 viro
513 1748 592 1788 Cel.-
624 1747 912 1790 Montfalconio
930 1746 1108 1797 laudari,
1138 1746 1186 1790 ὅθ’
1206 1750 1346 1787 varias
1364 1763 1412 1787 ex
1430 1762 1472 1788 eo
1492 1750 1694 1792 Leaioues
1720 1767 1785 1793 ex·

60 1802 195 1843 hiberi.
217 1807 288 1842 &c.
318 1802 517 1843 Hastenus
537 1802 706 1852 credidi,
718 1816 788 1844 nec
807 1802 880 1842 ulla
898 1802 1106 1843 inevitabili
1124 1802 1338 1846 necestitate
1357 1809 1574 1859 quenquam
1595 1807 1643 1847 ad
1658 1822 1786 1851 erran-

60 1858 154 1899 dum
174 1857 336 1911 impelli,
367 1871 438 1897 nec
458 1858 569 1897 amici
589 1855 759 1897 officium
773 1857 960 1910 postulare
976 1888 988 1907 ,
1019 1869 1061 1898 ut
1078 1858 1240 1897 amicum
1260 1871 1448 1899 errantem
1468 1862 1652 1914 sequatur.
1707 1864 1785 1906 Sed

61 1927 215 1968 agamus
245 1911 408 1966 preflius.
461 1913 630 1952 Fuerunt
662 1913 728 1966 qui
746 1912 890 1952 amicos
914 1911 1000 1965 plus
1018 1912 1139 1952 oculis
1157 1912 1229 1952 suis
1250 1925 1439 1953 amarent:
1468 1915 1555 1966 sed,
1575 1918 1641 1970 qui
1658 1921 1784 1961 amico

60 1969 181 2022 magis
200 1981 314 2021 quam
337 1966 455 2007 oculis
474 1966 546 2007 suis
562 1965 913 2020 crederet,pra·eter
923 1965 1093 2016 Helium,
1105 1980 1290 2020 quantum
1311 1967 1446 2019 sciam,
1458 1984 1625 2024 repertus
1643 1974 1697 2014 est
1717 1989 1785 2015 ne-

61 2037 149 2071 mo,
179 2022 272 2076 quid
293 2022 421 2062 enim?
450 2033 580 2062 annon
606 2034 735 2076 aperte
757 2021 912 2062 videbat
931 2033 1006 2062 tres
1028 2022 1198 2062 Codices
1219 2036 1301 2062 non
1329 2022 1404 2063 ess‘e
1431 2039 1549 2065 unum
1571 2026 1784 2081 Codicem,

61 2081 102 2118 &
131 2077 298 2118 Genesin
330 2088 410 2116 non
441 2077 515 2117 esse
544 2077 852 2118 Oaateuchum?
881 2077 1003 2117 Porro
1021 2091 1108 2118 cum
1129 2076 1348 2118 asseveratio
1368 2078 1595 2135 Breitingeri
1621 2083 1712 2124 esset
1731 2085 1788 2126 bi-

58 2137 312 2187 partita,tum
332 2131 524 2172 Codicem
546 2131 786 2173 Bafiliensem
807 2132 1040 2173 Ofilateuchi
1060 2147 1081 2172 a
1103 2131 1394 2173 Montfalconio
1414 2133 1644 2189 descriptum
1665 2137 1785 2191 fuisse,

62 2187 168 2241 quod
189 2190 228 2226 &
247 2201 378 2227 verum
394 2188 471 2237 est,
499 2191 540 2226 &
557 2201 604 2227 ex
624 2187 706 2241 ipso
719 2186 1007 2227 Montfalconio
1025 2187 1062 2229 se
1081 2186 1254 2228 didicisse
1274 2188 1313 2228 in
1334 2189 1505 2242 Epistola
1529 2191 1675 2242 scribit,
1703 2206 1786 2236 tum

64 2242 252 2283 Codicem
273 2242 375 2283 illum
397 2255 523 2283 extare
546 2242 730 2292 eamme,
759 2242 867 2297 quod
888 2241 1020 2282 falsum
1038 2243 1112 2284 est:
1140 2242 1268 2283 Iselius
1288 2244 1414 2284 amico
1432 2245 1472 2284 in
1493 2246 1560 2292 iis,
1580 2261 1678 2301 quae
1700 2264 1787 2291 vere

63 2297 226 2351 scripsit,
254 2296 370 2337 fidem
390 2298 605 2351 abrogavit:
634 2298 675 2337 in
695 2298 740 2337 iis
760 2310 908 2347 autem,
937 2311 1034 2351 quae
1053 2313 1075 2338 a
1095 2298 1253 2338 veritate
1271 2298 1608 2355 aberransscripsit
1628 2337 1638 2350 ‚
1670 2303 1788 2345 fidem

63 2352 256 2401 adhibuit,
285 2353 364 2392 imo
384 2353 491 2407 quod
512 2352 591 2392 duo
608 2354 689 2407 ejus
708 2352 842 2402 amici,
859 2351 1162 2393 Montfalconius
1182 2356 1221 2392 &
1234 2353 1491 2410 Breitingerus
1503 2387 1514 2406 ‚
1543 2356 1592 2397 de
1604 2358 1788 2400 Oftaceu-

64 2407 140 2448 cho
170 2407 410 2460 scripserant,
441 2422 572 2448 verum
602 2422 682 2448 non
717 2407 791 2448 esse
817 2406 1029 2461 judicavit:
1056 2407 1164 2461 quod
1194 2422 1287 2448 vero
1314 2414 1440 2460 unus,
1468 2411 1587 2453 altero
1616 2424 1787 2461 tacente,

65 2462 167 2515 (imo
187 2461 491 2515 contradicente)
522 2462 733 2516 scripserat,
763 2462 951 2508 credidit;
984 2466 1024 2502 ὃς
1055 2463 1214 2516 quidem
1245 2464 1485 2519 Breitingero
1515 2468 1643 2520 potius
1669 2470 1787 2510 credi-

65 2517 145 2568 dit,
172 2518 303 2571 juveni
323 2529 403 2558 tam
418 2532 550 2572 parum
570 2518 609 2556 in
629 2518 687 2557 his
705 2517 822 2557 literis
842 2529 1039 2566 accurato,
1069 2529 1110 2558 ut
1144 2517 1309 2558 eundem
1338 2521 1513 2561 codicem
1532 2521 1671 2563 eodem
1694 2536 1790 2565 tem-

66 2585 159 2624 pore
191 2573 231 2613 in
259 2572 544 2626 Programmate
576 2572 882 2622 Ostateuchum,
912 2575 952 2611 &
979 2573 1019 2612 in
1049 2571 1220 2626 Epistola
1242 2573 1544 2617 Pentateuchum
1570 2578 1788 2630 appellaret.

65 2627 210 2668 Verum
226 2626 276 2667 fic
296 2639 375 2668 erat
396 2628 435 2666 in
454 2627 562 2672 fatis,
592 2639 633 2668 ut
653 2626 906 2668 Venerandus
926 2627 1077 2668 Dostor
1098 2642 1119 2667 a
1135 2627 1298 2680 juvene,
1327 2629 1485 2682 epistola
1505 2632 1677 2673 submisse
1703 2634 1789 2674 scri.

66 2694 131 2735 pta
149 2681 275 2722 doceri
292 2685 490 2736 cupiente,
503 2683 543 2722 in
563 2696 730 2723 errorem
750 2682 1002 2736 abriperetur,
1021 2696 1069 2723 ne
1088 2696 1170 2723 non
1190 2682 1262 2724 hac
1281 2686 1396 2725 etiarn
1414 2687 1454 2725 in
1472 2700 1579 2739 parte
1590 2688 1789 2730 Erasmum

65 2736 225 2778 referret.
1092 2781 1100 2789 ,

122 2792 249 2846 Pergit
275 2805 312 2846 p.
339 2803 377 2843 4.
407 2794 478 2835 Ita
503 2791 601 2833 mihi
621 2793 771 2833 omnino
793 2791 1020 2847 perfimdere
1045 2790 1157 2832 debui
1184 2815 1250 2823 -·--
1278 2795 1323 2832 in
1352 2794 1434 2835 alia
1455 2796 1634 2852 profetio
1664 2802 1791 2839 omnia

69 2847 217 2896 iturus,
245 2847 348 2902 quod
364 2861 468 2887 nemo
475 2847 570 2902 jam
590 2861 663 2887 non
686 2847 820 2898 videt,
831 2846 875 2899 st
879 2849 1050 2901 paginas
1070 2847 1163 2887 illas
1184 2846 1523 2901 Hexaplorum‚in
1544 2852 1680 2906 quibus
1692 2854 1792 2893 Basi-

71 2899 192 2940 liensls
202 2901 321 2942 codex
323 2902 444 2956 ficpra
456 2902 598 2942 millies
610 2937 620 2953 ,
634 2901 681 2948 ὠ·
693 2904 877 2942 continua
879 2901 1149 2957 propemodum
1157 2903 1258 2955 serie
1269 2906 1420 2944 citatur
1431 2936 1443 2956 ,
1455 2906 1527 2946 vel
1527 2918 1598 2960 per
1599 2909 1794 2958 somnium

73 2953 263 3005 vidiffem.
292 2970 329 3010 p.
347 2971 385 3007 9.
415 2957 578 3011 Obsecro
599 2967 660 3003 te,
689 2959 744 2997 mi
764 2957 904 3007 lector,
934 2971 985 2997 an
1005 2956 1071 2996 ille
1089 2959 1151 2997 ita
1162 2958 1371 3011 fcripffslet
1379 2991 1391 3010 ,
1421 2974 1471 2998 an
1491 2960 1796 3014 hujusmodtstoi

61 3007 244 3060 finxtffet
272 3012 512 3066 conjeft'uras
531 3043 541 3061 ,
572 3015 633 3051 cui
668 3011 789 3052 lectae
818 3011 936 3064 effent
966 3011 1361 3066 ALLQUAN‘DO
1394 3014 1521 3056 AUT
1543 3016 1801 3058 SALTEM

76 3061 303 3105 OBITER
335 3068 363 3107 Ι
363 3059 562 3108 NSPEC
565 3067 685 3108 TAE
715 3066 980 3121 Hexaplorum
1009 3067 1433 3109 Montfalconianorum
1471 3069 1564 3109 illae
1597 3070 1797 3124 paginae?

75 3130 114 3170 p.
149 3118 184 3156 8.
215 3117 424 3170 Clariffime
443 3130 602 3175 apparet
615 3153 627 3171 ,
656 3135 714 3160 me
734 3122 815 3161 loca
835 3121 907 3162 illa
928 3121 1008 3162 Cel.
1039 3121 1317 3173 Monfalconii,
1347 3126 1389 3163 in
1410 3122 1545 3178 quibus
1559 3125 1798 3164 Bafiliensem

76 3171 271 3214 Codicem
297 3177 493 3228 nominat,
524 3190 643 3231 neque
668 3177 869 3231 inspexzffe
896 3186 1002 3224 tum,
1031 3191 1150 3232 neque
1168 3179 1209 3218 in
1226 3186 1349 3218 mente
1376 3177 1556 3232 habuiffe.
1582 3192 1620 3232 p.
1654 3191 1714 3218 10.
1743 3192 1799 3217 re-

1685 3232 1801 3287 spon·
