1976 3519
412 241 1399 287 PROLEGOMENA.
1734 259 1808 299 171

84 363 110 386 ‚‚
135 336 263 376 stiores
294 331 480 374 destinata
509 331 615 381 sunt,
645 342 758 384 quam
788 340 830 368 ut
856 328 896 367 in
919 326 1096 367 Archivis
1127 327 1337 379 serventur,
1367 341 1549 384 tanquam
1572 331 1612 371 in
1633 330 1811 385 sepulcris

87 422 112 442 „
140 389 343 438 cadavera,
375 391 415 427 ὃς
437 388 534 427 inter
553 398 698 426 vermes
716 385 755 423 in
776 382 845 423 fitu
866 385 906 421 δε
926 382 1080 435 pulvere
1096 382 1268 434 jaceant,
1299 384 1488 436 quosdam
1520 385 1690 428 Codices
1717 402 1811 428 con-

82 472 115 496 „
141 444 236 485 fului
246 475 258 494 ,
289 447 327 482 &
355 456 402 483 ex
427 442 498 481 illis
528 439 759 494 quandoque
788 437 839 479 V.
868 438 911 477 L.
942 436 1053 491 selegi
1085 438 1238 490 publico
1268 439 1508 480 offerendam
1540 464 1600 472 ----
1631 454 1673 482 ut
1692 474 1703 493 ,
1743 445 1810 498 qui

84 527 112 550 ‚,
138 499 285 552 judicio
306 498 467 551 pollent,
497 509 568 548 pro
590 508 628 534 re
649 506 737 533 nata
757 492 819 532 illa
838 503 999 532 utantur.
1039 493 1204 532 Primum
1226 492 1314 532 MS.
1342 506 1417 545 ego
1443 495 1500 534 bis
1522 497 1666 537 contuli
1686 512 1811 552 repet-

85 581 111 605 „
141 567 222 594 tum
239 554 278 593 in
301 551 536 593 Bibliotheca
556 548 724 602 Collegii
744 546 1176 611 Magdalenaepxonii.
1230 547 1425 587 Secundus
1444 550 1498 589 est
1529 550 1614 591 MS.
1644 553 1811 593 Alexan-

84 640 111 660 „
140 608 294 658 drinus,
322 607 451 647 tertius
481 605 606 644 Bezae
634 600 978 655 Cantabrigienfis‚
1008 615 1173 655 quorum
1200 601 1251 642 V.
1282 602 1324 642 L.
1355 616 1504 644 mecum
1531 609 1813 649 communicare

87 695 113 714 ,‚
143 663 320 718 dignatus
337 661 390 701 est
409 657 757 700 Reverendiss'irnus
779 655 1098 709 Archiepiscopus
1119 656 1390 697 Armachanus.
1447 659 1648 714 Quicquid
1678 676 1724 702 ex
1748 664 1814 703 ali-

86 745 112 769 ,‚
143 732 222 772 quo
241 717 375 756 horum
395 714 571 754 codicum
590 712 747 765 cognitu
771 711 861 752 utile
883 711 1001 751 visum
1022 711 1099 760 est,
1132 712 1170 750 in
1193 726 1364 766 margine
1392 713 1564 755 interiori
1591 716 1701 768 hujus
1728 717 1812 758 libri

86 800 112 822 ,‚
141 771 357 812 translatum
375 773 415 808 &
433 783 455 809 e
475 769 630 822 regione
647 767 790 807 Textui
808 766 1023 820 appositum
1043 766 1274 819 conspicitur
1285 769 1317 807 '’.
1364 767 1411 807 In
1430 768 1519 821 ipfis
1539 771 1811 812 Annotationi-

87 828 154 867 bus
173 825 386 879 frequenter
404 823 574 877 Vulgato
584 821 728 863 Textui
751 821 860 861 aliam
879 821 1104 861 Leaionem
1125 820 1308 874 praefert,
1339 834 1402 863 aut
1421 822 1550 864 saltem
1570 827 1811 880 aequiparat:

88 879 299 935 aliquando*
322 878 436 920 etiam
458 878 628 918 Textum
648 891 694 917 ex
714 877 931 930 conjectura
948 875 1151 915 emendare
1171 890 1250 915 non
1272 876 1472 918 dubitavit.

141 949 180 985 4.
208 937 272 975 ΛΟ.
306 937 424 983 1657.
455 931 630 972 Brianus
652 931 859 972 Waltonus
888 932 928 970 in
947 930 1175 984 Polyglottis
1195 932 1500 974 Londinensibus
1518 935 1692 987 expreffit
1710 936 1813 978 Tex-

87 1002 167 1031 tum
196 989 250 1030 N.
278 988 328 1029 T.
353 989 460 1042 juxta
489 987 711 1027 Editionem
743 985 927 1040 Stephani
954 986 1124 1026 tertiam:
1155 987 1193 1025 in
1221 987 1354 1026 Tomo
1381 1001 1507 1029 autem
1541 989 1646 1032 sexto
1669 991 1810 1043 adjecit

85 1046 138 1085 V.
169 1045 212 1085 L.
243 1057 322 1084 non
353 1055 500 1083 tantum
528 1042 794 1096 Stephanicas‚
825 1044 864 1080 ὃ(
894 1041 1020 1080 Bezae
1045 1054 1091 1081 ex
1122 1040 1254 1081 Codd.
1285 1042 1590 1097 Cantabrigiensi
1613 1049 1653 1086 &
1675 1047 1813 1087 Claro-

88 1110 294 1148 montano,
325 1098 388 1139 sed
407 1099 521 1138 etiam
547 1111 593 1137 ex
612 1097 724 1137 variis
751 1095 863 1136 MSS.
893 1095 1025 1136 Codd.
1054 1096 1298 1149 Anglicanis‚
1328 1110 1426 1151 quos
1457 1113 1599 1153 magno
1626 1102 1810 1143 exhausto

87 1155 213 1195 labore
241 1167 328 1194 cum
358 1152 469 1194 editis
499 1153 557 1192 vel
588 1151 666 1205 ipse
693 1151 854 1192 contulit
882 1150 940 1191 vel
968 1150 1223 1191 conferendos
1247 1153 1390 1193 curavit
1420 1153 1598 1205 Jacohus
1627 1156 1812 1210 Ufferim‚

88 1209 204 1250 Varia
224 1221 350 1249 tamen
373 1208 435 1248 hic
456 1206 738 1257 desiderantur,
768 1220 856 1245 nam
875 1205 1000 1259 primo
1021 1219 1067 1245 ex
1086 1206 1264 1246 omnibus
1283 1206 1360 1247 istis
1380 1207 1593 1250 Codicibus
1612 1211 1652 1250 in
1673 1214 1814 1266 Anglia

86 1265 242 1318 repertis
262 1277 310 1304 ne
327 1277 422 1304 unus
443 1261 598 1316 quidem
619 1262 703 1302 satis
724 1261 888 1301 vetustus
910 1273 972 1300 aut
993 1260 1147 1314 alicujus
1169 1261 1380 1302 autoritatis
1398 1263 1471 1312 est,
1485 1263 1574 1304 dein
1589 1265 1729 1307 Codex
1748 1274 1814 1308 61.

87 1317 320 1372 Montfortii
348 1316 490 1367 diuus,
521 1318 586 1370 qui
606 1328 729 1357 totum
749 1315 805 1356 N.
826 1316 878 1356 T.
907 1316 1101 1365 continet,
1132 1330 1212 1355 non
1235 1316 1302 1355 nisi
1334 1317 1372 1356 in
1396 1317 1611 1373 Evangeliis
1642 1324 1682 1360 &
1703 1323 1814 1364 Adtis

87 1388 173 1415 curn
194 1373 304 1414 editis
319 1373 476 1413 collatus
495 1372 570 1422 est,
600 1372 781 1425 negleffis
803 1370 981 1424 Epistolis
1001 1384 1088 1411 cum
1112 1371 1364 1425 Apocalypsi3
1395 1372 1562 1427 denique
1595 1375 1728 1426 Velefii
1764 1377 1811 1419 V.

87 1429 131 1470 L.
152 1441 332 1482 tanquam
351 1442 397 1469 ex
418 1427 577 1468 Graecis
595 1427 810 1468 Codicibus
826 1437 1024 1479 excerptae
1047 1438 1334 1480 proponuntur,
1365 1441 1458 1482 quas
1478 1429 1528 1469 ad
1553 1430 1713 1473 Latinos
1733 1443 1816 1473 tan-

89 1496 170 1525 tum
192 1482 324 1524 Codd.
355 1483 543 1537 pertinere
563 1482 670 1536 supra
699 1496 736 1535 p.
773 1495 833 1530 59.
864 1481 1116 1535 probavimus.
1709 1490 1722 1501 “

149 1551 181 1587 5.
209 1540 274 1579 ΑΟ.
311 1539 429 1588 1658.
457 1536 678 1592 Stephanus
699 1536 947 1577 Curcellaeus
971 1535 1094 1576 edidit
1115 1537 1169 1577 N.
1199 1537 1249 1578 T.
1279 1552 1365 1578 cum
1386 1537 1436 1587 V.
1467 1539 1499 1579 L
1539 1540 1578 1580 in
1612 1553 1684 1592 12,
1716 1557 1814 1597 quae

88 1593 208 1634 editio
236 1593 320 1646 post
348 1592 460 1647 ipfius
484 1605 646 1632 mortem
677 1604 756 1642 ter,
784 1594 894 1632 annis
925 1605 1063 1645 nempe
1098 1598 1201 1640 1675
1228 1623 1238 1642 ,
1284 1594 1393 1644 1685
1424 1625 1435 1643 ,
1465 1598 1504 1633 &
1538 1600 1656 1646 1699.
1687 1600 1816 1652 praelo

89 1649 252 1702 subjesta
269 1648 388 1689 rursus
408 1647 488 1688 fuit.
545 1647 759 1687 Consilium
780 1647 886 1687 suum
908 1649 946 1685 &
968 1647 1153 1687 rationem
1176 1648 1303 1700 operis
1323 1649 1362 1687 iri
1383 1649 1623 1691 Praefatione
1643 1653 1693 1692 ita
1727 1668 1815 1707 pro-

90 1704 231 1758 ponit:
264 1734 289 1754 „
320 1703 423 1744 Cum
442 1702 797 1752 animadverterem,
827 1703 971 1755 inquit,
1003 1702 1266 1756 cognitionem
1289 1701 1337 1743 V.
1358 1704 1401 1743 L.
1428 1704 1503 1744 effe
1524 1706 1635 1746 valde
1664 1709 1813 1760 utilem,

92 1789 119 1808 ‚,
149 1762 184 1797 ὃ(
206 1757 486 1811 propemodum
508 1755 770 1805 neceffariam,
799 1759 838 1795 &
860 1768 985 1795 tamen
1007 1770 1185 1809 magnam
1207 1770 1352 1808 partem
1381 1772 1509 1798 earum
1524 1786 1535 1804 ,
1564 1774 1658 1813 quas
1688 1776 1814 1805 vetera

94 1843 122 1864 „
151 1812 261 1853 MSS.
291 1813 511 1860 continent,
542 1812 580 1850 in
601 1811 796 1850 hodiernis
819 1810 1060 1850 Editionibus
1082 1809 1303 1860 desiderari,
1334 1825 1473 1864 operae
1495 1828 1555 1854 me
1576 1817 1739 1867 pretium
1762 1818 1816 1859 fa-

94 1895 121 1918 ,‚
148 1868 293 1908 &urum
323 1867 521 1906 arbitratus
551 1866 654 1910 sum,
684 1865 711 1904 si
734 1865 949 1920 colligerem
971 1879 1104 1905 omnes
1124 1893 1134 1910 ‚
1166 1879 1258 1919 quas
1289 1866 1329 1905 in
1358 1866 1514 1909 diverfis
1542 1872 1817 1925 exemplaribus

94 1953 121 1974 „
149 1923 317 1962 invenire
336 1921 501 1974 possem,
532 1924 571 1959 δε
592 1933 714 1960 novae
735 1919 897 1960 editioni
919 1920 1121 1973 adjicerem
1135 1923 1166 1960 ''.

149 1978 274 2017 Docet
306 1976 446 2016 deinde
476 1976 514 2014 in
535 1975 662 2015 Textu
683 1974 720 2014 se
740 1974 949 2027 expressisse
977 1974 1175 2028 superioris
1195 1977 1377 2030 temporis
1399 1977 1651 2021 Elzevirianas
1679 1982 1816 2023 editio-

96 2045 185 2079 neS;
215 2033 254 2071 in
275 2032 348 2071 ima
369 2045 459 2070 vero
479 2031 617 2084 pagina
633 2029 838 2070 exhibuiffe
860 2030 909 2069 V.
929 2029 971 2069 L.
1002 2044 1080 2069 non
1103 2042 1250 2070 tantum
1273 2045 1364 2085 quas
1381 2032 1553 2074 ediderat
1578 2035 1817 2090 Stephanus,

97 2087 259 2140 aliasque
287 2086 366 2139 ejus
395 2085 631 2139 conjecturas
651 2119 660 2134 ‚
691 2088 729 2124 &
758 2099 803 2125 ex
836 2085 1025 2125 Erasmica
1056 2088 1095 2123 ὃ(
1124 2085 1390 2137 complutensi
1420 2088 1596 2130 collec‘tas
1626 2092 1821 2142 editione,

97 2155 226 2182 verum
246 2142 358 2182 etiam
378 2155 424 2180 ex
444 2153 605 2194 quatuor
625 2139 837 2180 Codicibns
856 2140 988 2189 MSS„
1018 2140 1196 2180 nimirum
1226 2141 1373 2192 Bezae,
1403 2157 1517 2196 quern
1549 2145 1819 2188 Claromonta-

99 2210 189 2236 num
211 2197 272 2236 ille
291 2208 512 2245 vocaverat,
542 2195 793 2248 Epistolarum
823 2195 1084 2245 Paulinarum,
1115 2196 1329 2237 Tliuanaeo
1351 2199 1466 2238 totius
1488 2198 1545 2238 N.
1578 2200 1628 2241 T.
1660 2201 1687 2242 si
1716 2205 1820 2244 Mat-

100 2251 252 2291 thaeum
273 2251 496 2300 detraxeris,
520 2250 788 2289 Mazariniano
811 2249 879 2289 IV.
900 2251 1193 2304 Evangeliorum
1217 2264 1304 2291 ante
1325 2253 1570 2308 octingentos
1593 2270 1716 2298 annos
1736 2258 1821 2299 scri-

101 2318 170 2360 pto
190 2311 228 2345 &
252 2306 591 2359 Constantinopoli
612 2306 746 2351 allato,
779 2320 848 2345 nec
869 2319 948 2345 non
967 2319 1008 2345 ex
1031 2305 1105 2345 alio
1128 2306 1211 2346 MS.
1241 2307 1367 2347 adhuc
1389 2309 1599 2350 vetustiore.

155 2361 279 2401 Addit
297 2375 433 2414 porro,
462 2374 502 2401 ut
524 2361 665 2415 vulgari
685 2361 897 2414 objeelioni·
913 2374 1144 2401 occurreret:
1173 2395 1196 2411 ‚‚
1220 2361 1358 2401 Fateor
1380 2365 1648 2417 exemplarium
1674 2369 1822 2410 nostro-

102 2442 127 2466 „
159 2430 239 2455 rum
260 2416 474 2469 scripturam
499 2417 718 2469 plerumque
741 2416 932 2454 meliorem
953 2415 1026 2455 effe
1048 2430 1112 2464 ea,
1143 2431 1257 2469 quarn
1280 2417 1330 2457 V.
1350 2418 1392 2458 L.
1424 2420 1625 2472 exhibent,
1657 2423 1719 2463 sed
1742 2438 1822 2464 non

101 2501 127 2520 „
156 2470 308 2523 semper.
364 2470 535 2524 Ideoque
566 2472 707 2510 Textui
735 2471 818 2510 sunt
842 2470 1079 2522 adjiciendae
1101 2502 1111 2520 ,
1154 2483 1193 2511 ut
1226 2473 1426 2526 unicuique
1457 2475 1681 2530 intelligenti
1709 2479 1823 2519 libera

103 2555 128 2574 „
157 2526 384 2579 relinquatur
404 2524 579 2575 facultas,
610 2540 723 2578 quani
745 2526 868 2574 volet,
890 2525 1057 2580 eligendi
1077 2538 1138 2566 aut
1160 2527 1366 2578 rejiciendi.
1424 2530 1547 2581 Qiod
1561 2546 1651 2572 vero
1663 2546 1823 2586 praeter.

104 2607 130 2630 ,‚
159 2595 202 2620 ea
230 2581 385 2634 quidam
415 2583 594 2629 atterunt,
626 2581 666 2619 id
686 2579 759 2620 effe
780 2581 935 2620 noxium
952 2607 962 2624 ‚
992 2592 1124 2632 utpote
1143 2581 1249 2634 quod
1271 2581 1521 2636 suspicionem
1540 2587 1711 2641 ingerere
1739 2589 1826 2642 pos-

103 2662 130 2685 „
160 2635 222 2684 fit,
253 2636 469 2688 scripturam
492 2636 602 2675 Novi
625 2635 788 2675 foederis
812 2637 863 2674 ita
885 2634 958 2675 ess'e
977 2648 1217 2688 corruptam,
1248 2650 1289 2677 ut
1309 2650 1431 2678 tutum
1456 2654 1535 2679 non
1558 2641 1601 2681 sit
1623 2643 1674 2682 illi
1707 2643 1824 2684 fidem

105 2720 130 2740 „
158 2690 356 2740 adhibere,
388 2689 493 2729 facile
513 2690 675 2730 diluitur.
734 2692 840 2730 Nam
860 2702 991 2729 contra
1013 2692 1138 2743 potius
1161 2694 1415 2744 corruptionis
1445 2693 1611 2747 suspeeta
1642 2697 1732 2739 eslet
1761 2700 1826 2739 ha-

104 2774 130 2794 „
160 2745 280 2785 benda
303 2777 313 2795 ,
345 2745 369 2785 si
398 2745 447 2786 V.
477 2745 519 2785 L.
550 2745 704 2785 omissae
735 2745 860 2785 forent
878 2776 889 2794 ,
919 2745 1006 2798 quia
1040 2746 1297 2799 ignoraremus
1316 2781 1324 2794 ‚
1357 2762 1404 2787 an
1433 2763 1561 2790 veram
1591 2751 1826 2794 haberemus.

106 2826 130 2849 ‚,
163 2800 235 2840 Sed
266 2799 441 2840 omnibus
468 2799 669 2854 diligenter
698 2801 887 2840 annotatis
918 2801 1007 2839 certi
1040 2800 1231 2853 possumus
1262 2802 1356 2851 csse,
1387 2818 1513 2844 veram
1546 2820 1701 2861 quoque
1728 2810 1827 2849 inter

108 2884 133 2903 „
162 2854 238 2894 illas
259 2867 445 2908 repertum
468 2855 535 2905 iri,
566 2859 605 2894 δε
629 2868 804 2895 accurato
824 2855 943 2895 solum
964 2859 1135 2895 examine
1156 2870 1252 2908 opus
1271 2857 1366 2901 effe,
1398 2871 1438 2898 nt
1460 2874 1480 2899 a
1515 2855 1612 2901 falsis
1640 2862 1829 2903 discerna-

108 2937 134 2956 „
162 2920 229 2948 tur.
283 2909 511 2962 Optandum
529 2909 684 2963 quidem
705 2911 815 2960 effet,
845 2922 885 2950 ut
904 2910 1004 2949 nulla
1025 2910 1218 2951 diversitas
1241 2912 1466 2953 Lestionuni
1487 2915 1525 2954 in
1547 2916 1622 2956 hoc
1644 2918 1742 2957 libro
1768 2919 1826 2957 in-

112 2988 137 3010 „
166 2964 372 3009 veniretur,
401 2967 439 3002 &
461 2976 502 3004 ut
521 2979 676 3015 omnes,
706 2967 772 3018 qui
791 2979 877 3005 eum
899 2964 1192 3017 descripserunt,
1220 2977 1297 3006 tam
1330 2966 1490 3009 fideliter
1518 2974 1554 3007 δε
1584 2985 1753 3012 accurate
1782 2974 1823 3012 in

112 3046 137 3065 „
168 3016 237 3055 isto
274 3032 387 3070 opere
416 3018 452 3058 se
480 3019 687 3072 gestissent,
718 3032 758 3060 ut
786 3020 913 3059 cun&i
936 3020 1104 3061 Lodices
1129 3021 1178 3060 ad
1197 3035 1361 3074 unguem
1381 3023 1478 3063 inter
1498 3024 1534 3065 se
1551 3027 1805 3067 consentirent
1815 3049 1828 3075 ;

111 3101 137 3120 „
167 3069 230 3109 sed
260 3072 570 3125 quandoquidem
599 3088 656 3114 res
685 3074 789 3114 aliter
820 3074 856 3114 se
879 3074 991 3119 habet
1008 3105 1019 3124 ‚
1050 3078 1088 3114 ὅ(
1116 3076 1195 3128 jam
1216 3077 1262 3114 ab
1285 3078 1450 3130 antiquis
1480 3079 1609 3120 seculis
1637 3082 1825 3135 quaedam

112 3155 137 3176 „
166 3125 248 3165 loca
268 3139 347 3167 non
368 3127 506 3169 eodem
525 3128 646 3170 modo
662 3129 703 3169 in
722 3130 899 3172 omnibus
920 3131 1193 3227 exssnplaribus
1212 3130 1308 3172 lesta
1334 3131 1440 3182 sunt,
1469 3146 1511 3174 ut
1531 3135 1663 3188 paffim
1693 3135 1827 3175 testan-

1049 3198 1069 3225 2
1714 3218 1739 3239 „
1769 3199 1828 3230 tur
