1976 3519
462 249 1455 294 PROLEGOMENA'.
1742 268 1817 308 113

86 346 104 347 ‘⁷
140 338 320 382 conversa
349 338 432 381 sunt
458 350 631 391 tempore
657 337 742 390 piae
769 335 975 376 memoriae
994 335 1121 376 Sancti
1140 335 1359 377 Philoxeni
1378 336 1618 379 confessoris
1636 339 1819 394 Episcopi

86 375 112 394 ³,
143 399 181 438 in
213 395 379 449 Mabug:
407 394 565 434 collatus
593 403 720 431 autem
750 390 804 430 est
832 390 950 430 multa
982 404 1069 430 cum
1087 390 1383 431 sollicitudinffa
1402 407 1464 433 me
1483 392 1632 433 Thoma
1652 408 1819 449 paupere

87 429 114 449 '⁵
143 465 229 492 cum
251 448 460 505 exemplari
482 448 633 486 Graeco
654 457 829 486 accurato
849 449 889 484 &
910 445 1040 499 probo
1055 446 1219 485 Antonii
1238 447 1277 485 in
1300 447 1530 487 Alexandria
1553 449 1644 490 urbe
1665 464 1817 505 magna,

88 484 115 504 ’⁹
145 508 185 547 in
216 503 445 546 monasterio
475 501 615 541 Sancto
647 502 897 547 Antonian03
937 499 1030 540 sicut
1048 499 1194 540 necesse
1212 500 1267 540 est
1288 501 1327 540 in
1349 501 1520 555 quolibet
1539 502 1637 544 libro
1657 519 1820 560 compo-

88 538 114 559 „
144 561 275 601 nendo
287 562 319 598 ”.
348 557 518 610 Prologo
538 555 706 609 denique
728 554 1108 608 Euthalii‚Epistolis
1129 555 1295 595 Paulinis
1307 555 1497 609 praefixo,
1510 557 1684 606 additur:
1713 591 1738 610 ‚,
1753 562 1818 603 ΑΟ,

88 593 115 667 :³
144 628 238 668 927.
266 611 475 656 Alexandri
494 610 724 651 Macedonis
742 609 865 663 scripsi
884 623 959 664 ego
978 623 1024 649 ex
1046 609 1200 650 Graeco
1211 610 1251 650 in
1262 610 1359 665 Syro
1369 610 1541 652 sermone
1553 614 1586 653 ''.
1617 613 1662 652 In
1677 617 1817 669 margi-

89 686 138 712 ne
169 683 260 710 vero
280 666 535 722 Epistolarum
554 665 794 706 Paulinarum
818 664 979 704 duorum
999 664 1178 704 codicum
1199 665 1437 706 Graecorum
1458 666 1549 707 facit
1570 669 1817 712 mentionem.

145 725 254 765 Idem
286 724 387 764 Rev.
416 719 556 767 Ridley
580 718 744 773 poffidet
763 719 878 760 alium
896 719 1091 759 Codicem
1111 719 1167 759 N.
1196 720 1247 760 T.
1275 721 1705 777 membranaceum‚qui
1725 739 1819 765 con-

89 781 185 822 tinet
203 791 283 819 tum
303 776 532 831 Evangelia,
545 774 678 816 demto
698 774 837 815 Marco
852 777 892 814 &
912 774 1038 815 Lucae
1055 774 1168 814 initio
1188 774 1238 814 ad
1251 774 1322 815 IX.
1335 777 1369 816 8.
1381 806 1394 826 ‚
1424 775 1621 817 Versionis
1632 779 1818 832 posterio—

86 837 158 880 ris,
189 837 228 873 &
258 833 380 877 Asta,
407 844 496 871 cum
523 830 641 870 tribus
670 829 886 870 Catholicis
917 832 957 869 &
977 828 1267 883 quatuordecim
1300 831 1407 872 Pauli
1425 832 1594 886 epistolis
1613 833 1818 875 desinenti-

87 891 154 930 bus
185 889 225 928 in
255 887 356 928 Heb.
387 885 478 927 XII.
510 898 545 936 7.
573 883 772 925 Verfionis
800 885 947 938 prioris.
1002 884 1094 925 Post
1123 885 1328 940 Evangelia
1357 885 1408 927 de
1425 887 1632 929 Matthaeo
1652 887 1817 944 loquens

85 955 196 985 notat
224 955 346 993 „cum
375 940 529 994 reliquis
558 940 674 981 trium
704 939 1028 993 Evangelistarum
1052 938 1146 979 locis
1176 944 1214 979 &
1240 955 1328 981 cura
1359 940 1463 982 fideli
1494 954 1609 997 atque
1642 958 1816 986 accurata

86 1030 114 1051 ‚,
141 998 322 1040 Thomae
352 994 606 1037 Heracliensis
631 1008 676 1034 ex
706 1006 870 1048 quatuor
896 994 1171 1047 exemplaribus
1195 996 1364 1047 probatis
1390 1010 1583 1048 curatum,
1612 999 1727 1040 etiam
1742 1014 1811 1054 per

86 1085 112 1105 ,‚
139 1066 273 1094 manus
293 1050 521 1102 Barsc’zlibae
539 1049 807 1090 confirmatum
826 1052 865 1088 &
883 1048 1093 1103 perfeetum
1115 1049 1231 1091 fuiss'e.
1289 1051 1390 1092 Laus
1409 1053 1498 1093 Deo
1518 1054 1585 1107 qui
1595 1053 1705 1095 dedit
1716 1057 1815 1097 vires

85 1140 112 1160 ‚,
141 1107 342 1149 servis'suis
360 1109 399 1146 &
421 1104 686 1159 sapientiam''.
741 1104 858 1145 Item:
888 1135 915 1155 ,‚
944 1105 1087 1145 Iterum
1115 1104 1275 1158 scriptae
1306 1105 1392 1147 sunt
1409 1107 1614 1149 Lectiones
1633 1109 1816 1152 collectae

85 1195 112 1215 ,‚
139 1178 184 1205 ex
207 1161 278 1203 IV.
307 1161 522 1215 Evangeliis
551 1161 668 1202 torius
686 1158 957 1201 Hebdomadis
976 1159 1125 1201 sanstae
1144 1160 1329 1201 Passionis
1343 1162 1452 1215 juxta
1470 1159 1681 1204 editiohem
1702 1166 1815 1206 Tho-

84 1250 112 1270 „
139 1233 223 1260 mae
249 1215 548 1258 Heraclienfis”.·
603 1215 746 1256 Similia
774 1215 928 1268 reperiit
946 1216 984 1254 in
1003 1215 1085 1256 aliis
1101 1215 1281 1256 versronis
1303 1216 1478 1271 Syriacae
1496 1219 1713 1271 posterioris
1733 1220 1816 1262 Co-

84 1274 231 1315 dicibus
258 1272 370 1313 MSS.
398 1269 549 1326 Jofeph
578 1271 774 1312 simonius
810 1270 1046 1322 Assemanus
1077 1270 1340 1312 Bibliothecae
1370 1272 1580 1314 Orientalis
1605 1274 1658 1314 T.
1701 1289 1734 1316 2.
1763 1290 1813 1317 eo

81 1328 320 1374 discrimine,
351 1320 459 1381 quod
486 1325 695 1379 Evangelia
726 1339 808 1365 non
838 1336 880 1365 ut
900 1325 939 1365 in
958 1325 1089 1366 nostro
1110 1329 1149 1365 &
1169 1325 1362 1367 Parifienfi
1382 1326 1518 1368 codice
1536 1343 1623 1370 cum
1643 1329 1811 1381 duobus,

84 1383 147 1425 sed
166 1398 250 1424 cum
272 1380 398 1423 tribus
418 1380 631 1423 Codicibus
655 1381 815 1421 Graecis
834 1380 970 1422 collata
987 1379 1094 1421 suissi:
1116 1380 1272 1429 dicunt-,
1301 1382 1419 1437 idque
1430 1383 1589 1434 rectius,
1602 1399 1687 1425 cum
1697 1387 1813 1427 etiarn

83 1440 122 1479 in
141 1439 294 1488 nostro,
315 1451 395 1492 quo
414 1436 468 1478 usi
485 1436 632 1487 sumus,
660 1435 867 1490 exemplari
885 1435 936 1477 ad
956 1436 1101 1477 Matth.
1130 1435 1328 1477 XXVIII.
1366 1451 1400 1490 5.
1428 1450 1504 1478 tres
1525 1438 1664 1480 Graeci
1688 1442 1813 1483 Codi-

81 1507 144 1535 ces
163 1492 298 1535 diserte
316 1493 488 1534 citentur.
924 1531 926 1533 ,

139 1549 248 1589 Haec
277 1563 370 1604 ergo
397 1547 531 1589 Versio
551 1547 736 1601 posterior
755 1546 859 1588 edita
880 1547 934 1588 est
955 1549 1020 1587 ΛΟ.
1060 1552 1150 1596 506.
1177 1548 1277 1603 jussu
1301 1547 1521 1589 ‘Philoxeni
1542 1550 1620 1592 five
1638 1552 1814 1607 Xenajac

81 1603 251 1659 episcopi
271 1603 548 1658 Hierapoleos‚
580 1606 619 1642 &
641 1614 772 1643 autore
794 1602 1012 1656 Polycarpo
1034 1603 1238 1643 Philoxeni
1259 1604 1579 1659 Chorepiscopo,
1617 1608 1724 1660 cujus
1744 1624 1815 1649 no-

82 1673 171 1699 men
183 1673 233 1700 ex
254 1658 363 1712 ,Mose
382 1658 601 1713 Aghelaeo,
630 1657 823 1711 Scriptore
841 1657 954 1698 seculi
972 1657 1307 1714 Sexti‚diligentia
1327 1659 1519 1700 Assemani
1537 1662 1634 1702 eruit
1654 1662 1690 1702 d.
1720 1664 1742 1704 l.
1775 1678 1812 1717 p.

85 1716 149 1754 82.
202 1716 256 1755 At
281 1713 331 1754 de
365 1715 509 1754 Autore
542 1713 785 1754 variantium
813 1713 1043 1753 Leffionum
1064 1716 1103 1752 δε
1131 1713 1324 1766 {ignorum
1354 1715 1615 1768 appositorum
1647 1717 1814 1771 disputa-

81 1779 160 1818 tur,
189 1781 314 1809 utrum
331 1766 411 1808 duo
433 1766 593 1812 fuerint,
622 1780 670 1806 an
690 1780 796 1806 unus.
825 1766 910 1820 Syri
928 1766 1086 1820 quidem
1106 1767 1444 1822 scriptores‚apud
1468 1771 1727 1823 Assemanum,
1741 1787 1808 1814 no-

84 1824 199 1864 strum
219 1823 415 1864 Thomam
436 1835 640 1876 pauperem
673 1824 712 1861 &
740 1820 939 1861 Thomam
962 1822 1230 1863 Germaniciae
1255 1823 1477 1877 episcopum
1500 1825 1702 1867 manifesto
1721 1843 1814 1869 con-

84 1877 270 1928 fundunt,
299 1877 407 1931 quod
433 1878 529 1916 ratio
561 1889 778 1930 temporum
807 1889 889 1916 non
917 1877 1079 1930 patitur,
1107 1891 1194 1917 cum
1216 1879 1343 1918 noster
1362 1879 1497 1919 vixerit
1519 1882 1584 1921 ΑΟ.
1616 1887 1721 1930 615:
1751 1884 1814 1923 hic.

84 1947 175 1973 vero
203 1932 402 1973 Philoxeni
435 1931 693 1985 Hierapoleos
731 1934 771 1970 &
802 1931 932 1972 Severi
965 1932 1203 1972 Antiocheni
1235 1932 1400 1986 aequalis
1435 1934 1548 1974 initio
1575 1935 1686 1976 seculi
1709 1939 1813 1980 Sexti

81 1988 263 2029 claruerit.
319 1985 443 2027 Unde
473 1986 535 2026 alii
564 1986 800 2039 conjiciunt,
830 1984 1057 2028 Verlionern
1079 1987 1179 2026 hanc
1201 1987 1392 2041 Syriacam
1413 1988 1470 2028 bis
1489 2004 1576 2029 cum
1599 1991 1814 2035 Codicibus

85 2043 242 2083 Graecis
263 2041 368 2082 fuisse
388 2041 566 2082 collatam
580 2073 590 2090 ,
619 2040 730 2082 semel
750 2055 772 2081 a
791 2039 952 2081 Thoma
974 2041 1243 2083 Germaniciae
1256 2042 1599 2097 Episcopo‚p·aulo
1611 2046 1814 2102 postquam

82 2097 207 2139 fuiffet
226 2097 353 2147 edita,
385 2097 576 2138 &iterum
594 2107 748 2137 centum
767 2096 877 2136 annis
903 2096 1033 2149 postea
1054 2112 1075 2137 a
1094 2096 1253 2137 Thoma
1274 2098 1521 2139 Heraclienfi.
1585 2102 1690 2141 Mihi
1712 2104 1814 2145 secus

81 2152 252 2198 videtur3
281 2166 369 2192 cum
387 2154 511 2202 enim,
543 2162 585 2192 ut
605 2165 627 2192 e
645 2151 876 2206 Polyglottis
886 2151 1243 2202 constat‚Thomas
1254 2152 1508 2195 Heraclienfis
1517 2155 1630 2195 etiam
1647 2157 1814 2199 Histori-

79 2222 142 2248 am
160 2208 349 2249 susannae
368 2221 414 2247 ex
437 2207 590 2248 Graeco
611 2206 763 2262 Syriace
785 2207 1038 2256 converterit,
1050 2221 1213 2261 cumque
1223 2207 1363 2249 eodem
1374 2223 1479 2249 anno
1492 2211 1700 2252 Alexandri
1718 2226 1765 2259 92
1774 2227 1809 2264 7.

81 2264 104 2302 i.
132 2277 164 2304 e.
195 2262 340 2303 Christi
361 2265 454 2312 615.
485 2277 564 2317 quo
586 2262 642 2302 N.
670 2262 723 2302 T.
752 2265 887 2302 iterum
908 2261 1089 2302 collatum
1104 2262 1180 2313 est,
1210 2264 1324 2303 etiam
1346 2264 1812 2321 libriJosuae,Judicum‚

82 2319 238 2372 Regum
256 2349 268 2369 ,
306 2318 703 2372 Paralipomenorum,
733 2316 868 2366 Esrae,
897 2317 1087 2367 Estheris‚
1110 2318 1318 2371 Judithae,
1346 2318 1522 2370 Tobiae,
1554 2325 1592 2360 ὃ(
1624 2323 1813 2365 Deutero-

84 2374 228 2424 nomn,
258 2369 511 2414 Alexandriae
542 2386 629 2413 cum
650 2372 1001 2423 obelis,asteriscis,
1030 2373 1275 2413 &lemniscis
1294 2374 1593 2428 Syriacefuerint
1611 2376 1812 2433 descripti,

82 2428 190 2481 quod
222 2428 374 2468 testatur
401 2429 456 2470 A.
490 2426 638 2479 Mafius
668 2427 787 2480 Epist·
824 2426 1002 2468 Dedicat.
1029 2431 1068 2467 &
1089 2428 1244 2481 praefat.
1271 2430 1311 2468 in
1327 2429 1485 2483 Josuam
1507 2444 1544 2484 p.
1579 2445 1691 2485 123.,
1721 2449 1812 2476 vero

83 2483 234 2524 similius
252 2483 326 2533 est,
356 2483 402 2522 ab
421 2497 500 2523 uno
515 2483 674 2522 Thoma
694 2482 929 2535 Heraclien-si
947 2483 1078 2523 omnia
1102 2483 1210 2524 fuisse
1230 2483 1411 2536 profecta.
1434 2486 1531 2539 Qio
1553 2486 1735 2538 admisso,
1755 2505 1812 2530 ra-

82 2539 138 2578 tio
167 2538 276 2579 reddi
306 2539 451 2591 potest,
493 2552 558 2578 cur
579 2537 657 2590 ipsa
681 2535 818 2592 Verfio
837 2536 964 2578 eidem
982 2537 1163 2578 Thomae
1183 2539 1389 2585 tribuatur,
1420 2541 1598 2581 nimirum
1620 2545 1708 2596 quia
1730 2559 1811 2585 non

82 2592 201 2633 solum
234 2606 279 2634 ex
313 2593 526 2633 Codicibus
557 2592 715 2632 Graecis
753 2592 845 2632 hinc
873 2592 965 2633 inde
994 2607 1110 2633 voces
1141 2596 1180 2632 &
1209 2594 1334 2634 versus
1353 2596 1523 2650 integros
1543 2596 1716 2648 addidit3
1747 2601 1812 2641 sed

83 2648 196 2689 etiarn
217 2649 256 2687 in
277 2645 325 2686 V.
354 2648 403 2688 T.
433 2648 645 2688 Historiam
665 2646 855 2688 Susannae
873 2647 951 2702 ipse
963 2648 1106 2701 primus
1129 2650 1329 2689 convertit.
1359 2651 1486 2691 Miror
1497 2664 1646 2703 autem,
1659 2666 1811 2696 tantum

40 2705 51 2713 s
84 2703 257 2757 cuiquam
279 2703 350 2743 otii
369 2702 496 2753 fuisse,
526 2714 568 2743 ut
587 2701 842 2743 Alexandriae
862 2702 1001 2743 eodem
1023 2717 1148 2754 anno,
1165 2718 1245 2757 quo
1266 2705 1313 2744 ab
1331 2706 1496 2746 exercitu
1515 2706 1674 2748 Cosrois
1686 2710 1814 2755 Persa-

85 2772 166 2798 rum
186 2757 308 2812 Regis
328 2758 414 2798 urbs
434 2770 544 2812 capta
562 2757 638 2807 est,
668 2757 835 2798 V.&N.
846 2757 896 2799 T.
926 2758 1062 2811 partim
1084 2761 1478 2814 convertcre‚partim
1489 2776 1575 2802 cum
1597 2764 1812 2806 Codicibus

86 2813 242 2853 Graecis
263 2811 497 2867 Syriacisque
514 2811 679 2866 operoso
698 2816 739 2852 δε
757 2813 918 2853 molesto
937 2812 1065 2853 labore
1084 2813 1262 2854 collatum
1285 2815 1474 2856 recensere
1491 2819 1669 2870 potuerit.
1721 2821 1766 2860 N
1770 2820 1811 2861 ifi

87 2866 112 2905 fi
134 2869 217 2920 quis
235 2867 427 2918 maluerit,
449 2867 710 2908 Collationem
733 2867 890 2922 quidem
911 2882 998 2908 cum
1020 2869 1138 2922 priori
1159 2869 1331 2910 versione
1352 2870 1504 2925 Syriaca
1525 2875 1565 2911 δε
1581 2887 1667 2915 curn
1687 2874 1813 2915 Codi-
1834 2894 1835 2897 ¹

86 2920 188 2961 cibus
208 2922 364 2971 Graecis
383 2923 544 2964 tribuere
565 2922 733 2964 Thomae
764 2922 1023 2973 Heraclienst3
1056 2924 1205 2964 Graeca
1224 2939 1318 2965 vero
1338 2927 1501 2980 margini
1521 2927 1710 2982 adscripta
1730 2930 1809 2982 Ja-

86 2974 171 3013 cobo
203 2976 387 3029 Episcopo
418 2978 624 3030 Edeffeno,
656 2978 723 3032 qui
740 2977 836 3018 obiit
868 2992 973 3018 anno
1002 2979 1120 3029 708.‚
1145 2993 1373 3033 argumento
1402 2981 1521 3022 dusto
1542 2996 1589 3023 ex
1612 2984 1813 3036 Affi’fflani

87 3029 130 3069 B.
161 3030 214 3069 O.
240 3030 293 3071 T.
319 3032 368 3072 II.
396 3046 433 3086 p.
462 3045 558 3084 499.
587 3033 652 3073 ubi
672 3034 772 3073 inter
792 3032 886 3073 alios
907 3032 1077 3074 Codices
1098 3033 1308 3075 Vaticanos
1327 3047 1481 3077 notatur
1510 3038 1812 3092 „JacobiEdes-

85 3114 112 3134 ‚‚
140 3083 414 3140 senirecensio
442 3090 481 3126 &
504 3088 704 3141 punitatio
724 3102 866 3128 vocum
884 3088 939 3128 N.
967 3088 1019 3128 T.
1047 3089 1155 3142 juxta
1170 3089 1399 3131 versionem
1427 3091 1611 3133 Thomae
1630 3094 1812 3133 Heracle-

83 3169 110 3189 „
138 3138 235 3179 enfis
244 3162 292 3170 --
303 3140 367 3180 ubi
386 3141 426 3181 in
446 3143 616 3196 margine
634 3143 792 3184 Graecis
811 3142 1033 3185 cubitalibus
1052 3144 1209 3186 vocibus
1229 3146 1412 3199 appositis
1422 3146 1637 3188 difficiliora
1648 3148 1812 3188 vocabu-

83 3223 110 3244 „
139 3193 174 3235 la
193 3194 345 3249 Syriaca
362 3195 596 3237 elucidantur
606 3200 641 3237 ’'.

967 3252 1000 3293 P
1732 3258 1811 3297 Di:
