<?xml version="1.0" encoding="UTF-8"?>
<!DOCTYPE html PUBLIC "-//W3C//DTD XHTML 1.0 Transitional//EN"
    "http://www.w3.org/TR/xhtml1/DTD/xhtml1-transitional.dtd">
<html xmlns="http://www.w3.org/1999/xhtml" xml:lang="en" lang="en">
 <head>
  <title>
</title>
<meta http-equiv="Content-Type" content="text/html;charset=utf-8" />
  <meta name='ocr-system' content='tesseract 3.04.00' />
  <meta name='ocr-capabilities' content='ocr_page ocr_carea ocr_par ocr_line ocrx_word'/>
</head>
<body>
  <div class='ocr_page' id='page_1' title='image "./hekainediatheken00clem_0139.png"; bbox 0 0 1976 3519; ppageno 0'>
   <div class='ocr_carea' id='block_1_1' title="bbox 456 225 1833 286">
    <p class='ocr_par' dir='ltr' id='par_1_1' title="bbox 456 225 1833 286">
     <span class='ocr_line' id='line_1_1' title="bbox 456 225 1833 286; baseline 0.001 -14"><span class='ocrx_word' id='word_1_1' title='bbox 456 225 1466 273; x_wconf 73' lang='lat' dir='ltr'>PROLOGOMENA.</span> <span class='ocrx_word' id='word_1_2' title='bbox 1749 244 1833 286; x_wconf 70' lang='grc' dir='ltr'>ιη</span> 
     </span>
    </p>
   </div>
   <div class='ocr_carea' id='block_1_2' title="bbox 70 312 1847 3300">
    <p class='ocr_par' dir='ltr' id='par_1_2' title="bbox 70 312 1847 1145">
     <span class='ocr_line' id='line_1_2' title="bbox 85 312 1847 374; baseline 0.003 -18"><span class='ocrx_word' id='word_1_3' title='bbox 85 318 267 374; x_wconf 80' lang='lat' dir='ltr'>pericopa</span> <span class='ocrx_word' id='word_1_4' title='bbox 285 315 624 358; x_wconf 81' lang='lat' dir='ltr'>minimumtricies&#39;</span> <span class='ocrx_word' id='word_1_5' title='bbox 637 312 832 354; x_wconf 74' lang='lat' dir='ltr'>aberrent.</span> <span class='ocrx_word' id='word_1_6' title='bbox 859 312 971 366; x_wconf 79' lang='lat' dir='ltr'>Qiin</span> <span class='ocrx_word' id='word_1_7' title='bbox 982 312 1098 353; x_wconf 90' lang='lat' dir='ltr'>etiam</span> <span class='ocrx_word' id='word_1_8' title='bbox 1108 313 1305 365; x_wconf 88' lang='lat' dir='ltr'>existimo,</span> <span class='ocrx_word' id='word_1_9' title='bbox 1321 316 1429 369; x_wconf 93' lang='lat' dir='ltr'>quod</span> <span class='ocrx_word' id='word_1_10' title='bbox 1447 328 1494 358; x_wconf 82' lang='lat' dir='ltr'>ex</span> <span class='ocrx_word' id='word_1_11' title='bbox 1515 329 1622 372; x_wconf 81' lang='lat' dir='ltr'>parte</span> <span class='ocrx_word' id='word_1_12' title='bbox 1637 318 1755 361; x_wconf 84' lang='lat' dir='ltr'>etiam</span> <span class='ocrx_word' id='word_1_13' title='bbox 1773 320 1847 362; x_wconf 90' lang='lat' dir='ltr'>su-·</span> 
     </span>
     <span class='ocr_line' id='line_1_3' title="bbox 84 367 1828 429; baseline 0.002 -15"><span class='ocrx_word' id='word_1_14' title='bbox 84 375 246 429; x_wconf 88' lang='lat' dir='ltr'>spicatus</span> <span class='ocrx_word' id='word_1_15' title='bbox 265 372 320 414; x_wconf 90' lang='lat' dir='ltr'>est</span> <span class='ocrx_word' id='word_1_16' title='bbox 339 370 575 424; x_wconf 82' lang='lat' dir='ltr'>Bengelius,</span> <span class='ocrx_word' id='word_1_17' title='bbox 594 368 682 410; x_wconf 90' lang='lat' dir='ltr'>alibi</span> <span class='ocrx_word' id='word_1_18' title='bbox 700 368 852 422; x_wconf 86' lang='lat' dir='ltr'>passim,</span> <span class='ocrx_word' id='word_1_19' title='bbox 873 369 913 407; x_wconf 90' lang='lat' dir='ltr'>in</span> <span class='ocrx_word' id='word_1_20' title='bbox 933 367 1011 407; x_wconf 89' lang='lat' dir='ltr'>hoc</span> <span class='ocrx_word' id='word_1_21' title='bbox 1029 369 1183 410; x_wconf 89' lang='lat' dir='ltr'>Codice</span> <span class='ocrx_word' id='word_1_22' title='bbox 1201 369 1427 412; x_wconf 88' lang='lat' dir='ltr'>Erasmiano</span> <span class='ocrx_word' id='word_1_23' title='bbox 1447 373 1828 417; x_wconf 86' lang='lat' dir='ltr'>Commentariorum</span> 
     </span>
     <span class='ocr_line' id='line_1_4' title="bbox 85 423 1831 484; baseline 0.002 -14"><span class='ocrx_word' id='word_1_24' title='bbox 85 429 287 478; x_wconf 81' lang='lat' dir='ltr'>Andreae,</span> <span class='ocrx_word' id='word_1_25' title='bbox 299 427 413 468; x_wconf 83' lang='lat' dir='ltr'>verba</span> <span class='ocrx_word' id='word_1_26' title='bbox 431 425 522 466; x_wconf 88' lang='lat' dir='ltr'>sacri</span> <span class='ocrx_word' id='word_1_27' title='bbox 540 434 742 465; x_wconf 89' lang='lat' dir='ltr'>contextus</span> <span class='ocrx_word' id='word_1_28' title='bbox 755 454 767 473; x_wconf 94' lang='lat'>,</span> <span class='ocrx_word' id='word_1_29' title='bbox 792 436 890 477; x_wconf 91' lang='lat' dir='ltr'>quae</span> <span class='ocrx_word' id='word_1_30' title='bbox 910 434 976 463; x_wconf 88' lang='lat' dir='ltr'>aut</span> <span class='ocrx_word' id='word_1_31' title='bbox 995 437 1146 475; x_wconf 90' lang='lat' dir='ltr'>revera,</span> <span class='ocrx_word' id='word_1_32' title='bbox 1165 423 1298 475; x_wconf 82' lang='lat' dir='ltr'>utfit,</span> <span class='ocrx_word' id='word_1_33' title='bbox 1326 436 1392 466; x_wconf 89' lang='lat' dir='ltr'>aut</span> <span class='ocrx_word' id='word_1_34' title='bbox 1414 427 1563 468; x_wconf 82' lang='lat' dir='ltr'>Erasini</span> <span class='ocrx_word' id='word_1_35' title='bbox 1582 429 1711 471; x_wconf 91' lang='lat' dir='ltr'>saltem</span> <span class='ocrx_word' id='word_1_36' title='bbox 1726 430 1831 484; x_wconf 89' lang='lat' dir='ltr'>judi-</span> 
     </span>
     <span class='ocr_line' id='line_1_5' title="bbox 84 477 1829 536; baseline 0.001 -10"><span class='ocrx_word' id='word_1_37' title='bbox 84 486 168 533; x_wconf 93' lang='lat' dir='ltr'>cio,</span> <span class='ocrx_word' id='word_1_38' title='bbox 199 497 278 524; x_wconf 90' lang='lat' dir='ltr'>non</span> <span class='ocrx_word' id='word_1_39' title='bbox 298 483 444 536; x_wconf 84' lang='lat' dir='ltr'>integra</span> <span class='ocrx_word' id='word_1_40' title='bbox 464 480 512 520; x_wconf 89' lang='lat' dir='ltr'>ab</span> <span class='ocrx_word' id='word_1_41' title='bbox 533 478 688 520; x_wconf 85' lang='lat' dir='ltr'>Andrea</span> <span class='ocrx_word' id='word_1_42' title='bbox 710 478 900 532; x_wconf 86' lang='lat' dir='ltr'>adscripta</span> <span class='ocrx_word' id='word_1_43' title='bbox 919 477 1070 520; x_wconf 85' lang='lat' dir='ltr'>fuerant</span> <span class='ocrx_word' id='word_1_44' title='bbox 1083 509 1095 529; x_wconf 93' lang='lat'>‚</span> <span class='ocrx_word' id='word_1_45' title='bbox 1124 479 1171 520; x_wconf 90' lang='lat' dir='ltr'>ab</span> <span class='ocrx_word' id='word_1_46' title='bbox 1190 480 1353 520; x_wconf 87' lang='lat' dir='ltr'>Erasmo</span> <span class='ocrx_word' id='word_1_47' title='bbox 1373 494 1422 521; x_wconf 87' lang='lat' dir='ltr'>ex</span> <span class='ocrx_word' id='word_1_48' title='bbox 1448 482 1609 524; x_wconf 78' lang='lat' dir='ltr'>Latinae</span> <span class='ocrx_word' id='word_1_49' title='bbox 1629 485 1829 532; x_wconf 84' lang='lat' dir='ltr'>Verfionis</span> 
     </span>
     <span class='ocr_line' id='line_1_6' title="bbox 85 532 1832 590; baseline 0.002 -10"><span class='ocrx_word' id='word_1_50' title='bbox 85 538 273 580; x_wconf 90' lang='lat' dir='ltr'>mendoso</span> <span class='ocrx_word' id='word_1_51' title='bbox 301 537 454 578; x_wconf 87' lang='lat' dir='ltr'>Codice</span> <span class='ocrx_word' id='word_1_52' title='bbox 472 533 580 576; x_wconf 74' lang='lat' dir='ltr'>fuiss‘e</span> <span class='ocrx_word' id='word_1_53' title='bbox 616 533 760 575; x_wconf 89' lang='lat' dir='ltr'>addita.</span> <span class='ocrx_word' id='word_1_54' title='bbox 800 533 868 573; x_wconf 87' lang='lat' dir='ltr'>Ita.</span> <span class='ocrx_word' id='word_1_55' title='bbox 886 547 971 587; x_wconf 87' lang='lat' dir='ltr'>cap.</span> <span class='ocrx_word' id='word_1_56' title='bbox 1000 532 1051 576; x_wconf 91' lang='lat' dir='ltr'>V.</span> <span class='ocrx_word' id='word_1_57' title='bbox 1085 545 1148 586; x_wconf 87' lang='lat'>14.</span> <span class='ocrx_word' id='word_1_58' title='bbox 1167 535 1264 589; x_wconf 64' lang='lat' dir='ltr'>,post</span> <span class='ocrx_word' id='word_1_59' title='bbox 1284 535 1443 577; x_wconf 90' lang='lat' dir='ltr'>verbum</span> <span class='ocrx_word' id='word_1_60' title='bbox 1461 537 1710 590; x_wconf 62' lang='grc' dir='ltr'>προσεκύνησαν</span> <span class='ocrx_word' id='word_1_61' title='bbox 1719 541 1832 584; x_wconf 86' lang='lat' dir='ltr'>addit</span> 
     </span>
     <span class='ocr_line' id='line_1_7' title="bbox 85 586 1832 647; baseline 0.003 -14"><span class='ocrx_word' id='word_1_62' title='bbox 85 588 188 647; x_wconf 68' lang='grc' dir='ltr'>ζῶντι</span> <span class='ocrx_word' id='word_1_63' title='bbox 214 592 258 635; x_wconf 81' lang='grc' dir='ltr'>εἷς</span> <span class='ocrx_word' id='word_1_64' title='bbox 279 589 344 633; x_wconf 51' lang='lat' dir='ltr'>w&amp;</span> <span class='ocrx_word' id='word_1_65' title='bbox 361 588 479 631; x_wconf 68' lang='grc' dir='ltr'><em>ἀιῶνας</em></span> <span class='ocrx_word' id='word_1_66' title='bbox 508 587 575 629; x_wconf 69' lang='grc' dir='ltr'>τῶν</span> <span class='ocrx_word' id='word_1_67' title='bbox 595 586 733 640; x_wconf 73' lang='grc' dir='ltr'><em>ἀιῶνων,</em></span> <span class='ocrx_word' id='word_1_68' title='bbox 761 600 897 629; x_wconf 88' lang='lat' dir='ltr'>contra</span> <span class='ocrx_word' id='word_1_69' title='bbox 915 601 1052 630; x_wconf 91' lang='lat' dir='ltr'>omnes</span> <span class='ocrx_word' id='word_1_70' title='bbox 1071 589 1243 631; x_wconf 88' lang='lat' dir='ltr'>Codices</span> <span class='ocrx_word' id='word_1_71' title='bbox 1263 590 1460 638; x_wconf 86' lang='lat' dir='ltr'>Graecos,</span> <span class='ocrx_word' id='word_1_72' title='bbox 1484 596 1525 633; x_wconf 75' lang='grc' dir='ltr'>δε</span> <span class='ocrx_word' id='word_1_73' title='bbox 1552 605 1687 635; x_wconf 87' lang='lat' dir='ltr'>contra</span> <span class='ocrx_word' id='word_1_74' title='bbox 1715 597 1832 638; x_wconf 89' lang='lat' dir='ltr'>indo-</span> 
     </span>
     <span class='ocr_line' id='line_1_8' title="bbox 84 638 1832 701; baseline 0.002 -11"><span class='ocrx_word' id='word_1_75' title='bbox 84 650 160 690; x_wconf 88' lang='lat' dir='ltr'>lem</span> <span class='ocrx_word' id='word_1_76' title='bbox 184 648 322 689; x_wconf 90' lang='lat' dir='ltr'>Graeci</span> <span class='ocrx_word' id='word_1_77' title='bbox 347 645 529 687; x_wconf 88' lang='lat' dir='ltr'>sermonis</span> <span class='ocrx_word' id='word_1_78' title='bbox 551 675 564 695; x_wconf 91' lang='lat'>,</span> <span class='ocrx_word' id='word_1_79' title='bbox 603 658 703 698; x_wconf 87' lang='lat' dir='ltr'>quae</span> <span class='ocrx_word' id='word_1_80' title='bbox 731 643 931 685; x_wconf 87' lang='lat' dir='ltr'>articulum</span> <span class='ocrx_word' id='word_1_81' title='bbox 959 642 1014 694; x_wconf 65' lang='grc' dir='ltr'>τῷ</span> <span class='ocrx_word' id='word_1_82' title='bbox 1043 655 1133 685; x_wconf 87' lang='lat' dir='ltr'>ante</span> <span class='ocrx_word' id='word_1_83' title='bbox 1164 638 1267 701; x_wconf 71' lang='grc' dir='ltr'><strong><em>ζῶντι</em></strong></span> <span class='ocrx_word' id='word_1_84' title='bbox 1294 646 1510 701; x_wconf 84' lang='lat' dir='ltr'>requirebat</span> <span class='ocrx_word' id='word_1_85' title='bbox 1530 664 1540 689; x_wconf 74' lang='grc' dir='ltr'>ε</span> <span class='ocrx_word' id='word_1_86' title='bbox 1568 662 1614 690; x_wconf 84' lang='lat' dir='ltr'>ex</span> <span class='ocrx_word' id='word_1_87' title='bbox 1641 649 1832 694; x_wconf 80' lang='lat' dir='ltr'>Verfione</span> 
     </span>
     <span class='ocr_line' id='line_1_9' title="bbox 83 700 1830 760; baseline 0.003 -17"><span class='ocrx_word' id='word_1_88' title='bbox 83 705 274 758; x_wconf 82' lang='lat' dir='ltr'>Vulgata,</span> <span class='ocrx_word' id='word_1_89' title='bbox 301 708 400 756; x_wconf 87' lang='lat' dir='ltr'>quae</span> <span class='ocrx_word' id='word_1_90' title='bbox 431 700 546 741; x_wconf 86' lang='lat' dir='ltr'>habet</span> <span class='ocrx_word' id='word_1_91' title='bbox 575 700 847 740; x_wconf 86' lang='lat' dir='ltr'>adoraverunt</span> <span class='ocrx_word' id='word_1_92' title='bbox 869 701 1077 739; x_wconf 84' lang='lat' dir='ltr'>viventem</span> <span class='ocrx_word' id='word_1_93' title='bbox 1097 701 1140 739; x_wconf 87' lang='lat' dir='ltr'>in</span> <span class='ocrx_word' id='word_1_94' title='bbox 1157 700 1294 753; x_wconf 68' lang='lat' dir='ltr'>secula</span> <span class='ocrx_word' id='word_1_95' title='bbox 1305 700 1523 754; x_wconf 83' lang='lat' dir='ltr'>seculorum</span> <span class='ocrx_word' id='word_1_96' title='bbox 1535 723 1550 749; x_wconf 67' lang='grc' dir='ltr'><strong><em>ς</em></strong></span> <span class='ocrx_word' id='word_1_97' title='bbox 1579 708 1830 760; x_wconf 83' lang='lat' dir='ltr'>repugnanti-</span> 
     </span>
     <span class='ocr_line' id='line_1_10' title="bbox 85 753 1830 814; baseline 0.002 -14"><span class='ocrx_word' id='word_1_98' title='bbox 85 760 154 800; x_wconf 91' lang='lat' dir='ltr'>bus</span> <span class='ocrx_word' id='word_1_99' title='bbox 183 758 375 813; x_wconf 83' lang='lat' dir='ltr'>plurimis,</span> <span class='ocrx_word' id='word_1_100' title='bbox 404 756 526 809; x_wconf 89' lang='lat' dir='ltr'>iisque</span> <span class='ocrx_word' id='word_1_101' title='bbox 555 754 808 797; x_wconf 83' lang='lat' dir='ltr'>vetustiffimis</span> <span class='ocrx_word' id='word_1_102' title='bbox 830 753 1046 795; x_wconf 90' lang='lat' dir='ltr'>Codicibus</span> <span class='ocrx_word' id='word_1_103' title='bbox 1073 754 1232 798; x_wconf 89' lang='lat' dir='ltr'>Latinis.</span> <span class='ocrx_word' id='word_1_104' title='bbox 1260 755 1396 799; x_wconf 90' lang='lat' dir='ltr'>XVII.</span> <span class='ocrx_word' id='word_1_105' title='bbox 1425 769 1464 809; x_wconf 93' lang='lat'>4.</span> <span class='ocrx_word' id='word_1_106' title='bbox 1491 756 1602 804; x_wconf 61' lang='lat' dir='ltr'>uer-bv</span> <span class='ocrx_word' id='word_1_107' title='bbox 1623 759 1830 814; x_wconf 70' lang='grc' dir='ltr'>ἀκαθάρτη-</span> 
     </span>
     <span class='ocr_line' id='line_1_11' title="bbox 82 809 1829 868; baseline 0.003 -14"><span class='ocrx_word' id='word_1_108' title='bbox 82 831 165 863; x_wconf 82' lang='grc' dir='ltr'><strong><em>τος,</em></strong></span> <span class='ocrx_word' id='word_1_109' title='bbox 195 814 330 853; x_wconf 89' lang='lat' dir='ltr'>iterum</span> <span class='ocrx_word' id='word_1_110' title='bbox 358 824 493 851; x_wconf 87' lang='lat' dir='ltr'>contra</span> <span class='ocrx_word' id='word_1_111' title='bbox 523 823 660 851; x_wconf 88' lang='lat' dir='ltr'>omnes</span> <span class='ocrx_word' id='word_1_112' title='bbox 689 809 863 851; x_wconf 84' lang='lat' dir='ltr'>Codices</span> <span class='ocrx_word' id='word_1_113' title='bbox 893 810 1065 851; x_wconf 80' lang='lat' dir='ltr'>Graecos</span> <span class='ocrx_word' id='word_1_114' title='bbox 1083 824 1222 852; x_wconf 89' lang='lat' dir='ltr'>vocem</span> <span class='ocrx_word' id='word_1_115' title='bbox 1242 811 1355 852; x_wconf 87' lang='lat' dir='ltr'>nihili</span> <span class='ocrx_word' id='word_1_116' title='bbox 1383 810 1587 866; x_wconf 58' lang='grc' dir='ltr'><strong>ἇκαθοίρτης</strong></span> <span class='ocrx_word' id='word_1_117' title='bbox 1614 816 1829 868; x_wconf 84' lang='lat' dir='ltr'>confinxit,</span> 
     </span>
     <span class='ocr_line' id='line_1_12' title="bbox 82 864 1828 921; baseline 0.003 -11"><span class='ocrx_word' id='word_1_118' title='bbox 82 869 133 910; x_wconf 89' lang='lat' dir='ltr'>ad</span> <span class='ocrx_word' id='word_1_119' title='bbox 152 867 362 909; x_wconf 76' lang='lat' dir='ltr'>vernonem</span> <span class='ocrx_word' id='word_1_120' title='bbox 381 865 591 921; x_wconf 87' lang='lat' dir='ltr'>Vulgatam</span> <span class='ocrx_word' id='word_1_121' title='bbox 612 879 711 920; x_wconf 87' lang='lat' dir='ltr'>quae</span> <span class='ocrx_word' id='word_1_122' title='bbox 737 865 849 921; x_wconf 87' lang='lat' dir='ltr'>legit:</span> <span class='ocrx_word' id='word_1_123' title='bbox 875 864 1032 918; x_wconf 84' lang='lat' dir='ltr'>plenum</span> <span class='ocrx_word' id='word_1_124' title='bbox 1064 864 1374 918; x_wconf 75' lang='lat' dir='ltr'>abominatione,</span> <span class='ocrx_word' id='word_1_125' title='bbox 1401 868 1468 909; x_wconf 93' lang='lat' dir='ltr'>ubi</span> <span class='ocrx_word' id='word_1_126' title='bbox 1493 880 1624 912; x_wconf 84' lang='lat' dir='ltr'>tamen</span> <span class='ocrx_word' id='word_1_127' title='bbox 1653 871 1828 915; x_wconf 83' lang='lat' dir='ltr'>Codices</span> 
     </span>
     <span class='ocr_line' id='line_1_13' title="bbox 83 919 1826 978; baseline 0.003 -15"><span class='ocrx_word' id='word_1_128' title='bbox 83 937 225 978; x_wconf 84' lang='lat' dir='ltr'>magno</span> <span class='ocrx_word' id='word_1_129' title='bbox 256 921 438 964; x_wconf 88' lang='lat' dir='ltr'>consensu</span> <span class='ocrx_word' id='word_1_130' title='bbox 467 922 635 971; x_wconf 85' lang='lat' dir='ltr'>habent,</span> <span class='ocrx_word' id='word_1_131' title='bbox 664 931 708 961; x_wconf 90' lang='lat' dir='ltr'>ut</span> <span class='ocrx_word' id='word_1_132' title='bbox 726 919 868 960; x_wconf 85' lang='lat' dir='ltr'>Graeci</span> <span class='ocrx_word' id='word_1_133' title='bbox 889 922 928 959; x_wconf 92' lang='lat'>&amp;</span> <span class='ocrx_word' id='word_1_134' title='bbox 947 919 1077 970; x_wconf 87' lang='lat' dir='ltr'>Beda,</span> <span class='ocrx_word' id='word_1_135' title='bbox 1099 920 1261 974; x_wconf 85' lang='lat' dir='ltr'>plenum</span> <span class='ocrx_word' id='word_1_136' title='bbox 1288 921 1630 966; x_wconf 85' lang='lat' dir='ltr'>abominationum.</span> <span class='ocrx_word' id='word_1_137' title='bbox 1686 927 1826 971; x_wconf 88' lang='lat' dir='ltr'>XXII.</span> 
     </span>
     <span class='ocr_line' id='line_1_14' title="bbox 87 972 1832 1040; baseline 0.004 -23"><span class='ocrx_word' id='word_1_138' title='bbox 87 992 104 1019; x_wconf 82' lang='lat'>1</span> <span class='ocrx_word' id='word_1_139' title='bbox 118 993 148 1021; x_wconf 86' lang='lat'>1.</span> <span class='ocrx_word' id='word_1_140' title='bbox 176 975 191 1017; x_wconf 78' lang='grc' dir='ltr'><strong>ὃ</strong></span> <span class='ocrx_word' id='word_1_141' title='bbox 213 976 325 1030; x_wconf 51' lang='lat' dir='ltr'>poor&amp;</span> <span class='ocrx_word' id='word_1_142' title='bbox 346 975 544 1029; x_wconf 70' lang='grc' dir='ltr'>ρυπωσάτω</span> <span class='ocrx_word' id='word_1_143' title='bbox 562 973 637 1022; x_wconf 67' lang='grc' dir='ltr'>ἔτι,</span> <span class='ocrx_word' id='word_1_144' title='bbox 665 972 726 1016; x_wconf 68' lang='grc' dir='ltr'>καὶ</span> <span class='ocrx_word' id='word_1_145' title='bbox 745 973 760 1015; x_wconf 78' lang='grc' dir='ltr'><strong>ὃ</strong></span> <span class='ocrx_word' id='word_1_146' title='bbox 778 973 908 1017; x_wconf 63' lang='grc' dir='ltr'>δίκαιος</span> <span class='ocrx_word' id='word_1_147' title='bbox 927 972 1148 1018; x_wconf 60' lang='grc' dir='ltr'><em>δικαιωῧῆτω</em></span> <span class='ocrx_word' id='word_1_148' title='bbox 1168 974 1220 1016; x_wconf 78' lang='grc' dir='ltr'>’ἐτι</span> <span class='ocrx_word' id='word_1_149' title='bbox 1232 1007 1244 1028; x_wconf 86' lang='grc'><em>,</em></span> <span class='ocrx_word' id='word_1_150' title='bbox 1273 988 1316 1018; x_wconf 90' lang='lat' dir='ltr'>ut</span> <span class='ocrx_word' id='word_1_151' title='bbox 1336 978 1460 1020; x_wconf 84' lang='lat' dir='ltr'>verfio</span> <span class='ocrx_word' id='word_1_152' title='bbox 1483 978 1667 1035; x_wconf 85' lang='lat' dir='ltr'>Vulgata:</span> <span class='ocrx_word' id='word_1_153' title='bbox 1697 985 1768 1040; x_wconf 85' lang='lat' dir='ltr'>qui</span> <span class='ocrx_word' id='word_1_154' title='bbox 1786 987 1832 1024; x_wconf 80' lang='lat' dir='ltr'>in</span> 
     </span>
     <span class='ocr_line' id='line_1_15' title="bbox 70 1028 1827 1089; baseline 0.004 -15"><span class='ocrx_word' id='word_1_155' title='bbox 70 1033 252 1089; x_wconf 77' lang='lat' dir='ltr'>sordibus</span> <span class='ocrx_word' id='word_1_156' title='bbox 269 1032 321 1085; x_wconf 83' lang='lat' dir='ltr'>est</span> <span class='ocrx_word' id='word_1_157' title='bbox 332 1059 343 1078; x_wconf 95' lang='lat'>‚</span> <span class='ocrx_word' id='word_1_158' title='bbox 362 1031 565 1085; x_wconf 63' lang='lat' dir='ltr'>sordesbat</span> <span class='ocrx_word' id='word_1_159' title='bbox 582 1030 730 1081; x_wconf 64' lang='lat' dir='ltr'>adhuc,</span> <span class='ocrx_word' id='word_1_160' title='bbox 759 1028 809 1075; x_wconf 62' lang='lat' dir='ltr'>(J</span> <span class='ocrx_word' id='word_1_161' title='bbox 826 1029 1037 1086; x_wconf 75' lang='lat' dir='ltr'>quijuslus</span> <span class='ocrx_word' id='word_1_162' title='bbox 1054 1030 1129 1084; x_wconf 79' lang='lat' dir='ltr'>est,</span> <span class='ocrx_word' id='word_1_163' title='bbox 1144 1031 1392 1086; x_wconf 71' lang='lat' dir='ltr'>justlficetur</span> <span class='ocrx_word' id='word_1_164' title='bbox 1411 1033 1561 1075; x_wconf 81' lang='lat' dir='ltr'>adhuc.-</span> <span class='ocrx_word' id='word_1_165' title='bbox 1584 1049 1720 1080; x_wconf 88' lang='lat' dir='ltr'>contra</span> <span class='ocrx_word' id='word_1_166' title='bbox 1738 1038 1827 1080; x_wconf 91' lang='lat' dir='ltr'>scri·</span> 
     </span>
     <span class='ocr_line' id='line_1_16' title="bbox 81 1084 1761 1145; baseline -0.002 -14"><span class='ocrx_word' id='word_1_167' title='bbox 81 1101 170 1145; x_wconf 87' lang='lat' dir='ltr'>ptos</span> <span class='ocrx_word' id='word_1_168' title='bbox 194 1102 329 1131; x_wconf 87' lang='lat' dir='ltr'>omnes</span> <span class='ocrx_word' id='word_1_169' title='bbox 349 1086 520 1128; x_wconf 85' lang='lat' dir='ltr'>Codices</span> <span class='ocrx_word' id='word_1_170' title='bbox 535 1087 736 1135; x_wconf 83' lang='lat' dir='ltr'>Graecos,</span> <span class='ocrx_word' id='word_1_171' title='bbox 765 1089 806 1126; x_wconf 74' lang='grc' dir='ltr'>δε</span> <span class='ocrx_word' id='word_1_172' title='bbox 827 1085 1014 1140; x_wconf 89' lang='lat' dir='ltr'>plur-imos</span> <span class='ocrx_word' id='word_1_173' title='bbox 1034 1084 1204 1128; x_wconf 88' lang='lat' dir='ltr'>Latinos.</span> <span class='ocrx_word' id='word_1_174' title='bbox 1760 1093 1761 1097; x_wconf 78' lang='grc'>’</span> 
     </span>
    </p>

    <p class='ocr_par' dir='ltr' id='par_1_3' title="bbox 79 1141 1830 1517">
     <span class='ocr_line' id='line_1_17' title="bbox 135 1141 1827 1203; baseline 0.004 -18"><span class='ocrx_word' id='word_1_175' title='bbox 135 1144 234 1185; x_wconf 89' lang='lat' dir='ltr'>Illud</span> <span class='ocrx_word' id='word_1_176' title='bbox 253 1157 344 1185; x_wconf 88' lang='lat' dir='ltr'>vero</span> <span class='ocrx_word' id='word_1_177' title='bbox 360 1143 503 1192; x_wconf 87' lang='lat' dir='ltr'>miror,</span> <span class='ocrx_word' id='word_1_178' title='bbox 530 1156 597 1183; x_wconf 90' lang='lat' dir='ltr'>cur</span> <span class='ocrx_word' id='word_1_179' title='bbox 609 1142 794 1182; x_wconf 78' lang='lat' dir='ltr'>Erasmus</span> <span class='ocrx_word' id='word_1_180' title='bbox 813 1141 950 1182; x_wconf 60' lang='lat' dir='ltr'>nactus</span> <span class='ocrx_word' id='word_1_181' title='bbox 964 1141 1190 1184; x_wconf 86' lang='lat' dir='ltr'>Editionem</span> <span class='ocrx_word' id='word_1_182' title='bbox 1210 1141 1555 1198; x_wconf 82' lang='lat' dir='ltr'>complutensem,</span> <span class='ocrx_word' id='word_1_183' title='bbox 1585 1149 1694 1203; x_wconf 88' lang='lat' dir='ltr'>cujus</span> <span class='ocrx_word' id='word_1_184' title='bbox 1713 1150 1827 1192; x_wconf 89' lang='lat' dir='ltr'><strong>MSS.</strong></span> 
     </span>
     <span class='ocr_line' id='line_1_18' title="bbox 81 1196 1830 1251; baseline 0.004 -11"><span class='ocrx_word' id='word_1_185' title='bbox 81 1199 199 1240; x_wconf 88' lang='lat' dir='ltr'>fidem</span> <span class='ocrx_word' id='word_1_186' title='bbox 231 1199 321 1240; x_wconf 83' lang='lat' dir='ltr'>alias</span> <span class='ocrx_word' id='word_1_187' title='bbox 348 1210 560 1251; x_wconf 77' lang='lat' dir='ltr'>tantopere·</span> <span class='ocrx_word' id='word_1_188' title='bbox 579 1196 792 1251; x_wconf 82' lang='lat' dir='ltr'>praedicat,</span> <span class='ocrx_word' id='word_1_189' title='bbox 822 1196 890 1236; x_wconf 88' lang='lat' dir='ltr'>ista</span> <span class='ocrx_word' id='word_1_190' title='bbox 909 1208 1066 1248; x_wconf 92' lang='lat' dir='ltr'>non,ut</span> <span class='ocrx_word' id='word_1_191' title='bbox 1094 1198 1338 1251; x_wconf 83' lang='lat' dir='ltr'>promiserat,</span> <span class='ocrx_word' id='word_1_192' title='bbox 1368 1201 1592 1249; x_wconf 87' lang='lat' dir='ltr'>restituerit,</span> <span class='ocrx_word' id='word_1_193' title='bbox 1621 1204 1686 1245; x_wconf 91' lang='lat' dir='ltr'>sed</span> <span class='ocrx_word' id='word_1_194' title='bbox 1698 1218 1830 1247; x_wconf 86' lang='lat' dir='ltr'>corru-</span> 
     </span>
     <span class='ocr_line' id='line_1_19' title="bbox 79 1251 1830 1310; baseline 0.004 -15"><span class='ocrx_word' id='word_1_195' title='bbox 79 1256 179 1310; x_wconf 83' lang='lat' dir='ltr'>perit</span> <span class='ocrx_word' id='word_1_196' title='bbox 201 1254 353 1308; x_wconf 63' lang='lat' dir='ltr'>potius.-=</span> <span class='ocrx_word' id='word_1_197' title='bbox 368 1253 473 1294; x_wconf 89' lang='lat' dir='ltr'>Cum</span> <span class='ocrx_word' id='word_1_198' title='bbox 502 1253 610 1293; x_wconf 90' lang='lat' dir='ltr'>enirn</span> <span class='ocrx_word' id='word_1_199' title='bbox 636 1251 720 1306; x_wconf 88' lang='lat' dir='ltr'>ipse</span> <span class='ocrx_word' id='word_1_200' title='bbox 744 1252 787 1292; x_wconf 87' lang='lat' dir='ltr'>in</span> <span class='ocrx_word' id='word_1_201' title='bbox 806 1252 998 1306; x_wconf 84' lang='lat' dir='ltr'>prioribus</span> <span class='ocrx_word' id='word_1_202' title='bbox 1025 1252 1274 1295; x_wconf 78' lang='lat' dir='ltr'>Editionibus</span> <span class='ocrx_word' id='word_1_203' title='bbox 1305 1255 1496 1297; x_wconf 88' lang='lat' dir='ltr'>Latinum·</span> <span class='ocrx_word' id='word_1_204' title='bbox 1506 1256 1552 1310; x_wconf 83' lang='lat' dir='ltr'><em>st</em></span> <span class='ocrx_word' id='word_1_205' title='bbox 1574 1258 1632 1308; x_wconf 87' lang='lat' dir='ltr'>bis</span> <span class='ocrx_word' id='word_1_206' title='bbox 1662 1260 1830 1302; x_wconf 77' lang='lat' dir='ltr'>vertisset</span> 
     </span>
     <span class='ocr_line' id='line_1_20' title="bbox 79 1307 1829 1365; baseline 0.004 -15"><span class='ocrx_word' id='word_1_207' title='bbox 79 1324 148 1365; x_wconf 90' lang='lat' dir='ltr'>per</span> <span class='ocrx_word' id='word_1_208' title='bbox 176 1309 225 1358; x_wconf 77' lang='grc' dir='ltr'>εἶ,</span> <span class='ocrx_word' id='word_1_209' title='bbox 256 1309 389 1362; x_wconf 81' lang='lat' dir='ltr'>postea</span> <span class='ocrx_word' id='word_1_210' title='bbox 403 1308 454 1348; x_wconf 41' lang='lat' dir='ltr'>‘in</span> <span class='ocrx_word' id='word_1_211' title='bbox 485 1307 754 1362; x_wconf 89' lang='lat' dir='ltr'>Complutenfi</span> <span class='ocrx_word' id='word_1_212' title='bbox 785 1320 936 1362; x_wconf 70' lang='lat' dir='ltr'>reperta</span> <span class='ocrx_word' id='word_1_213' title='bbox 961 1308 1237 1363; x_wconf 72' lang='lat' dir='ltr'>conjunffione</span> <span class='ocrx_word' id='word_1_214' title='bbox 1265 1307 1345 1356; x_wconf 68' lang='grc' dir='ltr'>ἐὰν,</span> <span class='ocrx_word' id='word_1_215' title='bbox 1375 1325 1458 1352; x_wconf 92' lang='lat' dir='ltr'>non</span> <span class='ocrx_word' id='word_1_216' title='bbox 1482 1312 1593 1353; x_wconf 89' lang='lat' dir='ltr'>istam</span> <span class='ocrx_word' id='word_1_217' title='bbox 1620 1314 1675 1355; x_wconf 91' lang='lat' dir='ltr'>illi</span> <span class='ocrx_word' id='word_1_218' title='bbox 1698 1314 1829 1356; x_wconf 89' lang='lat' dir='ltr'>substi-</span> 
     </span>
     <span class='ocr_line' id='line_1_21' title="bbox 79 1361 1827 1424; baseline 0.003 -17"><span class='ocrx_word' id='word_1_219' title='bbox 79 1367 174 1416; x_wconf 86' lang='lat' dir='ltr'>tuit,</span> <span class='ocrx_word' id='word_1_220' title='bbox 206 1364 267 1405; x_wconf 89' lang='lat' dir='ltr'>sed</span> <span class='ocrx_word' id='word_1_221' title='bbox 290 1365 330 1404; x_wconf 88' lang='lat' dir='ltr'>in</span> <span class='ocrx_word' id='word_1_222' title='bbox 352 1370 485 1418; x_wconf 85' lang='lat' dir='ltr'>quarta</span> <span class='ocrx_word' id='word_1_223' title='bbox 505 1367 544 1403; x_wconf 91' lang='lat'>&amp;</span> <span class='ocrx_word' id='word_1_224' title='bbox 564 1364 710 1418; x_wconf 90' lang='lat' dir='ltr'>quinta·</span> <span class='ocrx_word' id='word_1_225' title='bbox 727 1361 831 1403; x_wconf 88' lang='lat' dir='ltr'>Edit.</span> <span class='ocrx_word' id='word_1_226' title='bbox 859 1362 1019 1404; x_wconf 84' lang='lat' dir='ltr'>absurde</span> <span class='ocrx_word' id='word_1_227' title='bbox 1046 1375 1251 1419; x_wconf 88' lang='lat' dir='ltr'>utrumque</span> <span class='ocrx_word' id='word_1_228' title='bbox 1278 1365 1407 1419; x_wconf 87' lang='lat' dir='ltr'>posuit</span> <span class='ocrx_word' id='word_1_229' title='bbox 1426 1364 1483 1407; x_wconf 69' lang='grc' dir='ltr'>ἐὰν</span> <span class='ocrx_word' id='word_1_230' title='bbox 1511 1366 1560 1418; x_wconf 77' lang='grc' dir='ltr'>εἰ,</span> <span class='ocrx_word' id='word_1_231' title='bbox 1590 1370 1734 1424; x_wconf 88' lang='lat' dir='ltr'>reliqua</span> <span class='ocrx_word' id='word_1_232' title='bbox 1761 1385 1827 1412; x_wconf 90' lang='lat' dir='ltr'>ve-</span> 
     </span>
     <span class='ocr_line' id='line_1_22' title="bbox 80 1412 1830 1478; baseline 0.004 -16"><span class='ocrx_word' id='word_1_233' title='bbox 80 1435 125 1462; x_wconf 90' lang='lat' dir='ltr'>ro</span> <span class='ocrx_word' id='word_1_234' title='bbox 153 1420 308 1461; x_wconf 83' lang='lat' dir='ltr'>retinuit</span> <span class='ocrx_word' id='word_1_235' title='bbox 334 1446 346 1466; x_wconf 92' lang='lat'>,</span> <span class='ocrx_word' id='word_1_236' title='bbox 382 1419 586 1473; x_wconf 84' lang='lat' dir='ltr'>praecipue</span> <span class='ocrx_word' id='word_1_237' title='bbox 620 1418 726 1460; x_wconf 92' lang='lat' dir='ltr'>suum</span> <span class='ocrx_word' id='word_1_238' title='bbox 758 1412 933 1470; x_wconf 63' lang='lat' dir='ltr'>&amp;oacpiwes</span> <span class='ocrx_word' id='word_1_239' title='bbox 948 1449 962 1470; x_wconf 94' lang='lat'>,</span> <span class='ocrx_word' id='word_1_240' title='bbox 999 1419 1109 1474; x_wconf 87' lang='lat' dir='ltr'>quod</span> <span class='ocrx_word' id='word_1_241' title='bbox 1148 1421 1191 1461; x_wconf 88' lang='lat' dir='ltr'>in</span> <span class='ocrx_word' id='word_1_242' title='bbox 1225 1419 1329 1462; x_wconf 88' lang='lat' dir='ltr'>libris</span> <span class='ocrx_word' id='word_1_243' title='bbox 1368 1421 1492 1464; x_wconf 86' lang='lat' dir='ltr'>Sacris</span> <span class='ocrx_word' id='word_1_244' title='bbox 1523 1424 1638 1478; x_wconf 91' lang='lat' dir='ltr'>plane</span> <span class='ocrx_word' id='word_1_245' title='bbox 1675 1426 1830 1469; x_wconf 80' lang='lat' dir='ltr'>inufita-</span> 
     </span>
     <span class='ocr_line' id='line_1_23' title="bbox 80 1475 1267 1517; baseline -0.005 0"><span class='ocrx_word' id='word_1_246' title='bbox 80 1487 160 1517; x_wconf 85' lang='lat' dir='ltr'>tum</span> <span class='ocrx_word' id='word_1_247' title='bbox 189 1475 254 1516; x_wconf 82' lang='lat' dir='ltr'>est.</span> <span class='ocrx_word' id='word_1_248' title='bbox 609 1511 612 1513; x_wconf 88' lang='lat'>.</span> <span class='ocrx_word' id='word_1_249' title='bbox 682 1512 685 1513; x_wconf 13' lang='grc' dir='ltr'><em>γ</em></span> <span class='ocrx_word' id='word_1_250' title='bbox 833 1510 837 1513; x_wconf 94' lang='grc'>.</span> <span class='ocrx_word' id='word_1_251' title='bbox 855 1510 859 1513; x_wconf 30' lang='lat'><strong>⁴</strong></span> <span class='ocrx_word' id='word_1_252' title='bbox 1177 1510 1181 1511; x_wconf 21' lang='lat'><em>⁷</em></span> <span class='ocrx_word' id='word_1_253' title='bbox 1265 1509 1267 1511; x_wconf 74' lang='grc'><strong>,</strong></span> 
     </span>
    </p>

    <p class='ocr_par' dir='ltr' id='par_1_4' title="bbox 80 1527 1828 1804">
     <span class='ocr_line' id='line_1_24' title="bbox 107 1527 1827 1591; baseline 0.004 -20"><span class='ocrx_word' id='word_1_254' title='bbox 107 1572 113 1575; x_wconf 23' lang='lat'><em>⁷</em></span> <span class='ocrx_word' id='word_1_255' title='bbox 137 1530 247 1585; x_wconf 77' lang='lat' dir='ltr'>Qud</span> <span class='ocrx_word' id='word_1_256' title='bbox 267 1529 378 1584; x_wconf 87' lang='lat' dir='ltr'>quod</span> <span class='ocrx_word' id='word_1_257' title='bbox 397 1529 628 1579; x_wconf 64' lang='lat' dir='ltr'>Colinzzeus,</span> <span class='ocrx_word' id='word_1_258' title='bbox 656 1527 897 1584; x_wconf 75' lang='lat' dir='ltr'>Stephanus,</span> <span class='ocrx_word' id='word_1_259' title='bbox 920 1529 1162 1581; x_wconf 75' lang='lat' dir='ltr'>HaultinuS,</span> <span class='ocrx_word' id='word_1_260' title='bbox 1195 1530 1300 1575; x_wconf 87' lang='lat' dir='ltr'>Beza</span> <span class='ocrx_word' id='word_1_261' title='bbox 1322 1535 1363 1572; x_wconf 92' lang='lat'>&amp;</span> <span class='ocrx_word' id='word_1_262' title='bbox 1388 1534 1693 1582; x_wconf 63' lang='lat' dir='ltr'>cum-„Elzevirio</span> <span class='ocrx_word' id='word_1_263' title='bbox 1714 1536 1827 1591; x_wconf 86' lang='lat' dir='ltr'>pleri-</span> 
     </span>
     <span class='ocr_line' id='line_1_25' title="bbox 80 1584 1826 1641; baseline 0.004 -14"><span class='ocrx_word' id='word_1_264' title='bbox 80 1601 156 1641; x_wconf 90' lang='lat' dir='ltr'>que</span> <span class='ocrx_word' id='word_1_265' title='bbox 183 1600 319 1627; x_wconf 84' lang='lat' dir='ltr'>omnes</span> <span class='ocrx_word' id='word_1_266' title='bbox 339 1585 599 1640; x_wconf 84' lang='lat' dir='ltr'>Typographi</span> <span class='ocrx_word' id='word_1_267' title='bbox 624 1584 824 1639; x_wconf 87' lang='lat' dir='ltr'>sequentes</span> <span class='ocrx_word' id='word_1_268' title='bbox 851 1599 933 1626; x_wconf 88' lang='lat' dir='ltr'>non</span> <span class='ocrx_word' id='word_1_269' title='bbox 955 1586 1184 1627; x_wconf 60' lang='lat' dir='ltr'>Leitionem‘</span> <span class='ocrx_word' id='word_1_270' title='bbox 1209 1587 1408 1629; x_wconf 89' lang='lat' dir='ltr'>Codicum</span> <span class='ocrx_word' id='word_1_271' title='bbox 1427 1588 1539 1631; x_wconf 88' lang='lat' dir='ltr'><strong>MSS.</strong></span> <span class='ocrx_word' id='word_1_272' title='bbox 1562 1595 1602 1630; x_wconf 72' lang='grc' dir='ltr'>ὃς</span> <span class='ocrx_word' id='word_1_273' title='bbox 1625 1592 1739 1633; x_wconf 89' lang='lat' dir='ltr'>verba</span> <span class='ocrx_word' id='word_1_274' title='bbox 1758 1607 1826 1634; x_wconf 85' lang='lat' dir='ltr'>au·-</span> 
     </span>
     <span class='ocr_line' id='line_1_26' title="bbox 81 1640 1828 1699; baseline 0.004 -17"><span class='ocrx_word' id='word_1_275' title='bbox 81 1642 197 1688; x_wconf 83' lang='lat' dir='ltr'>toris,</span> <span class='ocrx_word' id='word_1_276' title='bbox 226 1640 291 1682; x_wconf 91' lang='lat' dir='ltr'>sed</span> <span class='ocrx_word' id='word_1_277' title='bbox 321 1643 435 1682; x_wconf 90' lang='lat' dir='ltr'>verba</span> <span class='ocrx_word' id='word_1_278' title='bbox 463 1641 612 1682; x_wconf 84' lang='lat' dir='ltr'>Erasmi</span> <span class='ocrx_word' id='word_1_279' title='bbox 629 1644 683 1681; x_wconf 68' lang='lat' dir='ltr'>exv</span> <span class='ocrx_word' id='word_1_280' title='bbox 708 1641 851 1681; x_wconf 82' lang='lat' dir='ltr'>Latino</span> <span class='ocrx_word' id='word_1_281' title='bbox 876 1640 984 1682; x_wconf 83' lang='lat' dir='ltr'>versa</span> <span class='ocrx_word' id='word_1_282' title='bbox 1014 1654 1087 1696; x_wconf 91' lang='lat' dir='ltr'>pro</span> <span class='ocrx_word' id='word_1_283' title='bbox 1107 1644 1278 1697; x_wconf 80' lang='lat' dir='ltr'>genuino</span> <span class='ocrx_word' id='word_1_284' title='bbox 1298 1643 1429 1685; x_wconf 87' lang='lat' dir='ltr'>Textu</span> <span class='ocrx_word' id='word_1_285' title='bbox 1458 1646 1828 1699; x_wconf 85' lang='lat' dir='ltr'>representaverint?</span> 
     </span>
     <span class='ocr_line' id='line_1_27' title="bbox 82 1695 1824 1755; baseline 0.004 -18"><span class='ocrx_word' id='word_1_286' title='bbox 82 1711 182 1751; x_wconf 86' lang='lat' dir='ltr'>quae</span> <span class='ocrx_word' id='word_1_287' title='bbox 202 1696 289 1737; x_wconf 89' lang='lat' dir='ltr'>sane</span> <span class='ocrx_word' id='word_1_288' title='bbox 307 1695 442 1750; x_wconf 87' lang='lat' dir='ltr'>supina</span> <span class='ocrx_word' id='word_1_289' title='bbox 461 1696 515 1736; x_wconf 88' lang='lat' dir='ltr'>est</span> <span class='ocrx_word' id='word_1_290' title='bbox 534 1696 789 1749; x_wconf 85' lang='lat' dir='ltr'>negligentia,</span> <span class='ocrx_word' id='word_1_291' title='bbox 806 1698 845 1734; x_wconf 88' lang='lat'>&amp;</span> <span class='ocrx_word' id='word_1_292' title='bbox 862 1696 939 1742; x_wconf 80' lang='lat' dir='ltr'>illis</span> <span class='ocrx_word' id='word_1_293' title='bbox 952 1696 1020 1750; x_wconf 90' lang='lat' dir='ltr'>qui</span> <span class='ocrx_word' id='word_1_294' title='bbox 1037 1696 1269 1738; x_wconf 81' lang='lat' dir='ltr'>deGraecis</span> <span class='ocrx_word' id='word_1_295' title='bbox 1290 1697 1461 1740; x_wconf 89' lang='lat' dir='ltr'>fontibus</span> <span class='ocrx_word' id='word_1_296' title='bbox 1479 1700 1580 1741; x_wconf 91' lang='lat' dir='ltr'>adeo</span> <span class='ocrx_word' id='word_1_297' title='bbox 1599 1702 1824 1755; x_wconf 85' lang='lat' dir='ltr'>gloriantur,</span> 
     </span>
     <span class='ocr_line' id='line_1_28' title="bbox 83 1751 1363 1804; baseline 0.001 -12"><span class='ocrx_word' id='word_1_298' title='bbox 83 1751 388 1804; x_wconf 80' lang='lat' dir='ltr'>Versionemque</span> <span class='ocrx_word' id='word_1_299' title='bbox 408 1751 880 1800; x_wconf 85' lang='lat' dir='ltr'>Latinamcontemnunt,</span> <span class='ocrx_word' id='word_1_300' title='bbox 910 1751 1070 1791; x_wconf 88' lang='lat' dir='ltr'>minime</span> <span class='ocrx_word' id='word_1_301' title='bbox 1090 1751 1363 1793; x_wconf 85' lang='lat' dir='ltr'>condonanda.</span> 
     </span>
    </p>

    <p class='ocr_par' dir='ltr' id='par_1_5' title="bbox 83 1804 1828 2086">
     <span class='ocr_line' id='line_1_29' title="bbox 138 1804 1828 1864; baseline 0.005 -17"><span class='ocrx_word' id='word_1_302' title='bbox 138 1807 200 1847; x_wconf 91' lang='lat' dir='ltr'>Ut</span> <span class='ocrx_word' id='word_1_303' title='bbox 225 1807 306 1859; x_wconf 89' lang='lat' dir='ltr'>jam</span> <span class='ocrx_word' id='word_1_304' title='bbox 332 1819 413 1846; x_wconf 87' lang='lat' dir='ltr'>non</span> <span class='ocrx_word' id='word_1_305' title='bbox 441 1817 632 1859; x_wconf 78' lang='lat' dir='ltr'>repetam,</span> <span class='ocrx_word' id='word_1_306' title='bbox 662 1804 773 1858; x_wconf 91' lang='lat' dir='ltr'>quod</span> <span class='ocrx_word' id='word_1_307' title='bbox 791 1805 970 1846; x_wconf 84' lang='lat' dir='ltr'>Erasmus</span> <span class='ocrx_word' id='word_1_308' title='bbox 996 1805 1225 1847; x_wconf 70' lang='lat' dir='ltr'>Lestionem</span> <span class='ocrx_word' id='word_1_309' title='bbox 1241 1806 1378 1848; x_wconf 84' lang='lat' dir='ltr'>&#39;eorum</span> <span class='ocrx_word' id='word_1_310' title='bbox 1399 1820 1499 1864; x_wconf 87' lang='lat' dir='ltr'>quos</span> <span class='ocrx_word' id='word_1_311' title='bbox 1518 1810 1681 1853; x_wconf 84' lang='lat' dir='ltr'>habebat</span> <span class='ocrx_word' id='word_1_312' title='bbox 1701 1812 1828 1855; x_wconf 89' lang='lat' dir='ltr'>Codi-</span> 
     </span>
     <span class='ocr_line' id='line_1_30' title="bbox 83 1860 1827 1922; baseline 0.005 -19"><span class='ocrx_word' id='word_1_313' title='bbox 83 1876 173 1903; x_wconf 90' lang='lat' dir='ltr'>cum</span> <span class='ocrx_word' id='word_1_314' title='bbox 194 1860 510 1916; x_wconf 84' lang='lat' dir='ltr'>Evangeliorum,</span> <span class='ocrx_word' id='word_1_315' title='bbox 539 1861 730 1900; x_wconf 64' lang='lat' dir='ltr'>Astorum</span> <span class='ocrx_word' id='word_1_316' title='bbox 749 1863 798 1899; x_wconf 22' lang='lat'>&amp;⁷</span> <span class='ocrx_word' id='word_1_317' title='bbox 811 1860 1069 1914; x_wconf 76' lang='lat' dir='ltr'>Epistolarum</span> <span class='ocrx_word' id='word_1_318' title='bbox 1087 1860 1293 1915; x_wconf 79' lang='lat' dir='ltr'>aliquoties</span> <span class='ocrx_word' id='word_1_319' title='bbox 1311 1873 1453 1905; x_wconf 82' lang='lat' dir='ltr'>temere</span> <span class='ocrx_word' id='word_1_320' title='bbox 1471 1868 1696 1918; x_wconf 82' lang='lat' dir='ltr'>mutaverit,</span> <span class='ocrx_word' id='word_1_321' title='bbox 1718 1869 1827 1922; x_wconf 82' lang='lat' dir='ltr'>cujus</span> 
     </span>
     <span class='ocr_line' id='line_1_31' title="bbox 85 1914 1826 1975; baseline 0.004 -17"><span class='ocrx_word' id='word_1_322' title='bbox 85 1918 140 1958; x_wconf 88' lang='lat' dir='ltr'>rei</span> <span class='ocrx_word' id='word_1_323' title='bbox 158 1917 312 1971; x_wconf 84' lang='lat' dir='ltr'>vestigia</span> <span class='ocrx_word' id='word_1_324' title='bbox 333 1914 555 1955; x_wconf 84' lang='lat' dir='ltr'>adhucdum</span> <span class='ocrx_word' id='word_1_325' title='bbox 574 1916 615 1954; x_wconf 91' lang='lat' dir='ltr'>in</span> <span class='ocrx_word' id='word_1_326' title='bbox 631 1914 721 1968; x_wconf 86' lang='lat' dir='ltr'>ipfis</span> <span class='ocrx_word' id='word_1_327' title='bbox 733 1914 948 1955; x_wconf 90' lang='lat' dir='ltr'>Codicibus</span> <span class='ocrx_word' id='word_1_328' title='bbox 966 1914 1164 1956; x_wconf 82' lang='lat' dir='ltr'>manifesta</span> <span class='ocrx_word' id='word_1_329' title='bbox 1185 1917 1493 1971; x_wconf 91' lang='lat' dir='ltr'>conspiciuntur,</span> <span class='ocrx_word' id='word_1_330' title='bbox 1514 1935 1664 1975; x_wconf 88' lang='lat' dir='ltr'>praeter</span> <span class='ocrx_word' id='word_1_331' title='bbox 1675 1924 1759 1964; x_wconf 83' lang='lat' dir='ltr'>loca</span> <span class='ocrx_word' id='word_1_332' title='bbox 1767 1924 1826 1965; x_wconf 90' lang='lat' dir='ltr'>su-</span> 
     </span>
     <span class='ocr_line' id='line_1_32' title="bbox 86 1968 1827 2034; baseline 0.005 -22"><span class='ocrx_word' id='word_1_333' title='bbox 86 1987 154 2026; x_wconf 90' lang='lat' dir='ltr'>pra</span> <span class='ocrx_word' id='word_1_334' title='bbox 184 1985 222 2026; x_wconf 88' lang='lat' dir='ltr'>p.</span> <span class='ocrx_word' id='word_1_335' title='bbox 249 1983 307 2022; x_wconf 85' lang='lat'>44</span> <span class='ocrx_word' id='word_1_336' title='bbox 348 1970 468 2015; x_wconf 76' lang='lat' dir='ltr'>allata.</span> <span class='ocrx_word' id='word_1_337' title='bbox 500 1970 585 2011; x_wconf 64' lang='lat' dir='ltr'>Aet.</span> <span class='ocrx_word' id='word_1_338' title='bbox 617 1968 690 2010; x_wconf 87' lang='lat' dir='ltr'>IX.</span> <span class='ocrx_word' id='word_1_339' title='bbox 722 1982 767 2020; x_wconf 89' lang='lat'>5,</span> <span class='ocrx_word' id='word_1_340' title='bbox 799 1973 835 2010; x_wconf 87' lang='lat'>6.</span> <span class='ocrx_word' id='word_1_341' title='bbox 864 1968 960 2011; x_wconf 89' lang='lat' dir='ltr'>XV.</span> <span class='ocrx_word' id='word_1_342' title='bbox 990 1982 1055 2023; x_wconf 84' lang='lat'>34.</span> <span class='ocrx_word' id='word_1_343' title='bbox 1084 1970 1298 2023; x_wconf 34' lang='lat' dir='ltr'>XVII.Z⁴5.*</span> <span class='ocrx_word' id='word_1_344' title='bbox 1318 1972 1482 2015; x_wconf 79' lang='lat' dir='ltr'>XXIV.</span> <span class='ocrx_word' id='word_1_345' title='bbox 1513 1981 1548 2016; x_wconf 91' lang='lat'>6-.</span> <span class='ocrx_word' id='word_1_346' title='bbox 1567 1979 1670 2031; x_wconf 89' lang='lat' dir='ltr'>-quin</span> <span class='ocrx_word' id='word_1_347' title='bbox 1700 1992 1827 2034; x_wconf 87' lang='lat' dir='ltr'>neque</span> 
     </span>
     <span class='ocr_line' id='line_1_33' title="bbox 83 2023 1729 2086; baseline 0.003 -17"><span class='ocrx_word' id='word_1_348' title='bbox 83 2028 163 2082; x_wconf 84' lang='lat' dir='ltr'>ipse</span> <span class='ocrx_word' id='word_1_349' title='bbox 180 2027 388 2076; x_wconf 84' lang='lat' dir='ltr'>diffitetur,</span> <span class='ocrx_word' id='word_1_350' title='bbox 417 2025 517 2067; x_wconf 86' lang='lat' dir='ltr'>ultro</span> <span class='ocrx_word' id='word_1_351' title='bbox 537 2025 588 2065; x_wconf 90' lang='lat' dir='ltr'>ad</span> <span class='ocrx_word' id='word_1_352' title='bbox 604 2025 749 2067; x_wconf 87' lang='lat' dir='ltr'>amicos</span> <span class='ocrx_word' id='word_1_353' title='bbox 768 2023 955 2075; x_wconf 87' lang='lat' dir='ltr'>scribens,</span> <span class='ocrx_word' id='word_1_354' title='bbox 984 2055 1010 2076; x_wconf 90' lang='lat'><strong>„</strong></span> <span class='ocrx_word' id='word_1_355' title='bbox 1040 2024 1079 2067; x_wconf 90' lang='lat' dir='ltr'>se</span> <span class='ocrx_word' id='word_1_356' title='bbox 1098 2025 1272 2068; x_wconf 89' lang='lat' dir='ltr'>Codices</span> <span class='ocrx_word' id='word_1_357' title='bbox 1292 2027 1379 2069; x_wconf 89' lang='lat' dir='ltr'>suos</span> <span class='ocrx_word' id='word_1_358' title='bbox 1399 2031 1729 2086; x_wconf 74' lang='lat' dir='ltr'>praecastigass‘e&#39;’.</span> 
     </span>
    </p>

    <p class='ocr_par' dir='ltr' id='par_1_6' title="bbox 79 2079 1843 2799">
     <span class='ocr_line' id='line_1_34' title="bbox 142 2079 1829 2140; baseline 0.005 -18"><span class='ocrx_word' id='word_1_359' title='bbox 142 2082 324 2123; x_wconf 77' lang='lat' dir='ltr'>Triennio</span> <span class='ocrx_word' id='word_1_360' title='bbox 345 2081 432 2135; x_wconf 89' lang='lat' dir='ltr'>post</span> <span class='ocrx_word' id='word_1_361' title='bbox 449 2094 576 2134; x_wconf 76' lang='lat' dir='ltr'>quarnv</span> <span class='ocrx_word' id='word_1_362' title='bbox 595 2080 691 2124; x_wconf 79' lang='lat' dir='ltr'>haec</span> <span class='ocrx_word' id='word_1_363' title='bbox 716 2079 768 2120; x_wconf 92' lang='lat' dir='ltr'>de</span> <span class='ocrx_word' id='word_1_364' title='bbox 788 2080 983 2123; x_wconf 83' lang='lat' dir='ltr'>Editione</span> <span class='ocrx_word' id='word_1_365' title='bbox 1007 2081 1163 2122; x_wconf 80' lang='lat' dir='ltr'>Erasmi:</span> <span class='ocrx_word' id='word_1_366' title='bbox 1178 2081 1396 2137; x_wconf 84' lang='lat' dir='ltr'>scripseram</span> <span class='ocrx_word' id='word_1_367' title='bbox 1416 2116 1430 2136; x_wconf 88' lang='lat'>,</span> <span class='ocrx_word' id='word_1_368' title='bbox 1460 2086 1608 2140; x_wconf 89' lang='lat' dir='ltr'>prodiit</span> <span class='ocrx_word' id='word_1_369' title='bbox 1635 2089 1829 2131; x_wconf 89' lang='lat' dir='ltr'>Amstelo-</span> 
     </span>
     <span class='ocr_line' id='line_1_35' title="bbox 86 2134 1828 2196; baseline 0.003 -18"><span class='ocrx_word' id='word_1_370' title='bbox 86 2137 191 2182; x_wconf 83' lang='lat' dir='ltr'>dami</span> <span class='ocrx_word' id='word_1_371' title='bbox 217 2138 415 2189; x_wconf 77' lang='lat' dir='ltr'>Anonymi</span> <span class='ocrx_word' id='word_1_372' title='bbox 432 2134 657 2188; x_wconf 78' lang='lat' dir='ltr'>Bastleenfis·</span> <span class='ocrx_word' id='word_1_373' title='bbox 679 2134 912 2179; x_wconf 73' lang='lat' dir='ltr'>Vindicatio</span> <span class='ocrx_word' id='word_1_374' title='bbox 929 2135 1095 2177; x_wconf 83' lang='lat' dir='ltr'>Erasmi</span> <span class='ocrx_word' id='word_1_375' title='bbox 1124 2135 1175 2176; x_wconf 84' lang='lat' dir='ltr'>ab</span> <span class='ocrx_word' id='word_1_376' title='bbox 1196 2139 1446 2191; x_wconf 67' lang='lat' dir='ltr'>aceufiztione</span> <span class='ocrx_word' id='word_1_377' title='bbox 1465 2145 1627 2196; x_wconf 80' lang='lat' dir='ltr'>gemina</span> <span class='ocrx_word' id='word_1_378' title='bbox 1653 2146 1828 2186; x_wconf 75' lang='lat' dir='ltr'>Amoris</span> 
     </span>
     <span class='ocr_line' id='line_1_36' title="bbox 79 2189 1827 2251; baseline 0.005 -19"><span class='ocrx_word' id='word_1_379' title='bbox 79 2192 429 2248; x_wconf 81' lang='lat' dir='ltr'>prolegomenorum</span> <span class='ocrx_word' id='word_1_380' title='bbox 459 2192 498 2232; x_wconf 88' lang='lat' dir='ltr'>in</span> <span class='ocrx_word' id='word_1_381' title='bbox 523 2190 794 2244; x_wconf 83' lang='lat' dir='ltr'>Miscellaneis</span> <span class='ocrx_word' id='word_1_382' title='bbox 821 2189 1397 2248; x_wconf 40' lang='lat' dir='ltr'>Duisburgenstbugquorum</span> <span class='ocrx_word' id='word_1_383' title='bbox 1427 2195 1536 2251; x_wconf 85' lang='lat' dir='ltr'>supra</span> <span class='ocrx_word' id='word_1_384' title='bbox 1557 2197 1631 2239; x_wconf 89' lang='lat' dir='ltr'>feci</span> <span class='ocrx_word' id='word_1_385' title='bbox 1663 2200 1827 2242; x_wconf 89' lang='lat' dir='ltr'>mentio-</span> 
     </span>
     <span class='ocr_line' id='line_1_37' title="bbox 89 2246 1829 2303; baseline 0.005 -14"><span class='ocrx_word' id='word_1_386' title='bbox 89 2262 177 2289; x_wconf 88' lang='lat' dir='ltr'>nem</span> <span class='ocrx_word' id='word_1_387' title='bbox 197 2262 235 2302; x_wconf 89' lang='lat' dir='ltr'>p.</span> <span class='ocrx_word' id='word_1_388' title='bbox 258 2260 324 2301; x_wconf 82' lang='lat'>34.</span> <span class='ocrx_word' id='word_1_389' title='bbox 351 2247 491 2302; x_wconf 84' lang='lat' dir='ltr'>Agitur</span> <span class='ocrx_word' id='word_1_390' title='bbox 508 2246 560 2287; x_wconf 89' lang='lat' dir='ltr'>ibi</span> <span class='ocrx_word' id='word_1_391' title='bbox 581 2246 633 2290; x_wconf 93' lang='lat' dir='ltr'>de</span> <span class='ocrx_word' id='word_1_392' title='bbox 651 2246 796 2300; x_wconf 83' lang='lat' dir='ltr'>duplici</span> <span class='ocrx_word' id='word_1_393' title='bbox 815 2260 964 2291; x_wconf 80' lang='lat' dir='ltr'>errore,</span> <span class='ocrx_word' id='word_1_394' title='bbox 993 2248 1111 2302; x_wconf 81' lang='lat' dir='ltr'>quem</span> <span class='ocrx_word' id='word_1_395' title='bbox 1131 2249 1310 2291; x_wconf 85' lang='lat' dir='ltr'>Erasmus</span> <span class='ocrx_word' id='word_1_396' title='bbox 1329 2252 1543 2303; x_wconf 76' lang='lat' dir='ltr'>commisit,</span> <span class='ocrx_word' id='word_1_397' title='bbox 1573 2265 1656 2295; x_wconf 90' lang='lat' dir='ltr'>tum</span> <span class='ocrx_word' id='word_1_398' title='bbox 1685 2256 1726 2295; x_wconf 89' lang='lat' dir='ltr'>in</span> <span class='ocrx_word' id='word_1_399' title='bbox 1755 2256 1829 2297; x_wconf 91' lang='lat' dir='ltr'>Le-</span> 
     </span>
     <span class='ocr_line' id='line_1_38' title="bbox 89 2302 1828 2365; baseline 0.005 -21"><span class='ocrx_word' id='word_1_400' title='bbox 89 2304 218 2345; x_wconf 67' lang='lat' dir='ltr'>&amp;ione</span> <span class='ocrx_word' id='word_1_401' title='bbox 246 2302 508 2356; x_wconf 65' lang='lat' dir='ltr'>Inscripnonis</span> <span class='ocrx_word' id='word_1_402' title='bbox 533 2302 1238 2357; x_wconf 65' lang='lat' dir='ltr'>CommentariorumTheophylaffi,</span> <span class='ocrx_word' id='word_1_403' title='bbox 1267 2316 1348 2346; x_wconf 92' lang='lat' dir='ltr'>tum</span> <span class='ocrx_word' id='word_1_404' title='bbox 1367 2306 1410 2345; x_wconf 85' lang='lat' dir='ltr'>in</span> <span class='ocrx_word' id='word_1_405' title='bbox 1426 2307 1595 2350; x_wconf 54' lang='lat' dir='ltr'>lectione</span> <span class='ocrx_word' id='word_1_406' title='bbox 1624 2322 1739 2365; x_wconf 86' lang='lat' dir='ltr'>atque</span> <span class='ocrx_word' id='word_1_407' title='bbox 1768 2312 1828 2352; x_wconf 90' lang='lat' dir='ltr'>in-</span> 
     </span>
     <span class='ocr_line' id='line_1_39' title="bbox 89 2357 1829 2420; baseline 0.004 -20"><span class='ocrx_word' id='word_1_408' title='bbox 89 2357 565 2412; x_wconf 47' lang='lat' dir='ltr'>terpretationesejusdem</span> <span class='ocrx_word' id='word_1_409' title='bbox 594 2358 880 2399; x_wconf 82' lang='lat' dir='ltr'>Commentarii</span> <span class='ocrx_word' id='word_1_410' title='bbox 910 2358 954 2398; x_wconf 86' lang='lat' dir='ltr'>in</span> <span class='ocrx_word' id='word_1_411' title='bbox 982 2358 1074 2399; x_wconf 90' lang='lat' dir='ltr'>Luc.</span> <span class='ocrx_word' id='word_1_412' title='bbox 1102 2359 1176 2400; x_wconf 75' lang='lat' dir='ltr'>XI.</span> <span class='ocrx_word' id='word_1_413' title='bbox 1209 2372 1272 2413; x_wconf 82' lang='lat'>53.</span> <span class='ocrx_word' id='word_1_414' title='bbox 1329 2361 1501 2404; x_wconf 85' lang='lat' dir='ltr'>Mirabar</span> <span class='ocrx_word' id='word_1_415' title='bbox 1531 2365 1720 2417; x_wconf 87' lang='lat' dir='ltr'>primum,</span> <span class='ocrx_word' id='word_1_416' title='bbox 1760 2369 1829 2420; x_wconf 91' lang='lat' dir='ltr'>qui</span> 
     </span>
     <span class='ocr_line' id='line_1_40' title="bbox 91 2411 1828 2476; baseline 0.005 -22"><span class='ocrx_word' id='word_1_417' title='bbox 91 2412 382 2457; x_wconf 79' lang='lat' dir='ltr'>GEMINUM</span> <span class='ocrx_word' id='word_1_418' title='bbox 411 2412 515 2453; x_wconf 85' lang='lat' dir='ltr'>illud</span> <span class='ocrx_word' id='word_1_419' title='bbox 525 2411 757 2466; x_wconf 79' lang='lat' dir='ltr'>potzffi&#39;mum</span> <span class='ocrx_word' id='word_1_420' title='bbox 775 2412 815 2453; x_wconf 88' lang='lat' dir='ltr'>ei</span> <span class='ocrx_word' id='word_1_421' title='bbox 826 2412 906 2466; x_wconf 85' lang='lat' dir='ltr'>sub</span> <span class='ocrx_word' id='word_1_422' title='bbox 936 2412 1065 2453; x_wconf 78' lang='lat' dir='ltr'>oculos</span> <span class='ocrx_word' id='word_1_423' title='bbox 1091 2417 1253 2455; x_wconf 80' lang='lat' dir='ltr'>venerit</span> <span class='ocrx_word' id='word_1_424' title='bbox 1271 2446 1283 2466; x_wconf 93' lang='lat'>,</span> <span class='ocrx_word' id='word_1_425' title='bbox 1312 2416 1472 2471; x_wconf 85' lang='lat' dir='ltr'>reliquis</span> <span class='ocrx_word' id='word_1_426' title='bbox 1495 2421 1695 2470; x_wconf 86' lang='lat' dir='ltr'>omnibus,</span> <span class='ocrx_word' id='word_1_427' title='bbox 1727 2435 1828 2476; x_wconf 77' lang='lat' dir='ltr'>quae</span> 
     </span>
     <span class='ocr_line' id='line_1_41' title="bbox 89 2468 1829 2529; baseline 0.006 -21"><span class='ocrx_word' id='word_1_428' title='bbox 89 2469 208 2524; x_wconf 85' lang='lat' dir='ltr'>longe</span> <span class='ocrx_word' id='word_1_429' title='bbox 236 2468 343 2522; x_wconf 83' lang='lat' dir='ltr'>plura</span> <span class='ocrx_word' id='word_1_430' title='bbox 371 2472 411 2510; x_wconf 89' lang='lat'>&amp;</span> <span class='ocrx_word' id='word_1_431' title='bbox 443 2469 619 2524; x_wconf 82' lang='lat' dir='ltr'>graviora</span> <span class='ocrx_word' id='word_1_432' title='bbox 640 2468 748 2518; x_wconf 88' lang='lat' dir='ltr'>sunt,</span> <span class='ocrx_word' id='word_1_433' title='bbox 779 2482 862 2508; x_wconf 89' lang='lat' dir='ltr'>non</span> <span class='ocrx_word' id='word_1_434' title='bbox 892 2468 998 2511; x_wconf 79' lang='lat' dir='ltr'>secus</span> <span class='ocrx_word' id='word_1_435' title='bbox 1016 2468 1089 2510; x_wconf 89' lang='lat' dir='ltr'>acfi</span> <span class='ocrx_word' id='word_1_436' title='bbox 1110 2483 1193 2510; x_wconf 91' lang='lat' dir='ltr'>non</span> <span class='ocrx_word' id='word_1_437' title='bbox 1211 2470 1348 2525; x_wconf 88' lang='lat' dir='ltr'>scripta</span> <span class='ocrx_word' id='word_1_438' title='bbox 1367 2472 1509 2525; x_wconf 81' lang='lat' dir='ltr'>essent,</span> <span class='ocrx_word' id='word_1_439' title='bbox 1536 2476 1730 2529; x_wconf 70' lang='lat' dir='ltr'>negleffis.</span> <span class='ocrx_word' id='word_1_440' title='bbox 1786 2476 1829 2518; x_wconf 87' lang='lat' dir='ltr'>Si</span> 
     </span>
     <span class='ocr_line' id='line_1_42' title="bbox 91 2524 1830 2587; baseline 0.005 -23"><span class='ocrx_word' id='word_1_441' title='bbox 91 2524 178 2578; x_wconf 84' lang='lat' dir='ltr'>quis</span> <span class='ocrx_word' id='word_1_442' title='bbox 204 2524 404 2564; x_wconf 82' lang='lat' dir='ltr'>hominem</span> <span class='ocrx_word' id='word_1_443' title='bbox 434 2524 642 2565; x_wconf 78' lang='lat' dir='ltr'>multorum</span> <span class='ocrx_word' id='word_1_444' title='bbox 672 2534 917 2577; x_wconf 84' lang='lat' dir='ltr'>peccatorum</span> <span class='ocrx_word' id='word_1_445' title='bbox 946 2524 1165 2576; x_wconf 82' lang='lat' dir='ltr'>accusaret,</span> <span class='ocrx_word' id='word_1_446' title='bbox 1197 2529 1238 2566; x_wconf 73' lang='grc' dir='ltr'>δε</span> <span class='ocrx_word' id='word_1_447' title='bbox 1277 2527 1338 2567; x_wconf 84' lang='lat' dir='ltr'>his</span> <span class='ocrx_word' id='word_1_448' title='bbox 1378 2528 1581 2570; x_wconf 88' lang='lat' dir='ltr'>leviculum</span> <span class='ocrx_word' id='word_1_449' title='bbox 1613 2532 1830 2587; x_wconf 90' lang='lat' dir='ltr'>quodpiam</span> 
     </span>
     <span class='ocr_line' id='line_1_43' title="bbox 91 2579 1831 2641; baseline 0.006 -22"><span class='ocrx_word' id='word_1_450' title='bbox 91 2580 215 2620; x_wconf 92' lang='lat' dir='ltr'>obiter</span> <span class='ocrx_word' id='word_1_451' title='bbox 233 2579 412 2624; x_wconf 84' lang='lat' dir='ltr'>adderet,</span> <span class='ocrx_word' id='word_1_452' title='bbox 441 2591 626 2633; x_wconf 86' lang='lat' dir='ltr'>patronus</span> <span class='ocrx_word' id='word_1_453' title='bbox 645 2592 738 2619; x_wconf 89' lang='lat' dir='ltr'>vero</span> <span class='ocrx_word' id='word_1_454' title='bbox 756 2579 940 2630; x_wconf 83' lang='lat' dir='ltr'>accusati,</span> <span class='ocrx_word' id='word_1_455' title='bbox 968 2579 1041 2621; x_wconf 88' lang='lat' dir='ltr'>illis</span> <span class='ocrx_word' id='word_1_456' title='bbox 1057 2580 1237 2622; x_wconf 90' lang='lat' dir='ltr'>omnibus</span> <span class='ocrx_word' id='word_1_457' title='bbox 1255 2582 1454 2636; x_wconf 90' lang='lat' dir='ltr'>profundo</span> <span class='ocrx_word' id='word_1_458' title='bbox 1485 2585 1634 2627; x_wconf 84' lang='lat' dir='ltr'>silentio</span> <span class='ocrx_word' id='word_1_459' title='bbox 1665 2599 1831 2641; x_wconf 85' lang='lat' dir='ltr'>praeter-</span> 
     </span>
     <span class='ocr_line' id='line_1_44' title="bbox 93 2633 1828 2695; baseline 0.006 -21"><span class='ocrx_word' id='word_1_460' title='bbox 93 2634 229 2684; x_wconf 85' lang='lat' dir='ltr'>miffis‚</span> <span class='ocrx_word' id='word_1_461' title='bbox 260 2634 335 2675; x_wconf 86' lang='lat' dir='ltr'>hoc</span> <span class='ocrx_word' id='word_1_462' title='bbox 352 2647 469 2675; x_wconf 89' lang='lat' dir='ltr'>unum</span> <span class='ocrx_word' id='word_1_463' title='bbox 482 2665 494 2684; x_wconf 93' lang='lat'>,</span> <span class='ocrx_word' id='word_1_464' title='bbox 524 2633 642 2688; x_wconf 88' lang='lat' dir='ltr'>idque</span> <span class='ocrx_word' id='word_1_465' title='bbox 659 2647 741 2675; x_wconf 90' lang='lat' dir='ltr'>non</span> <span class='ocrx_word' id='word_1_466' title='bbox 757 2633 828 2675; x_wconf 82' lang='lat' dir='ltr'>nisi</span> <span class='ocrx_word' id='word_1_467' title='bbox 845 2648 893 2675; x_wconf 86' lang='lat' dir='ltr'>ex</span> <span class='ocrx_word' id='word_1_468' title='bbox 913 2646 1020 2689; x_wconf 88' lang='lat' dir='ltr'>parte</span> <span class='ocrx_word' id='word_1_469' title='bbox 1039 2635 1253 2687; x_wconf 84' lang='lat' dir='ltr'>excusaret,</span> <span class='ocrx_word' id='word_1_470' title='bbox 1282 2652 1331 2678; x_wconf 91' lang='lat' dir='ltr'>an</span> <span class='ocrx_word' id='word_1_471' title='bbox 1351 2652 1458 2679; x_wconf 88' lang='lat' dir='ltr'>reum</span> <span class='ocrx_word' id='word_1_472' title='bbox 1486 2641 1646 2695; x_wconf 89' lang='lat' dir='ltr'>ejusque</span> <span class='ocrx_word' id='word_1_473' title='bbox 1679 2644 1828 2684; x_wconf 87' lang='lat' dir='ltr'>causam</span> 
     </span>
     <span class='ocr_line' id='line_1_45' title="bbox 93 2688 1828 2752; baseline 0.005 -23"><span class='ocrx_word' id='word_1_474' title='bbox 93 2688 325 2740; x_wconf 78' lang='lat' dir='ltr'>defendisse,</span> <span class='ocrx_word' id='word_1_475' title='bbox 353 2704 403 2730; x_wconf 91' lang='lat' dir='ltr'>an</span> <span class='ocrx_word' id='word_1_476' title='bbox 424 2689 634 2744; x_wconf 81' lang='lat' dir='ltr'>prodidisse</span> <span class='ocrx_word' id='word_1_477' title='bbox 653 2693 782 2743; x_wconf 89' lang='lat' dir='ltr'>potius</span> <span class='ocrx_word' id='word_1_478' title='bbox 798 2690 1096 2732; x_wconf 78' lang='lat' dir='ltr'>existimaretur?</span> <span class='ocrx_word' id='word_1_479' title='bbox 1124 2691 1219 2732; x_wconf 93' lang='lat' dir='ltr'>Hoc</span> <span class='ocrx_word' id='word_1_480' title='bbox 1239 2703 1369 2734; x_wconf 87' lang='lat' dir='ltr'>tamen</span> <span class='ocrx_word' id='word_1_481' title='bbox 1391 2693 1503 2744; x_wconf 86' lang='lat' dir='ltr'>fecit,</span> <span class='ocrx_word' id='word_1_482' title='bbox 1531 2698 1598 2751; x_wconf 90' lang='lat' dir='ltr'>qui</span> <span class='ocrx_word' id='word_1_483' title='bbox 1626 2698 1828 2752; x_wconf 88' lang='lat' dir='ltr'>personam</span> 
     </span>
     <span class='ocr_line' id='line_1_46' title="bbox 94 2745 1843 2799; baseline 0.005 -15"><span class='ocrx_word' id='word_1_484' title='bbox 94 2745 247 2798; x_wconf 81' lang='lat' dir='ltr'>patroni</span> <span class='ocrx_word' id='word_1_485' title='bbox 267 2745 415 2786; x_wconf 87' lang='lat' dir='ltr'>Erasmi</span> <span class='ocrx_word' id='word_1_486' title='bbox 437 2745 506 2786; x_wconf 83' lang='lat' dir='ltr'>sibi</span> <span class='ocrx_word' id='word_1_487' title='bbox 527 2745 729 2799; x_wconf 84' lang='lat' dir='ltr'>imposuit:</span> <span class='ocrx_word' id='word_1_488' title='bbox 757 2759 823 2786; x_wconf 84' lang='lat' dir='ltr'>cur</span> <span class='ocrx_word' id='word_1_489' title='bbox 843 2756 970 2787; x_wconf 88' lang='lat' dir='ltr'>autem</span> <span class='ocrx_word' id='word_1_490' title='bbox 991 2745 1145 2798; x_wconf 86' lang='lat' dir='ltr'>fecerit,</span> <span class='ocrx_word' id='word_1_491' title='bbox 1174 2746 1274 2788; x_wconf 88' lang='lat' dir='ltr'>infra</span> <span class='ocrx_word' id='word_1_492' title='bbox 1290 2748 1515 2793; x_wconf 86' lang='lat' dir='ltr'>videbimus.</span> <span class='ocrx_word' id='word_1_493' title='bbox 1840 2780 1843 2783; x_wconf 92' lang='lat'>-</span> 
     </span>
    </p>

    <p class='ocr_par' dir='ltr' id='par_1_7' title="bbox 85 2798 1837 3253">
     <span class='ocr_line' id='line_1_47' title="bbox 149 2798 1829 2857; baseline 0.005 -15"><span class='ocrx_word' id='word_1_494' title='bbox 149 2799 360 2842; x_wconf 86' lang='lat' dir='ltr'>Videamus</span> <span class='ocrx_word' id='word_1_495' title='bbox 376 2801 553 2851; x_wconf 86' lang='lat' dir='ltr'>interim,</span> <span class='ocrx_word' id='word_1_496' title='bbox 581 2799 678 2855; x_wconf 91' lang='lat' dir='ltr'>quid</span> <span class='ocrx_word' id='word_1_497' title='bbox 696 2800 831 2842; x_wconf 83' lang='lat' dir='ltr'>afferat</span> <span class='ocrx_word' id='word_1_498' title='bbox 851 2802 980 2843; x_wconf 85' lang='lat' dir='ltr'>noster</span> <span class='ocrx_word' id='word_1_499' title='bbox 996 2803 1251 2857; x_wconf 81' lang='lat' dir='ltr'>Anonymus;</span> <span class='ocrx_word' id='word_1_500' title='bbox 1280 2818 1328 2844; x_wconf 85' lang='lat' dir='ltr'>an</span> <span class='ocrx_word' id='word_1_501' title='bbox 1349 2798 1574 2857; x_wconf 83' lang='lat' dir='ltr'>contendit,</span> <span class='ocrx_word' id='word_1_502' title='bbox 1605 2808 1829 2855; x_wconf 87' lang='lat' dir='ltr'>Erasmum‚</span> 
     </span>
     <span class='ocr_line' id='line_1_48' title="bbox 96 2851 1832 2916; baseline 0.006 -22"><span class='ocrx_word' id='word_1_503' title='bbox 96 2867 211 2907; x_wconf 91' lang='lat' dir='ltr'>quem</span> <span class='ocrx_word' id='word_1_504' title='bbox 229 2851 305 2911; x_wconf 85' lang='lat' dir='ltr'>eg&#39;o</span> <span class='ocrx_word' id='word_1_505' title='bbox 325 2856 382 2897; x_wconf 93' lang='lat' dir='ltr'>bis</span> <span class='ocrx_word' id='word_1_506' title='bbox 402 2856 682 2897; x_wconf 35' lang='lat' dir='ltr'>aberrassevdixi</span> <span class='ocrx_word' id='word_1_507' title='bbox 694 2891 706 2907; x_wconf 90' lang='lat'>‚</span> <span class='ocrx_word' id='word_1_508' title='bbox 735 2871 865 2899; x_wconf 86' lang='lat' dir='ltr'>revera</span> <span class='ocrx_word' id='word_1_509' title='bbox 886 2871 968 2898; x_wconf 89' lang='lat' dir='ltr'>non</span> <span class='ocrx_word' id='word_1_510' title='bbox 988 2856 1150 2899; x_wconf 71' lang='lat' dir='ltr'>errafle?</span> <span class='ocrx_word' id='word_1_511' title='bbox 1179 2859 1358 2900; x_wconf 89' lang='lat' dir='ltr'>Minime.</span> <span class='ocrx_word' id='word_1_512' title='bbox 1376 2859 1560 2903; x_wconf 80' lang='lat' dir='ltr'>Dubium</span> <span class='ocrx_word' id='word_1_513' title='bbox 1578 2876 1653 2903; x_wconf 89' lang='lat' dir='ltr'>non</span> <span class='ocrx_word' id='word_1_514' title='bbox 1672 2863 1744 2916; x_wconf 71' lang='lat' dir='ltr'>est,</span> <span class='ocrx_word' id='word_1_515' title='bbox 1773 2864 1832 2904; x_wconf 88' lang='lat' dir='ltr'>in-</span> 
     </span>
     <span class='ocr_line' id='line_1_49' title="bbox 97 2910 1832 2972; baseline 0.006 -24"><span class='ocrx_word' id='word_1_516' title='bbox 97 2910 202 2961; x_wconf 90' lang='lat' dir='ltr'>quit,</span> <span class='ocrx_word' id='word_1_517' title='bbox 231 2913 325 2965; x_wconf 84' lang='lat' dir='ltr'>quin</span> <span class='ocrx_word' id='word_1_518' title='bbox 344 2910 412 2952; x_wconf 85' lang='lat' dir='ltr'>ille</span> <span class='ocrx_word' id='word_1_519' title='bbox 430 2924 552 2951; x_wconf 86' lang='lat' dir='ltr'>verus</span> <span class='ocrx_word' id='word_1_520' title='bbox 573 2911 743 2963; x_wconf 80' lang='lat' dir='ltr'>titulus,</span> <span class='ocrx_word' id='word_1_521' title='bbox 763 2925 876 2967; x_wconf 84' lang='lat' dir='ltr'>quem</span> <span class='ocrx_word' id='word_1_522' title='bbox 896 2913 975 2966; x_wconf 76' lang='lat' dir='ltr'>ipse</span> <span class='ocrx_word' id='word_1_523' title='bbox 992 2912 1230 2964; x_wconf 75' lang='lat' dir='ltr'>amanuensis</span> <span class='ocrx_word' id='word_1_524' title='bbox 1242 2915 1418 2955; x_wconf 82' lang='lat' dir='ltr'>Graecus</span> <span class='ocrx_word' id='word_1_525' title='bbox 1436 2926 1507 2970; x_wconf 86' lang='lat' dir='ltr'>pro</span> <span class='ocrx_word' id='word_1_526' title='bbox 1528 2919 1658 2958; x_wconf 86' lang='lat' dir='ltr'>veteri</span> <span class='ocrx_word' id='word_1_527' title='bbox 1679 2921 1832 2972; x_wconf 82' lang='lat' dir='ltr'>confice-</span> 
     </span>
     <span class='ocr_line' id='line_1_50' title="bbox 98 2962 1834 3027; baseline 0.006 -25"><span class='ocrx_word' id='word_1_528' title='bbox 98 2962 231 3004; x_wconf 81' lang='lat' dir='ltr'>tudine</span> <span class='ocrx_word' id='word_1_529' title='bbox 260 2967 377 3006; x_wconf 83' lang='lat' dir='ltr'>minio</span> <span class='ocrx_word' id='word_1_530' title='bbox 408 2969 624 3017; x_wconf 80' lang='lat' dir='ltr'>exaravit,</span> <span class='ocrx_word' id='word_1_531' title='bbox 652 2969 716 3007; x_wconf 84' lang='lat' dir='ltr'>ita</span> <span class='ocrx_word' id='word_1_532' title='bbox 735 2966 869 3009; x_wconf 81' lang='lat' dir='ltr'>debeat</span> <span class='ocrx_word' id='word_1_533' title='bbox 888 2967 989 3022; x_wconf 86' lang='lat' dir='ltr'>legi,</span> <span class='ocrx_word' id='word_1_534' title='bbox 1017 2976 1065 3008; x_wconf 84' lang='lat' dir='ltr'>ut</span> <span class='ocrx_word' id='word_1_535' title='bbox 1085 2968 1169 3025; x_wconf 68' lang='lat' dir='ltr'>ejus</span> <span class='ocrx_word' id='word_1_536' title='bbox 1189 2969 1313 3010; x_wconf 81' lang='lat' dir='ltr'>verb-a</span> <span class='ocrx_word' id='word_1_537' title='bbox 1324 2971 1482 3027; x_wconf 80' lang='lat' dir='ltr'>profert</span> <span class='ocrx_word' id='word_1_538' title='bbox 1502 2973 1635 3013; x_wconf 78' lang='lat' dir='ltr'>Autor</span> <span class='ocrx_word' id='word_1_539' title='bbox 1649 2974 1834 3027; x_wconf 78' lang='lat' dir='ltr'>Prolego-</span> 
     </span>
     <span class='ocr_line' id='line_1_51' title="bbox 98 3021 1833 3083; baseline 0.006 -27"><span class='ocrx_word' id='word_1_540' title='bbox 98 3031 300 3060; x_wconf 84' lang='lat' dir='ltr'>menorum.</span> <span class='ocrx_word' id='word_1_541' title='bbox 333 3044 385 3052; x_wconf 89' lang='lat'>---</span> <span class='ocrx_word' id='word_1_542' title='bbox 415 3021 529 3061; x_wconf 85' lang='lat' dir='ltr'>Unde</span> <span class='ocrx_word' id='word_1_543' title='bbox 556 3022 628 3061; x_wconf 84' lang='lat' dir='ltr'>hoc</span> <span class='ocrx_word' id='word_1_544' title='bbox 658 3022 722 3063; x_wconf 81' lang='lat' dir='ltr'>illi</span> <span class='ocrx_word' id='word_1_545' title='bbox 750 3021 857 3063; x_wconf 85' lang='lat' dir='ltr'>ultro</span> <span class='ocrx_word' id='word_1_546' title='bbox 883 3022 1042 3074; x_wconf 86' lang='lat' dir='ltr'>damus,</span> <span class='ocrx_word' id='word_1_547' title='bbox 1062 3025 1233 3078; x_wconf 81' lang='lat' dir='ltr'>potuiffe</span> <span class='ocrx_word' id='word_1_548' title='bbox 1251 3026 1471 3067; x_wconf 80' lang='lat' dir='ltr'>Erasmum</span> <span class='ocrx_word' id='word_1_549' title='bbox 1485 3030 1622 3083; x_wconf 81' lang='lat' dir='ltr'>utique</span> <span class='ocrx_word' id='word_1_550' title='bbox 1638 3028 1724 3083; x_wconf 87' lang='lat' dir='ltr'>jam</span> <span class='ocrx_word' id='word_1_551' title='bbox 1747 3037 1833 3067; x_wconf 79' lang='lat' dir='ltr'>tum</span> 
     </span>
     <span class='ocr_line' id='line_1_52' title="bbox 85 3073 1831 3139; baseline 0.005 -27"><span class='ocrx_word' id='word_1_552' title='bbox 85 3073 164 3127; x_wconf 81' lang='lat' dir='ltr'>fibi</span> <span class='ocrx_word' id='word_1_553' title='bbox 192 3086 330 3113; x_wconf 85' lang='lat' dir='ltr'>cavere</span> <span class='ocrx_word' id='word_1_554' title='bbox 350 3075 398 3116; x_wconf 87' lang='lat' dir='ltr'>ab</span> <span class='ocrx_word' id='word_1_555' title='bbox 417 3077 486 3117; x_wconf 83' lang='lat' dir='ltr'>illo</span> <span class='ocrx_word' id='word_1_556' title='bbox 508 3084 657 3124; x_wconf 78' lang='lat' dir='ltr'>errore,</span> <span class='ocrx_word' id='word_1_557' title='bbox 680 3077 996 3131; x_wconf 85' lang='lat' dir='ltr'>quemadmodum</span> <span class='ocrx_word' id='word_1_558' title='bbox 1011 3078 1143 3133; x_wconf 81' lang='lat' dir='ltr'>postea</span> <span class='ocrx_word' id='word_1_559' title='bbox 1152 3080 1253 3131; x_wconf 84' lang='lat' dir='ltr'>sane</span> <span class='ocrx_word' id='word_1_560' title='bbox 1270 3095 1355 3121; x_wconf 80' lang='lat' dir='ltr'>eum</span> <span class='ocrx_word' id='word_1_561' title='bbox 1365 3083 1508 3139; x_wconf 74' lang='lat' dir='ltr'>fitopte</span> <span class='ocrx_word' id='word_1_562' title='bbox 1528 3085 1683 3138; x_wconf 82' lang='lat' dir='ltr'>ingenio</span> <span class='ocrx_word' id='word_1_563' title='bbox 1702 3081 1831 3135; x_wconf 83' lang='lat' dir='ltr'>depre-</span> 
     </span>
     <span class='ocr_line' id='line_1_53' title="bbox 97 3127 1831 3191; baseline 0.006 -23"><span class='ocrx_word' id='word_1_564' title='bbox 97 3128 234 3169; x_wconf 79' lang='lat' dir='ltr'>hendit</span> <span class='ocrx_word' id='word_1_565' title='bbox 267 3127 314 3173; x_wconf 60' lang='grc' dir='ltr'>ἔγ</span> <span class='ocrx_word' id='word_1_566' title='bbox 342 3133 523 3172; x_wconf 81' lang='lat' dir='ltr'>correxit.</span> <span class='ocrx_word' id='word_1_567' title='bbox 548 3153 614 3163; x_wconf 91' lang='lat'><em>----</em></span> <span class='ocrx_word' id='word_1_568' title='bbox 642 3132 765 3174; x_wconf 86' lang='lat' dir='ltr'>Venio</span> <span class='ocrx_word' id='word_1_569' title='bbox 781 3132 838 3173; x_wconf 86' lang='lat' dir='ltr'>ad</span> <span class='ocrx_word' id='word_1_570' title='bbox 850 3133 1019 3174; x_wconf 85' lang='lat' dir='ltr'>alterum</span> <span class='ocrx_word' id='word_1_571' title='bbox 1048 3133 1235 3174; x_wconf 85' lang='lat' dir='ltr'>Errorem</span> <span class='ocrx_word' id='word_1_572' title='bbox 1254 3136 1426 3177; x_wconf 86' lang='lat' dir='ltr'>Erasmo</span> <span class='ocrx_word' id='word_1_573' title='bbox 1454 3139 1736 3191; x_wconf 75' lang='lat' dir='ltr'>exprobratum.</span> <span class='ocrx_word' id='word_1_574' title='bbox 1763 3158 1831 3168; x_wconf 91' lang='lat'>----</span> 
     </span>
     <span class='ocr_line' id='line_1_54' title="bbox 96 3184 1837 3253; baseline 0.003 -28"><span class='ocrx_word' id='word_1_575' title='bbox 96 3185 185 3240; x_wconf 53' lang='lat' dir='ltr'>Qui</span> <span class='ocrx_word' id='word_1_576' title='bbox 205 3184 382 3226; x_wconf 83' lang='lat' dir='ltr'>Codicem</span> <span class='ocrx_word' id='word_1_577' title='bbox 400 3187 620 3241; x_wconf 78' lang='lat' dir='ltr'>inspexere,</span> <span class='ocrx_word' id='word_1_578' title='bbox 648 3200 725 3230; x_wconf 81' lang='lat' dir='ltr'>non</span> <span class='ocrx_word' id='word_1_579' title='bbox 741 3187 975 3243; x_wconf 80' lang='lat' dir='ltr'>inficiantur</span> <span class='ocrx_word' id='word_1_580' title='bbox 986 3219 999 3241; x_wconf 91' lang='lat'>,</span> <span class='ocrx_word' id='word_1_581' title='bbox 1025 3188 1175 3244; x_wconf 85' lang='lat' dir='ltr'><em>lapsum</em></span> <span class='ocrx_word' id='word_1_582' title='bbox 1191 3188 1258 3231; x_wconf 83' lang='lat' dir='ltr'>hic</span> <span class='ocrx_word' id='word_1_583' title='bbox 1275 3203 1426 3245; x_wconf 81' lang='lat' dir='ltr'>quoque</span> <span class='ocrx_word' id='word_1_584' title='bbox 1445 3194 1488 3233; x_wconf 86' lang='lat' dir='ltr'>in</span> <span class='ocrx_word' id='word_1_585' title='bbox 1505 3190 1744 3244; x_wconf 72' lang='lat' dir='ltr'>describendo</span> <span class='ocrx_word' id='word_1_586' title='bbox 1762 3191 1837 3253; x_wconf 58' lang='lat' dir='ltr'>nel</span> 
     </span>
    </p>

    <p class='ocr_par' dir='ltr' id='par_1_8' title="bbox 1692 3253 1831 3300">
     <span class='ocr_line' id='line_1_55' title="bbox 1692 3253 1831 3300; baseline 0.007 -15"><span class='ocrx_word' id='word_1_587' title='bbox 1692 3253 1831 3300; x_wconf 71' lang='lat' dir='ltr'>potrus</span> 
     </span>
    </p>
   </div>
  </div>
 </body>
</html>
