1976 3519
146 249 226 303 με
525 240 1531 288 PROLEGOMENA.

142 363 170 386 „
200 332 378 376 videntur
397 343 533 373 omnes
560 330 621 372 vel
642 330 728 371 satis
745 329 873 371 multis
892 329 1168 383 exemplaribus
1188 342 1268 369 non
1285 327 1393 369 fuine
1412 328 1606 380 instwffi,
1636 330 1695 372 vel
1717 345 1795 377 non
1819 330 1874 373 fa·

144 421 170 439 ‚,
200 392 248 429 tis
268 388 318 429 de
338 388 410 429 hac
431 384 653 428 annotanda
673 385 868 426 Varietate
887 385 1059 431 iblliciti,
1087 397 1206 438 quum
1222 384 1378 424 caeteris
1395 384 1578 439 negteffis
1593 399 1637 426 ea
1647 387 1872 442 plerumque

145 474 173 495 ,‚
204 444 446 492 annotarint,
475 455 573 496 quae
598 440 667 495 ipsi
699 440 909 495 probarunt
928 470 941 490 ,
977 452 1097 494 quum
1119 438 1411 494 lingula-potius
1430 451 1620 480 annotare
1631 442 1868 493 oportuerit,

144 529 171 550 ‚‚
202 511 243 539 ut
273 498 379 540 suum
408 497 547 551 cuique
568 495 754 550 judicium
771 495 1052 548 *relinqueretur
1069 515 1084 542 ·,
1122 493 1164 534 id
1194 507 1289 549 crgo
1306 494 1354 535 ab
1373 493 1445 534 illis
1467 492 1608 539 fastum
1629 494 1736 538 fuifle
1756 498 1871 538 vehe.

145 584 173 604 „
201 566 351 594 menter
378 553 602 606 cuperem”.
658 548 782 602 Quod
810 548 838 590 si
867 549 964 590 serio
998 547 1142 602 scripfit
1174 548 1300 599 Beza,
1327 562 1394 590 cur
1413 548 1554 603 quaeso
1571 550 1613 589 in
1630 550 1799 604 Epistola
1820 551 1870 592 ad

147 608 400 650 Academiam
421 607 458 648 C
460 604 797 661 antabrigiensem‚
827 618 914 645 cum
934 605 970 645 ei
988 603 1182 645 Codicem
1204 602 1310 653 suum
1328 602 1511 650 donaret,
1541 606 1774 647 contrarium
1787 606 1872 647 scri-

146 663 203 705 bit
231 663 290 706 his
318 663 461 705 verbis:
489 692 516 713 „
545 661 634 703 Hac
659 659 709 700 de
727 673 767 700 re
787 671 916 700 tamen
932 672 1004 701 vos
1023 657 1292 699 admonendos
1309 657 1424 704 duxi,
1452 671 1597 709 tantam
1614 674 1637 700 a
1655 674 1717 702 me
1736 661 1777 701 in
1797 661 1874 702 Lu-

145 749 173 769 „
204 733 271 760 cae
291 718 508 773 praesertim
528 714 739 770 Evangelio
758 725 947 769 repertam
965 713 1041 755 effi:
1058 714 1156 755 inter
1176 712 1280 754 hunc
1301 713 1493 754 Codicem
1515 719 1555 754 &
1575 727 1744 765 caeteros
1754 729 1874 770 quan-

146 804 173 825 „
203 776 345 815 tumvis
364 783 509 814 veteres
528 769 842 824 discrepantiam,
871 781 913 810 ut
932 768 1111 810 vitandae
1131 767 1375 822 quorundam
1393 769 1873 814 offenfioniaffervandum

146 859 174 880 ,‚
205 830 334 884 potius
354 841 470 883 quam
490 824 762 880 publicandum
783 824 993 865 existimem
1007 827 1021 864 ?
1035 827 1058 842 ’'
1085 823 1170 864 Cur
1198 822 1277 875 ipse
1297 823 1495 864 minimam
1517 837 1664 879 partem
1684 825 1877 868 Variatio·

149 898 264 935 num,
293 896 387 938 quas
412 883 453 923 in
474 881 546 923 suis
565 879 781 921 Codicibus
797 878 1102 935 Cantabrigienfi
1123 880 1163 918 δε
1182 876 1491 920 Claromontano
1510 879 1678 931 viderat,
1707 881 1878 934 promul·

146 941 273 994 gavit,
302 939 419 992 longe
447 936 555 991 plura
583 949 677 975 vero
707 937 746 974 ὅ(
766 936 968 988 praecipua
988 947 1070 974 non
1090 932 1285 987 suppressit
1306 945 1477 984 tanturn,
1505 949 1634 975 verum
1659 940 1773 977 etiam
1793 950 1879 978 om-

148 996 245 1047 nino
272 993 427 1047 negavit
452 988 669 1039 interdum,
698 989 750 1030 ad
770 990 947 1030 notitiam
967 988 1071 1030 suam
1093 987 1330 1042 perveniss'e?
1359 990 1528 1042 Accipe,
1556 990 1652 1044 quid
1671 990 1778 1032 doffl
1800 992 1877 1046 pri-

147 1047 238 1091 dem
258 1046 456 1101 conquesti
474 1045 566 1087 sint:
596 1075 622 1095 „
635 1043 760 1098 Quod
776 1043 854 1099 ipse
865 1043 1054 1094 Beza‚ait
1073 1043 1254 1085 Morinus
1273 1043 1313 1084 in
1333 1044 1552 1085 Exercitatt.
1572 1058 1610 1098 p.
1621 1049 1709 1096 46.‚
1731 1046 1773 1086 in
1794 1046 1891 1088 aliis

146 1134 174 1155 „
204 1100 473 1158 reprehendit,
500 1099 647 1154 semper
665 1099 869 1153 praestitit:
899 1099 1098 1141 varietates
1115 1112 1209 1153 quas
1228 1098 1480 1152 aliquomodo
1499 1099 1697 1153 probavit,
1713 1114 1777 1141 eas
1795 1113 1879 1142 tan-

148 1190 175 1211 „
206 1172 288 1201 tum
311 1157 459 1207 retulit,
470 1167 635 1197 caeteras
655 1169 778 1209 prope
797 1155 1014 1196 innumeras
1024 1153 1173 1195 silentio
1186 1153 1456 1208 praetermisit,
1467 1177 1500 1186 -·
1511 1168 1549 1209 p.
1566 1158 1703 1204 56,au't
1711 1156 1878 1211 maligne

147 1245 175 1266 „
204 1212 459 1255 dissirnulavit.
519 1211 624 1252 Beza
651 1209 780 1250 nescio
809 1224 890 1264 quo
917 1208 1079 1251 consilio
1107 1208 1269 1262 plurima
1294 1239 1306 1260 ‚
1341 1223 1439 1263 quae
1465 1223 1556 1264 prae
1575 1211 1750 1252 manibus
1767 1210 1881 1252 habe-

148 1302 175 1321 „
205 1271 292 1320 bat,
321 1267 476 1323 publico
497 1265 637 1306 invidit
647 1268 683 1316 ”,
714 1264 941 1306 Curcellaeo
963 1264 1070 1306 teste.
1098 1263 1210 1305 Idem
1228 1264 1576 1319 omnibus,quibus
1593 1279 1708 1320 grave
1717 1279 1798 1307 non
1808 1266 1894 1308 erit>

150 1326 279 1367 Bezae
299 1322 568 1364 annotationes
586 1333 674 1361 cum
697 1319 814 1362 Millii
833 1319 885 1362 V.
911 1319 957 1360 L.
984 1318 1242 1369 contendere,
1272 1319 1314 1359 in
1331 1319 1465 1361 oculos
1483 1320 1660 1368 incurret.

203 1378 479 1426 Foedissimum
506 1376 674 1429 denique
692 1374 786 1416 illud
803 1374 881 1425 est,
910 1373 1020 1429 quod
1037 1374 1138 1416 circa
1158 1373 1209 1416 V.
1238 1374 1283 1415 L.
1313 1388 1336 1415 a
1356 1374 1409 1416 R.
1437 1374 1646 1429 stephano*
1661 1376 1727 1417 ΑΨ.
1759 1387 1879 1423 1550.

148 1435 273 1477 editas
289 1431 490 1481 commifit.
525 1444 559 1471 1.
588 1431 694 1472 Cum
713 1430 818 1472 enim
837 1443 889 1471 eit·
906 1428 1143 1484 praefatione
1153 1429 1340 1483 Stephani
1352 1428 1751 1483 sciret,XV.tantum
1762 1429 1880 1472 M-SSJ

151 1490 324 1539 Codices
353 1487 402 1529 ab
428 1500 480 1528 eo
503 1485 718 1536 consultos,
746 1484 787 1526 &
815 1498 903 1526 cum
932 1484 1047 1527 editis
1075 1483 1238 1526 collatos
1256 1483 1385 1530 fuisse,
1414 1498 1500 1535 non·
1515 1485 1659 1537 veritus
1674 1485 1729 1526 est
1748 1499 1895 1527 eorum.

151 1558 353 1594 numerum
385 1556 544 1598 augere,
573 1541 625 1582 de
643 1540 782 1595 viginti
800 1540 973 1595 quinque
990 1539 1074 1594 plus
1093 1539 1219 1581 minus
1238 1538 1503 1594 manuscriptis
1520 1540 1706 1594 Stephani
1723 1540 1886 1591 Codici-

149 1603 222 1643 bus
249 1601 289 1641 in
317 1597 559 1641 Praefatione
584 1595 753 1644 locutus,
780 1609 898 1650 quem
923 1608 1124 1639 numerum
1152 1594 1192 1635 in
1213 1594 1323 1635 tertia
1352 1595 1509 1646 demum
1530 1595 1717 1637 Editione
1733 1595 1785 1636 ad
1804 1595 1884 1650 sep-¹

149 1655 368 1704 tendecim,
395 1653 438 1694 in
459 1662 593 1707 quarta
609 1665 703 1692 vero
720 1653 764 1690 &
781 1651 919 1704 quinta
937 1648 1080 1700 additis
1100 1648 1174 1691 suis
1195 1649 1500 1704 Cantabrigienfi
1523 1650 1897 1703 &Claromontano-

152 1711 206 1759 ad
223 1707 481 1751 novendecim
501 1704 674 1756 reduxit,
702 1718 753 1746 ne
771 1703 910 1747 scilicet
929 1718 1012 1755 non
1031 1719 1058 1745 a.
1074 1717 1173 1757 vero
1189 1717 1351 1745 numero
1376 1706 1511 1745 iterum
1531 1705 1734 1755 recederet.
1767 1720 1801 1745 2.
1822 1703 1892 1746 Inss.

151 1778 209 1816 ter
231 1765 304 1806 hos
324 1760 610 1815 Manuscriptos
625 1773 769 1814 eosque
789 1759 957 1801 vetustos
974 1758 1161 1813 Stephani
1189 1757 1360 1801 Codices
1378 1758 1601 1810 Editionem
1624 1760 1884 1814 Compluten-

149 1822 231 1870 sem
254 1829 437 1864 numerat.
499 1829 535 1871 3.
561 1815 667 1857 Cum
685 1815 726 1856 in
746 1814 870 1868 prima
887 1813 1074 1857 Editione
1094 1813 1146 1856 ad
1166 1812 1352 1868 Stephani
1372 1813 1550 1858 Codices?
1570 1828 1817 1869 provocaret,
1846 1811 1898 1857 in.

152 1874 396 1931 sequentibus
413 1872 653 1917 mentionem
672 1869 857 1924 Stephani
877 1869 1102 1924 plerumque
1115 1868 1266 1919 omifit,
1295 1873 1337 1910 ὃς
1353 1869 1465 1919 MSS,
1493 1869 1584 1911 illos,
1599 1882 1782 1926 tanquam
1802 1871 1899 1912 suos.

152 1931 309 1982 citavit,
338 1927 447 1983 quod
479 1928 635 1968 incauto
658 1924 793 1966 leetori
826 1923 956 1968 fucum
989 1923 1106 1970 facit,
1133 1938 1178 1966 ac
1207 1923 1394 1977 finempe
1414 1925 1494 1977 ipse
1516 1925 1620 1965 Beza
1640 1928 1721 1966 non
1742 1926 1896 1967 Editio-⁷

154 2000 245 2039 giem
272 1982 457 2037 Stephani
489 1982 536 2022 A.
571 1992 690 2030 1550.
706 2005 719 2025 ‚
746 1978 813 2019 sed
844 1977 946 2034 ipsos
965 1978 1080 2024 MSS.
1108 1976 1282 2029 Codices
1300 1978 1532 2033 inspexisset„
1580 1994 1619 2031 4.
1648 1981 1711 2022 De
1731 1980 1898 2027 Codicis?

155 2043 225 2087 bus
253 2037 440 2093 Stephani
458 2036 654 2090 loquitur,
681 2048 726 2075 ac
745 2033 773 2074 fi
792 2033 929 2088 finguli
949 2033 1007 2077 N.
1035 2033 1087 2076 T,
1115 2033 1306 2088 integrum
1327 2035 1583 2088 continerenn
1643 2048 1677 2086 5.
1706 2036 1791 2077 Ubi
1810 2036 1898 2082 Stev-

154 2097 306 2153 phanus
334 2107 382 2140 ex
409 2092 554 2142 incuria
585 2089 728 2136 nullam
759 2089 1011 2132 variationem
1041 2099 1314 2140 annotaverat,
1344 2089 1451 2130 Beza
1471 2090 1568 2131 serio
1595 2101 1710 2145 atque
1727 2092 1898 2146 grauiter

156 2152 311 2194 testatur
331 2180 344 2200 ,
372 2160 509 2194 omnes
540 2145 600 2188 vel
631 2143 768 2193 XVII.
796 2143 968 2185 Codices
996 2142 1110 2187 MSS.
1147 2143 1297 2198 legere,
1320 2155 1367 2184 vut
1390 2144 1431 2185 in
1454 2144 1569 2186 editis
1586 2146 1798 2199 expreffum
1827 2147 1894 2188 est.

157 2206 252 2248 vid.
281 2206 321 2256 in
343 2201 503 2255 Matth.
532 2200 629 2251 XX.
662 2212 699 2251 7.
728 2199 820 2242 Luc.
848 2199 944 2242 XX.
978 2199 1043 2243 28.
1099 2202 1134 2239 6.
1165 2199 1285 2241 Suum
1307 2199 1663 2256 Cantabrigiensem
1684 2201 1900 2256 &Stephaf>

158 2263 201 2303 ni
220 2258 428 2302 secundum
449 2270 522 2313 pro
541 2254 692 2297 duobus
706 2254 865 2301 'testibus
885 2254 960 2299 sese
980 2253 1144 2295 invicem
1165 2253 1482 2309 confirmantibus
1501 2255 1703 2310 producit,
1731 2270 1820 2297 cum
1841 2271 1904 2300 rea

158 2331 248 2360 vera
268 2315 349 2357 duo
372 2324 522 2362 tanturn
542 2310 616 2357 fint
635 2309 795 2354 nomina
813 2309 986 2364 ejusdem
1007 2309 1203 2363 singularis
1225 2309 1411 2360 Codicis,
1424 2311 1480 2352 uti
1492 2310 1752 2364 probavimus.
1779 2326 1817 2366 p.
1832 2313 1897 2353 28.

160 2385 198 2427 7.
227 2371 408 2425 Denique
437 2381 509 2415 nec
537 2364 632 2408 illud
662 2365 809 2420 probo,
839 2364 948 2420 quod
978 2363 1151 2406 Codices
1173 2395 1185 2415 ‚
1226 2378 1324 2419 quos
1350 2377 1440 2406 ante
1467 2364 1591 2419 ipsum
1621 2366 1702 2408 Ro.
1737 2366 1902 2421 Stephaa

159 2439 233 2470 nus
260 2424 311 2466 ad
338 2423 550 2479 marginem
576 2420 759 2467 editionis
798 2420 884 2462 suae
922 2419 1021 2464 clare
1057 2423 1097 2460 &
1128 2418 1306 2461 distinete
1333 2419 1559 2475 expresserat
1577 2447 1590 2467 ,
1632 2421 1737 2463 Beza
1767 2422 1899 2476 postea

160 2481 318 2533 obscure
349 2483 388 2520 &
416 2476 574 2520 confuse
592 2475 803 2531 fignificare
821 2474 977 2524 malum
1004 2473 1055 2516 de
1073 2488 1148 2529 qua
1178 2489 1218 2516 re
1238 2474 1419 2530 lectorem
1438 2475 1592 2516 monuit
1608 2475 1906 2532 Typographus

161 2537 268 2591 Edit.
313 2548 347 2577 1.
375 2533 402 2575 f.
435 2544 528 2588 335.
574 2562 603 2585 ,‚
630 2531 707 2573 Sed
725 2534 767 2577 βε
789 2530 897 2586 quod
916 2529 967 2574 ad
985 2541 1113 2584 vetera
1135 2528 1190 2571 N.
1217 2530 1269 2571 T.
1298 2530 1526 2586 exemplaria
1547 2533 1707 2583 attinet,
1734 2545 1901 2586 quorum

163 2622 192 2644 ‚,
220 2590 316 2632 fides
336 2593 376 2630 &
396 2588 606 2637 authoritas
619 2587 662 2628 <in
684 2587 744 2627 his
762 2584 1074 2629 annotationibus
1094 2583 1302 2639 saepiflime
1321 2586 1458 2627 citatur
1475 2584 1586 2640 (sunt
1606 2598 1733 2628 autem
1754 2600 1841 2628 cum
1860 2601 1900 2632 a·

164 2677 193 2699 ,‚
220 2646 292 2696 lia,
321 2658 404 2687 tum
431 2658 476 2685 ea
490 2643 649 2689 omnia,
677 2656 777 2696 quae
796 2642 839 2684 in
860 2641 983 2696 Regis
1004 2640 1216 2683 Galliarum
1235 2640 1470 2682 bibliotheca
1499 2639 1662 2693 extant)
1692 2641 1743 2682 de
1763 2641 1839 2682 hoc
1856 2636 1899 2682 te

165 2732 193 2754 „
220 2698 644 2741 commonefaciendum
664 2711 732 2752 per
751 2711 814 2738 me
830 2696 979 2752 putavit
998 2695 1144 2736 illarum
1165 2695 1329 2746 author,
1358 2695 1396 2736 se
1416 2696 1617 2745 nimirum,
1646 2709 1765 2750 quum
1787 2696 1899 2737 initio

166 2787 195 2809 „
222 2770 267 2797 ea
294 2755 409 2796 citare
438 2754 668 2799 nominatim
688 2751 846 2802 soleret,
875 2750 1077 2801 vocando,
1108 2750 1208 2801 hoc,
1237 2750 1427 2803 primum,
1455 2749 1573 2800 illud,
1601 2750 1827 2801 secundum,
1859 2754 1902 2790 ὃς

167 2842 195 2864 ,,
222 2813 275 2852 ita
294 2809 495 2863 deinceps:
525 2807 740 2861 postea,ob
757 2806 865 2849 suum
883 2821 926 2848 ea
947 2806 987 2846 in
1007 2820 1047 2846 re
1066 2819 1153 2846 cum
1172 2805 1274 2846 nulla
1293 2816 1359 2845 tua
1376 2804 1538 2846 utilitate
1555 2805 1805 2858 conjunftum
1824 2817 1903 2847 tae÷

169 2894 198 2918 „
226 2866 357 2915 dium,
387 2863 537 2904 illorum
558 2861 875 2906 denominatione
894 2859 1159 2916 supersediffi:‚
1187 2859 1474 2902 enumeratione
1492 2871 1728 2902 contentum.
1766 2860 1900 2904 Vale''

168 2921 283 2975 (vide
300 2920 410 2973 supra
425 2932 462 2972 p.
492 2918 560 2969 48·
590 2920 630 2956 &
652 2915 742 2970 62.)

336 2975 500 3027 Qanto
519 2972 656 3012 reffius
675 2971 761 3021 hic,
790 2972 857 3026 qui
878 2971 931 3011 nil
952 2971 1107 3012 molitur
1126 2971 1276 3025 inepte:

336 3029 438 3071 Non
455 3026 603 3068 fumum
621 3038 669 3068 ex
688 3025 855 3081 fulgore,
887 3026 953 3068 sed
970 3040 1016 3069 ex
1034 3025 1142 3068 fumo
1156 3025 1248 3068 dare
1266 3025 1388 3067 lucem

338 3083 513 3138 Cogitat.

227 3138 353 3195 Quod
385 3138 412 3180 fi
441 3137 526 3192 quis
552 3136 667 3191 igitur
695 3135 790 3176 haec
808 3136 939 3176 omnia
960 3150 1047 3178 cum
1067 3136 1192 3184 bona,
1223 3149 1322 3190 quae
1340 3136 1382 3176 in
1404 3133 1478 3176 isto
1497 3135 1659 3190 negotio
1680 3136 1902 3190 requiritur,

169 3196 247 3240 fide
274 3194 478 3245 conciliate
505 3192 668 3247 poterit,
697 3190 1063 3248 gratissimumnobis
1104 3189 1248 3243 faciet,
1288 3190 1319 3235 fi
1349 3201 1517 3246 errantes
1545 3189 1713 3244 deducat
1729 3192 1771 3234 in
1788 3191 1902 3236 viam.

1810 3246 1908 3298 Quo
