<?xml version="1.0" encoding="UTF-8"?>
<!DOCTYPE html PUBLIC "-//W3C//DTD XHTML 1.0 Transitional//EN"
    "http://www.w3.org/TR/xhtml1/DTD/xhtml1-transitional.dtd">
<html xmlns="http://www.w3.org/1999/xhtml" xml:lang="en" lang="en">
 <head>
  <title>
</title>
<meta http-equiv="Content-Type" content="text/html;charset=utf-8" />
  <meta name='ocr-system' content='tesseract 3.04.00' />
  <meta name='ocr-capabilities' content='ocr_page ocr_carea ocr_par ocr_line ocrx_word'/>
</head>
<body>
  <div class='ocr_page' id='page_1' title='image "./hekainediatheken00clem_0102.png"; bbox 0 0 1976 3519; ppageno 0'>
   <div class='ocr_carea' id='block_1_1' title="bbox 141 197 1534 265">
    <p class='ocr_par' dir='ltr' id='par_1_1' title="bbox 141 197 1534 265">
     <span class='ocr_line' id='line_1_1' title="bbox 141 197 1534 265; baseline -0.001 -12"><span class='ocrx_word' id='word_1_1' title='bbox 141 228 197 265; x_wconf 89' lang='lat'>90</span> <span class='ocrx_word' id='word_1_2' title='bbox 533 197 1534 252; x_wconf 80' lang='lat' dir='ltr'>PROLEGOME&#39;NA.</span> 
     </span>
    </p>
   </div>
   <div class='ocr_carea' id='block_1_2' title="bbox 116 291 1916 3162">
    <p class='ocr_par' dir='ltr' id='par_1_2' title="bbox 132 291 1916 1452">
     <span class='ocr_line' id='line_1_2' title="bbox 139 291 1916 353; baseline -0.002 -14"><span class='ocrx_word' id='word_1_3' title='bbox 139 297 273 353; x_wconf 85' lang='lat' dir='ltr'>perdat</span> <span class='ocrx_word' id='word_1_4' title='bbox 293 296 529 338; x_wconf 86' lang='lat' dir='ltr'>beneficium.</span> <span class='ocrx_word' id='word_1_5' title='bbox 558 297 613 338; x_wconf 85' lang='lat' dir='ltr'>At</span> <span class='ocrx_word' id='word_1_6' title='bbox 633 295 728 336; x_wconf 90' lang='lat' dir='ltr'>mihi</span> <span class='ocrx_word' id='word_1_7' title='bbox 746 294 881 336; x_wconf 91' lang='lat' dir='ltr'>videor</span> <span class='ocrx_word' id='word_1_8' title='bbox 901 294 977 335; x_wconf 90' lang='lat' dir='ltr'>hoc</span> <span class='ocrx_word' id='word_1_9' title='bbox 997 308 1152 349; x_wconf 91' lang='lat' dir='ltr'>quoque</span> <span class='ocrx_word' id='word_1_10' title='bbox 1173 293 1427 347; x_wconf 85' lang='lat' dir='ltr'>superaturus,</span> <span class='ocrx_word' id='word_1_11' title='bbox 1441 292 1465 332; x_wconf 84' lang='lat' dir='ltr'>fi</span> <span class='ocrx_word' id='word_1_12' title='bbox 1479 291 1529 333; x_wconf 91' lang='lat' dir='ltr'>de</span> <span class='ocrx_word' id='word_1_13' title='bbox 1551 291 1610 333; x_wconf 91' lang='lat' dir='ltr'>his</span> <span class='ocrx_word' id='word_1_14' title='bbox 1628 306 1782 347; x_wconf 88' lang='lat' dir='ltr'>quoque</span> <span class='ocrx_word' id='word_1_15' title='bbox 1795 308 1877 348; x_wconf 85' lang='lat' dir='ltr'>per·</span> <span class='ocrx_word' id='word_1_16' title='bbox 1910 295 1916 300; x_wconf 84' lang='lat'><em>&#39;</em></span> 
     </span>
     <span class='ocr_line' id='line_1_3' title="bbox 137 347 1879 411; baseline -0.002 -18"><span class='ocrx_word' id='word_1_17' title='bbox 137 368 225 411; x_wconf 77' lang='lat' dir='ltr'>gam</span> <span class='ocrx_word' id='word_1_18' title='bbox 247 355 343 393; x_wconf 89' lang='lat' dir='ltr'>bene</span> <span class='ocrx_word' id='word_1_19' title='bbox 364 353 522 398; x_wconf 88' lang='lat' dir='ltr'>mereri,</span> <span class='ocrx_word' id='word_1_20' title='bbox 551 352 617 406; x_wconf 91' lang='lat' dir='ltr'>qui</span> <span class='ocrx_word' id='word_1_21' title='bbox 648 349 885 391; x_wconf 83' lang='lat' dir='ltr'>beneficium</span> <span class='ocrx_word' id='word_1_22' title='bbox 902 349 1038 403; x_wconf 86' lang='lat' dir='ltr'>injuria</span> <span class='ocrx_word' id='word_1_23' title='bbox 1067 348 1247 391; x_wconf 88' lang='lat' dir='ltr'>retaliant.</span> <span class='ocrx_word' id='word_1_24' title='bbox 1279 348 1328 389; x_wconf 88' lang='lat' dir='ltr'>Et</span> <span class='ocrx_word' id='word_1_25' title='bbox 1348 347 1672 402; x_wconf 84' lang='lat' dir='ltr'>quemadmodum</span> <span class='ocrx_word' id='word_1_26' title='bbox 1707 349 1775 389; x_wconf 89' lang='lat' dir='ltr'>fidi</span> <span class='ocrx_word' id='word_1_27' title='bbox 1801 364 1879 390; x_wconf 86' lang='lat' dir='ltr'>rne-</span> 
     </span>
     <span class='ocr_line' id='line_1_4' title="bbox 138 399 1877 459; baseline -0.002 -11"><span class='ocrx_word' id='word_1_28' title='bbox 138 409 237 458; x_wconf 88' lang='lat' dir='ltr'>dici,</span> <span class='ocrx_word' id='word_1_29' title='bbox 267 407 554 448; x_wconf 83' lang='lat' dir='ltr'>reclamantibus</span> <span class='ocrx_word' id='word_1_30' title='bbox 583 407 698 447; x_wconf 85' lang='lat' dir='ltr'>etiam</span> <span class='ocrx_word' id='word_1_31' title='bbox 721 410 758 444; x_wconf 69' lang='grc' dir='ltr'>ὅ(</span> <span class='ocrx_word' id='word_1_32' title='bbox 781 404 1080 444; x_wconf 84' lang='lat' dir='ltr'>conviciantibus</span> <span class='ocrx_word' id='word_1_33' title='bbox 1110 404 1295 459; x_wconf 79' lang='lat' dir='ltr'>aegrotis,</span> <span class='ocrx_word' id='word_1_34' title='bbox 1326 406 1454 444; x_wconf 86' lang='lat' dir='ltr'>tamen</span> <span class='ocrx_word' id='word_1_35' title='bbox 1474 414 1637 458; x_wconf 81' lang='lat' dir='ltr'>pergunt</span> <span class='ocrx_word' id='word_1_36' title='bbox 1659 399 1877 455; x_wconf 83' lang='lat' dir='ltr'>subvenire,</span> 
     </span>
     <span class='ocr_line' id='line_1_5' title="bbox 138 458 1880 517; baseline -0.002 -15"><span class='ocrx_word' id='word_1_37' title='bbox 138 464 189 503; x_wconf 70' lang='lat' dir='ltr'>ita</span> <span class='ocrx_word' id='word_1_38' title='bbox 218 477 288 503; x_wconf 91' lang='lat' dir='ltr'>nos</span> <span class='ocrx_word' id='word_1_39' title='bbox 323 462 399 502; x_wconf 89' lang='lat' dir='ltr'>hoc</span> <span class='ocrx_word' id='word_1_40' title='bbox 428 476 583 517; x_wconf 89' lang='lat' dir='ltr'>quoque</span> <span class='ocrx_word' id='word_1_41' title='bbox 603 461 704 502; x_wconf 86' lang='lat' dir='ltr'>velut</span> <span class='ocrx_word' id='word_1_42' title='bbox 725 460 892 499; x_wconf 57' lang='lat' dir='ltr'>austasio</span> <span class='ocrx_word' id='word_1_43' title='bbox 909 459 1135 500; x_wconf 88' lang='lat' dir='ltr'>beneficium</span> <span class='ocrx_word' id='word_1_44' title='bbox 1155 459 1326 499; x_wconf 90' lang='lat' dir='ltr'>nostrum</span> <span class='ocrx_word' id='word_1_45' title='bbox 1347 458 1641 507; x_wconf 89' lang='lat' dir='ltr'>cumulabimus,</span> <span class='ocrx_word' id='word_1_46' title='bbox 1673 470 1714 498; x_wconf 89' lang='lat' dir='ltr'>ut</span> <span class='ocrx_word' id='word_1_47' title='bbox 1738 458 1880 499; x_wconf 85' lang='lat' dir='ltr'>benefi-</span> 
     </span>
     <span class='ocr_line' id='line_1_6' title="bbox 137 513 1879 571; baseline -0.002 -13"><span class='ocrx_word' id='word_1_48' title='bbox 137 519 265 566; x_wconf 87' lang='lat' dir='ltr'>cium,</span> <span class='ocrx_word' id='word_1_49' title='bbox 294 517 401 571; x_wconf 89' lang='lat' dir='ltr'>quod</span> <span class='ocrx_word' id='word_1_50' title='bbox 433 519 646 570; x_wconf 89' lang='lat' dir='ltr'>accipiunt,</span> <span class='ocrx_word' id='word_1_51' title='bbox 676 514 896 568; x_wconf 82' lang='lat' dir='ltr'>intelligant.</span> <span class='ocrx_word' id='word_1_52' title='bbox 936 514 1106 555; x_wconf 89' lang='lat' dir='ltr'>Primum</span> <span class='ocrx_word' id='word_1_53' title='bbox 1135 514 1248 567; x_wconf 81' lang='lat' dir='ltr'>igitur</span> <span class='ocrx_word' id='word_1_54' title='bbox 1274 514 1390 553; x_wconf 87' lang='lat' dir='ltr'>etiam</span> <span class='ocrx_word' id='word_1_55' title='bbox 1421 525 1535 567; x_wconf 90' lang='lat' dir='ltr'>atque</span> <span class='ocrx_word' id='word_1_56' title='bbox 1558 513 1670 553; x_wconf 84' lang='lat' dir='ltr'>etiam</span> <span class='ocrx_word' id='word_1_57' title='bbox 1693 513 1879 555; x_wconf 85' lang='lat' dir='ltr'>adhortor</span> 
     </span>
     <span class='ocr_line' id='line_1_7' title="bbox 132 568 1876 627; baseline -0.002 -14"><span class='ocrx_word' id='word_1_58' title='bbox 132 579 272 614; x_wconf 72' lang='lat' dir='ltr'>&#39;omnes</span> <span class='ocrx_word' id='word_1_59' title='bbox 303 573 556 627; x_wconf 79' lang='lat' dir='ltr'>&#39;sheologos‚</span> <span class='ocrx_word' id='word_1_60' title='bbox 585 584 626 612; x_wconf 90' lang='lat' dir='ltr'>ut</span> <span class='ocrx_word' id='word_1_61' title='bbox 653 570 787 624; x_wconf 88' lang='lat' dir='ltr'>quibus</span> <span class='ocrx_word' id='word_1_62' title='bbox 811 583 877 621; x_wconf 93' lang='lat' dir='ltr'>per</span> <span class='ocrx_word' id='word_1_63' title='bbox 898 581 1060 610; x_wconf 85' lang='lat' dir='ltr'>aetatem</span> <span class='ocrx_word' id='word_1_64' title='bbox 1090 581 1153 608; x_wconf 89' lang='lat' dir='ltr'>aut</span> <span class='ocrx_word' id='word_1_65' title='bbox 1172 568 1444 622; x_wconf 78' lang='lat' dir='ltr'>occupationes</span> <span class='ocrx_word' id='word_1_66' title='bbox 1466 579 1595 617; x_wconf 89' lang='lat' dir='ltr'>vacat,</span> <span class='ocrx_word' id='word_1_67' title='bbox 1626 569 1793 609; x_wconf 82' lang='lat' dir='ltr'>Graecas</span> <span class='ocrx_word' id='word_1_68' title='bbox 1812 569 1876 610; x_wconf 92' lang='lat' dir='ltr'>de-</span> 
     </span>
     <span class='ocr_line' id='line_1_8' title="bbox 137 622 1879 683; baseline -0.002 -14"><span class='ocrx_word' id='word_1_69' title='bbox 137 629 288 683; x_wconf 84' lang='lat' dir='ltr'>gustent</span> <span class='ocrx_word' id='word_1_70' title='bbox 319 627 442 668; x_wconf 79' lang='lat' dir='ltr'>literas</span> <span class='ocrx_word' id='word_1_71' title='bbox 477 631 517 666; x_wconf 90' lang='lat'>&amp;</span> <span class='ocrx_word' id='word_1_72' title='bbox 549 629 639 667; x_wconf 85' lang='lat' dir='ltr'>item</span> <span class='ocrx_word' id='word_1_73' title='bbox 667 626 885 674; x_wconf 86' lang='lat' dir='ltr'>Hebraeas,</span> <span class='ocrx_word' id='word_1_74' title='bbox 915 625 941 664; x_wconf 86' lang='lat' dir='ltr'>fi</span> <span class='ocrx_word' id='word_1_75' title='bbox 974 625 1094 664; x_wconf 88' lang='lat' dir='ltr'>liceat.</span> <span class='ocrx_word' id='word_1_76' title='bbox 1123 624 1168 663; x_wconf 91' lang='lat' dir='ltr'>In</span> <span class='ocrx_word' id='word_1_77' title='bbox 1193 623 1278 677; x_wconf 78' lang='lat' dir='ltr'>ipsis</span> <span class='ocrx_word' id='word_1_78' title='bbox 1299 636 1456 663; x_wconf 89' lang='lat' dir='ltr'>arcanae</span> <span class='ocrx_word' id='word_1_79' title='bbox 1475 623 1688 676; x_wconf 86' lang='lat' dir='ltr'>Scripturae</span> <span class='ocrx_word' id='word_1_80' title='bbox 1710 622 1879 665; x_wconf 86' lang='lat' dir='ltr'>fontibus</span> 
     </span>
     <span class='ocr_line' id='line_1_9' title="bbox 138 677 1877 738; baseline -0.003 -15"><span class='ocrx_word' id='word_1_81' title='bbox 138 680 340 738; x_wconf 77' lang='lat' dir='ltr'>diligenter</span> <span class='ocrx_word' id='word_1_82' title='bbox 364 681 702 736; x_wconf 83' lang='lat' dir='ltr'>philosophentur,</span> <span class='ocrx_word' id='word_1_83' title='bbox 733 690 878 719; x_wconf 90' lang='lat' dir='ltr'>veteres</span> <span class='ocrx_word' id='word_1_84' title='bbox 895 679 1145 733; x_wconf 86' lang='lat' dir='ltr'>Theologos,</span> <span class='ocrx_word' id='word_1_85' title='bbox 1176 692 1273 731; x_wconf 89' lang='lat' dir='ltr'>quos</span> <span class='ocrx_word' id='word_1_86' title='bbox 1295 681 1333 717; x_wconf 66' lang='grc' dir='ltr'>ὃ(</span> <span class='ocrx_word' id='word_1_87' title='bbox 1351 677 1516 718; x_wconf 83' lang='lat' dir='ltr'>eruditio</span> <span class='ocrx_word' id='word_1_88' title='bbox 1536 678 1806 730; x_wconf 85' lang='lat' dir='ltr'>commendat,</span> <span class='ocrx_word' id='word_1_89' title='bbox 1837 682 1877 718; x_wconf 76' lang='grc' dir='ltr'>ὃς</span> 
     </span>
     <span class='ocr_line' id='line_1_10' title="bbox 139 730 1879 791; baseline -0.003 -12"><span class='ocrx_word' id='word_1_90' title='bbox 139 740 239 780; x_wconf 89' lang='lat' dir='ltr'>vitae</span> <span class='ocrx_word' id='word_1_91' title='bbox 262 738 532 783; x_wconf 72' lang='lat' dir='ltr'>sanffimonia,</span> <span class='ocrx_word' id='word_1_92' title='bbox 559 737 698 791; x_wconf 90' lang='lat' dir='ltr'>jugiter</span> <span class='ocrx_word' id='word_1_93' title='bbox 719 738 912 775; x_wconf 87' lang='lat' dir='ltr'>evolvant.</span> <span class='ocrx_word' id='word_1_94' title='bbox 943 735 1097 775; x_wconf 88' lang='lat' dir='ltr'>Deinde</span> <span class='ocrx_word' id='word_1_95' title='bbox 1128 734 1276 783; x_wconf 87' lang='lat' dir='ltr'>nostra,</span> <span class='ocrx_word' id='word_1_96' title='bbox 1307 732 1334 772; x_wconf 87' lang='lat' dir='ltr'>fi</span> <span class='ocrx_word' id='word_1_97' title='bbox 1355 732 1507 784; x_wconf 89' lang='lat' dir='ltr'>volent,</span> <span class='ocrx_word' id='word_1_98' title='bbox 1536 730 1734 774; x_wconf 85' lang='lat' dir='ltr'>conferant</span> <span class='ocrx_word' id='word_1_99' title='bbox 1756 737 1794 773; x_wconf 88' lang='lat'><strong>&amp;</strong></span> <span class='ocrx_word' id='word_1_100' title='bbox 1815 748 1879 774; x_wconf 86' lang='lat' dir='ltr'>ex-</span> 
     </span>
     <span class='ocr_line' id='line_1_11' title="bbox 140 787 1877 848; baseline -0.002 -15"><span class='ocrx_word' id='word_1_101' title='bbox 140 794 331 848; x_wconf 79' lang='lat' dir='ltr'>pendant,</span> <span class='ocrx_word' id='word_1_102' title='bbox 362 805 476 846; x_wconf 88' lang='lat' dir='ltr'>atque</span> <span class='ocrx_word' id='word_1_103' title='bbox 494 793 546 832; x_wconf 83' lang='lat' dir='ltr'>ita</span> <span class='ocrx_word' id='word_1_104' title='bbox 567 792 723 832; x_wconf 89' lang='lat' dir='ltr'>demum</span> <span class='ocrx_word' id='word_1_105' title='bbox 752 789 935 842; x_wconf 86' lang='lat' dir='ltr'>probent,</span> <span class='ocrx_word' id='word_1_106' title='bbox 965 789 991 830; x_wconf 91' lang='lat' dir='ltr'>si</span> <span class='ocrx_word' id='word_1_107' title='bbox 1015 787 1109 842; x_wconf 87' lang='lat' dir='ltr'>quid</span> <span class='ocrx_word' id='word_1_108' title='bbox 1129 789 1229 828; x_wconf 70' lang='lat' dir='ltr'>rec‘te</span> <span class='ocrx_word' id='word_1_109' title='bbox 1246 788 1486 835; x_wconf 90' lang='lat' dir='ltr'>monuimus·,</span> <span class='ocrx_word' id='word_1_110' title='bbox 1514 787 1721 835; x_wconf 84' lang='lat' dir='ltr'>emendent</span> <span class='ocrx_word' id='word_1_111' title='bbox 1743 789 1877 841; x_wconf 83' lang='lat' dir='ltr'>amice,</span> 
     </span>
     <span class='ocr_line' id='line_1_12' title="bbox 140 841 1877 903; baseline -0.003 -14"><span class='ocrx_word' id='word_1_112' title='bbox 140 850 166 889; x_wconf 85' lang='lat' dir='ltr'>si</span> <span class='ocrx_word' id='word_1_113' title='bbox 200 848 293 903; x_wconf 89' lang='lat' dir='ltr'>quid</span> <span class='ocrx_word' id='word_1_114' title='bbox 326 860 366 888; x_wconf 90' lang='lat' dir='ltr'>ut</span> <span class='ocrx_word' id='word_1_115' title='bbox 395 848 571 888; x_wconf 88' lang='lat' dir='ltr'>homines</span> <span class='ocrx_word' id='word_1_116' title='bbox 598 845 850 886; x_wconf 86' lang='lat' dir='ltr'>aberravimus</span> <span class='ocrx_word' id='word_1_117' title='bbox 870 859 892 884; x_wconf 93' lang='lat' dir='ltr'>a</span> <span class='ocrx_word' id='word_1_118' title='bbox 913 858 1025 892; x_wconf 90' lang='lat' dir='ltr'>vero,</span> <span class='ocrx_word' id='word_1_119' title='bbox 1055 847 1094 882; x_wconf 90' lang='lat'>&amp;</span> <span class='ocrx_word' id='word_1_120' title='bbox 1124 844 1250 883; x_wconf 84' lang='lat' dir='ltr'>minus</span> <span class='ocrx_word' id='word_1_121' title='bbox 1267 841 1420 883; x_wconf 78' lang='lat' dir='ltr'>assecuti</span> <span class='ocrx_word' id='word_1_122' title='bbox 1440 842 1583 888; x_wconf 87' lang='lat' dir='ltr'>sumus,</span> <span class='ocrx_word' id='word_1_123' title='bbox 1616 842 1724 896; x_wconf 90' lang='lat' dir='ltr'>quod</span> <span class='ocrx_word' id='word_1_124' title='bbox 1745 843 1877 885; x_wconf 89' lang='lat' dir='ltr'>sedulo</span> 
     </span>
     <span class='ocr_line' id='line_1_13' title="bbox 140 896 1878 955; baseline -0.003 -11"><span class='ocrx_word' id='word_1_125' title='bbox 140 904 265 944; x_wconf 89' lang='lat' dir='ltr'>sumus</span> <span class='ocrx_word' id='word_1_126' title='bbox 297 903 422 943; x_wconf 86' lang='lat' dir='ltr'>secuti.</span> <span class='ocrx_word' id='word_1_127' title='bbox 464 901 587 955; x_wconf 76' lang='lat' dir='ltr'>Quod</span> <span class='ocrx_word' id='word_1_128' title='bbox 616 901 640 940; x_wconf 90' lang='lat' dir='ltr'>si</span> <span class='ocrx_word' id='word_1_129' title='bbox 670 901 858 953; x_wconf 86' lang='lat' dir='ltr'>impetro,</span> <span class='ocrx_word' id='word_1_130' title='bbox 888 899 1036 939; x_wconf 90' lang='lat' dir='ltr'>causam</span> <span class='ocrx_word' id='word_1_131' title='bbox 1064 899 1162 948; x_wconf 89' lang='lat' dir='ltr'>vici,</span> <span class='ocrx_word' id='word_1_132' title='bbox 1191 912 1263 951; x_wconf 90' lang='lat' dir='ltr'>pro</span> <span class='ocrx_word' id='word_1_133' title='bbox 1291 896 1565 937; x_wconf 88' lang='lat' dir='ltr'>accusatoribus</span> <span class='ocrx_word' id='word_1_134' title='bbox 1586 897 1780 938; x_wconf 91' lang='lat' dir='ltr'>habiturus</span> <span class='ocrx_word' id='word_1_135' title='bbox 1811 913 1878 952; x_wconf 87' lang='lat' dir='ltr'>pa-</span> 
     </span>
     <span class='ocr_line' id='line_1_14' title="bbox 140 950 1880 1010; baseline -0.003 -11"><span class='ocrx_word' id='word_1_136' title='bbox 140 970 283 1010; x_wconf 79' lang='lat' dir='ltr'>tronos.</span> <span class='ocrx_word' id='word_1_137' title='bbox 315 958 520 997; x_wconf 86' lang='lat' dir='ltr'>Caeterum</span> <span class='ocrx_word' id='word_1_138' title='bbox 542 971 563 995; x_wconf 90' lang='lat' dir='ltr'>a</span> <span class='ocrx_word' id='word_1_139' title='bbox 585 955 720 1009; x_wconf 88' lang='lat' dir='ltr'>quibus</span> <span class='ocrx_word' id='word_1_140' title='bbox 741 955 816 994; x_wconf 93' lang='lat' dir='ltr'>hoc</span> <span class='ocrx_word' id='word_1_141' title='bbox 836 968 916 994; x_wconf 89' lang='lat' dir='ltr'>non</span> <span class='ocrx_word' id='word_1_142' title='bbox 936 954 1122 1007; x_wconf 90' lang='lat' dir='ltr'>impetro,</span> <span class='ocrx_word' id='word_1_143' title='bbox 1153 953 1281 993; x_wconf 89' lang='lat' dir='ltr'>saltem</span> <span class='ocrx_word' id='word_1_144' title='bbox 1302 950 1395 993; x_wconf 90' lang='lat' dir='ltr'>illud</span> <span class='ocrx_word' id='word_1_145' title='bbox 1416 952 1513 992; x_wconf 88' lang='lat' dir='ltr'>mihi</span> <span class='ocrx_word' id='word_1_146' title='bbox 1533 952 1591 992; x_wconf 93' lang='lat' dir='ltr'>vel</span> <span class='ocrx_word' id='word_1_147' title='bbox 1616 954 1787 1006; x_wconf 87' lang='lat' dir='ltr'>precario</span> <span class='ocrx_word' id='word_1_148' title='bbox 1807 954 1880 994; x_wconf 92' lang='lat' dir='ltr'>do-</span> 
     </span>
     <span class='ocr_line' id='line_1_15' title="bbox 140 1006 1878 1063; baseline -0.002 -10"><span class='ocrx_word' id='word_1_149' title='bbox 140 1026 255 1062; x_wconf 84' lang='lat' dir='ltr'>nent,</span> <span class='ocrx_word' id='word_1_150' title='bbox 285 1025 326 1052; x_wconf 88' lang='lat' dir='ltr'>ut</span> <span class='ocrx_word' id='word_1_151' title='bbox 347 1012 525 1060; x_wconf 83' lang='lat' dir='ltr'>credant,</span> <span class='ocrx_word' id='word_1_152' title='bbox 557 1025 618 1050; x_wconf 90' lang='lat' dir='ltr'>me</span> <span class='ocrx_word' id='word_1_153' title='bbox 647 1009 806 1063; x_wconf 78' lang='lat' dir='ltr'>simplici</span> <span class='ocrx_word' id='word_1_154' title='bbox 833 1010 975 1063; x_wconf 88' lang='lat' dir='ltr'>pioque</span> <span class='ocrx_word' id='word_1_155' title='bbox 994 1007 1155 1061; x_wconf 89' lang='lat' dir='ltr'>juvandi</span> <span class='ocrx_word' id='word_1_156' title='bbox 1173 1008 1319 1058; x_wconf 90' lang='lat' dir='ltr'>studio,</span> <span class='ocrx_word' id='word_1_157' title='bbox 1348 1006 1534 1061; x_wconf 80' lang='lat' dir='ltr'>quicquid</span> <span class='ocrx_word' id='word_1_158' title='bbox 1554 1007 1630 1048; x_wconf 89' lang='lat' dir='ltr'>hoc</span> <span class='ocrx_word' id='word_1_159' title='bbox 1646 1008 1783 1049; x_wconf 89' lang='lat' dir='ltr'>laboris</span> <span class='ocrx_word' id='word_1_160' title='bbox 1799 1009 1878 1061; x_wconf 91' lang='lat' dir='ltr'>est,</span> 
     </span>
     <span class='ocr_line' id='line_1_16' title="bbox 140 1062 1880 1122; baseline -0.002 -14"><span class='ocrx_word' id='word_1_161' title='bbox 140 1066 343 1122; x_wconf 85' lang='lat' dir='ltr'>suscepisse.</span> <span class='ocrx_word' id='word_1_162' title='bbox 373 1066 497 1120; x_wconf 78' lang='lat' dir='ltr'>Quod</span> <span class='ocrx_word' id='word_1_163' title='bbox 519 1066 547 1106; x_wconf 87' lang='lat' dir='ltr'>fi</span> <span class='ocrx_word' id='word_1_164' title='bbox 564 1079 696 1119; x_wconf 84' lang='lat' dir='ltr'>parum</span> <span class='ocrx_word' id='word_1_165' title='bbox 718 1063 853 1104; x_wconf 88' lang='lat' dir='ltr'>alicubi</span> <span class='ocrx_word' id='word_1_166' title='bbox 874 1063 1062 1113; x_wconf 87' lang='lat' dir='ltr'>successit,</span> <span class='ocrx_word' id='word_1_167' title='bbox 1091 1077 1195 1103; x_wconf 93' lang='lat' dir='ltr'>error</span> <span class='ocrx_word' id='word_1_168' title='bbox 1217 1062 1270 1103; x_wconf 82' lang='lat' dir='ltr'>est</span> <span class='ocrx_word' id='word_1_169' title='bbox 1288 1090 1300 1109; x_wconf 86' lang='lat'>‚</span> <span class='ocrx_word' id='word_1_170' title='bbox 1319 1076 1399 1103; x_wconf 89' lang='lat' dir='ltr'>non</span> <span class='ocrx_word' id='word_1_171' title='bbox 1417 1062 1533 1103; x_wconf 91' lang='lat' dir='ltr'>scelus</span> <span class='ocrx_word' id='word_1_172' title='bbox 1545 1084 1554 1109; x_wconf 55' lang='lat'>‚2</span> <span class='ocrx_word' id='word_1_173' title='bbox 1585 1066 1624 1102; x_wconf 88' lang='lat'>&amp;</span> <span class='ocrx_word' id='word_1_174' title='bbox 1641 1063 1780 1119; x_wconf 82' lang='lat' dir='ltr'>corrigi</span> <span class='ocrx_word' id='word_1_175' title='bbox 1801 1078 1880 1106; x_wconf 88' lang='lat' dir='ltr'>me·</span> 
     </span>
     <span class='ocr_line' id='line_1_17' title="bbox 141 1117 1881 1173; baseline -0.002 -10"><span class='ocrx_word' id='word_1_176' title='bbox 141 1138 247 1172; x_wconf 89' lang='lat' dir='ltr'>reor,</span> <span class='ocrx_word' id='word_1_177' title='bbox 279 1121 404 1163; x_wconf 76' lang='lat' dir='ltr'>incesti</span> <span class='ocrx_word' id='word_1_178' title='bbox 427 1136 506 1162; x_wconf 93' lang='lat' dir='ltr'>non</span> <span class='ocrx_word' id='word_1_179' title='bbox 528 1134 686 1161; x_wconf 90' lang='lat' dir='ltr'>mereor.</span> <span class='ocrx_word' id='word_1_180' title='bbox 714 1119 829 1160; x_wconf 89' lang='lat' dir='ltr'>Nihil</span> <span class='ocrx_word' id='word_1_181' title='bbox 849 1119 951 1160; x_wconf 90' lang='lat' dir='ltr'>enim</span> <span class='ocrx_word' id='word_1_182' title='bbox 972 1119 1092 1172; x_wconf 85' lang='lat' dir='ltr'>magis</span> <span class='ocrx_word' id='word_1_183' title='bbox 1112 1118 1301 1173; x_wconf 85' lang='lat' dir='ltr'>agnosco,</span> <span class='ocrx_word' id='word_1_184' title='bbox 1332 1131 1448 1172; x_wconf 87' lang='lat' dir='ltr'>quam</span> <span class='ocrx_word' id='word_1_185' title='bbox 1469 1131 1529 1158; x_wconf 90' lang='lat' dir='ltr'>me</span> <span class='ocrx_word' id='word_1_186' title='bbox 1550 1117 1645 1157; x_wconf 88' lang='lat' dir='ltr'>nihil</span> <span class='ocrx_word' id='word_1_187' title='bbox 1665 1117 1764 1159; x_wconf 90' lang='lat' dir='ltr'>seire.</span> <span class='ocrx_word' id='word_1_188' title='bbox 1786 1119 1881 1160; x_wconf 91' lang='lat' dir='ltr'>Pro-</span> 
     </span>
     <span class='ocr_line' id='line_1_18' title="bbox 140 1172 1881 1231; baseline -0.001 -13"><span class='ocrx_word' id='word_1_189' title='bbox 140 1178 319 1218; x_wconf 87' lang='lat' dir='ltr'>fiteantur</span> <span class='ocrx_word' id='word_1_190' title='bbox 339 1178 400 1217; x_wconf 89' lang='lat' dir='ltr'>alii</span> <span class='ocrx_word' id='word_1_191' title='bbox 422 1176 700 1231; x_wconf 87' lang='lat' dir='ltr'>quantumlibet</span> <span class='ocrx_word' id='word_1_192' title='bbox 722 1174 908 1228; x_wconf 83' lang='lat' dir='ltr'>ingentia:</span> <span class='ocrx_word' id='word_1_193' title='bbox 938 1188 1013 1228; x_wconf 85' lang='lat' dir='ltr'>ego</span> <span class='ocrx_word' id='word_1_194' title='bbox 1036 1187 1107 1227; x_wconf 90' lang='lat' dir='ltr'>pro</span> <span class='ocrx_word' id='word_1_195' title='bbox 1128 1187 1212 1214; x_wconf 89' lang='lat' dir='ltr'>mea</span> <span class='ocrx_word' id='word_1_196' title='bbox 1232 1173 1415 1214; x_wconf 85' lang='lat' dir='ltr'>tenuitate</span> <span class='ocrx_word' id='word_1_197' title='bbox 1433 1172 1529 1213; x_wconf 90' lang='lat' dir='ltr'>nihil</span> <span class='ocrx_word' id='word_1_198' title='bbox 1549 1172 1756 1227; x_wconf 83' lang='lat' dir='ltr'>profitens,</span> <span class='ocrx_word' id='word_1_199' title='bbox 1774 1187 1881 1228; x_wconf 87' lang='lat' dir='ltr'>prae-</span> 
     </span>
     <span class='ocr_line' id='line_1_19' title="bbox 140 1227 1880 1286; baseline -0.002 -12"><span class='ocrx_word' id='word_1_200' title='bbox 140 1234 198 1274; x_wconf 85' lang='lat' dir='ltr'>sto</span> <span class='ocrx_word' id='word_1_201' title='bbox 219 1245 345 1273; x_wconf 85' lang='lat' dir='ltr'>tamen</span> <span class='ocrx_word' id='word_1_202' title='bbox 367 1232 475 1286; x_wconf 88' lang='lat' dir='ltr'>quod</span> <span class='ocrx_word' id='word_1_203' title='bbox 495 1232 605 1281; x_wconf 88' lang='lat' dir='ltr'>lieet,</span> <span class='ocrx_word' id='word_1_204' title='bbox 637 1229 886 1285; x_wconf 76' lang='lat' dir='ltr'>paratiss&#39;imus</span> <span class='ocrx_word' id='word_1_205' title='bbox 907 1229 958 1269; x_wconf 88' lang='lat' dir='ltr'>ad</span> <span class='ocrx_word' id='word_1_206' title='bbox 978 1229 1236 1283; x_wconf 82' lang='lat' dir='ltr'>palinodiam,</span> <span class='ocrx_word' id='word_1_207' title='bbox 1267 1228 1381 1268; x_wconf 87' lang='lat' dir='ltr'>fieubi</span> <span class='ocrx_word' id='word_1_208' title='bbox 1402 1241 1508 1268; x_wconf 87' lang='lat' dir='ltr'>more</span> <span class='ocrx_word' id='word_1_209' title='bbox 1534 1227 1737 1269; x_wconf 89' lang='lat' dir='ltr'>hominum</span> <span class='ocrx_word' id='word_1_210' title='bbox 1758 1228 1880 1283; x_wconf 85' lang='lat' dir='ltr'>lapsus</span> 
     </span>
     <span class='ocr_line' id='line_1_20' title="bbox 139 1282 1881 1342; baseline -0.003 -13"><span class='ocrx_word' id='word_1_211' title='bbox 139 1288 229 1336; x_wconf 58' lang='lat' dir='ltr'>sinu</span> <span class='ocrx_word' id='word_1_212' title='bbox 260 1289 337 1340; x_wconf 80' lang='lat' dir='ltr'>ipse</span> <span class='ocrx_word' id='word_1_213' title='bbox 364 1301 519 1342; x_wconf 90' lang='lat' dir='ltr'>quoque</span> <span class='ocrx_word' id='word_1_214' title='bbox 542 1286 637 1326; x_wconf 92' lang='lat' dir='ltr'>mihi</span> <span class='ocrx_word' id='word_1_215' title='bbox 665 1284 796 1326; x_wconf 89' lang='lat' dir='ltr'>censor</span> <span class='ocrx_word' id='word_1_216' title='bbox 817 1284 983 1334; x_wconf 89' lang='lat' dir='ltr'>futurus,</span> <span class='ocrx_word' id='word_1_217' title='bbox 1012 1283 1234 1337; x_wconf 80' lang='lat' dir='ltr'>simulatque</span> <span class='ocrx_word' id='word_1_218' title='bbox 1250 1282 1786 1337; x_wconf 66' lang='lat' dir='ltr'>deprehendero.‘Caeterum</span> <span class='ocrx_word' id='word_1_219' title='bbox 1809 1285 1881 1325; x_wconf 86' lang='lat' dir='ltr'>Di-</span> 
     </span>
     <span class='ocr_line' id='line_1_21' title="bbox 140 1336 1880 1397; baseline -0.002 -13"><span class='ocrx_word' id='word_1_220' title='bbox 140 1358 209 1384; x_wconf 84' lang='lat' dir='ltr'>vus</span> <span class='ocrx_word' id='word_1_221' title='bbox 230 1344 492 1397; x_wconf 88' lang='lat' dir='ltr'>Hieronymus</span> <span class='ocrx_word' id='word_1_222' title='bbox 509 1356 588 1382; x_wconf 91' lang='lat' dir='ltr'>non</span> <span class='ocrx_word' id='word_1_223' title='bbox 610 1340 682 1382; x_wconf 91' lang='lat' dir='ltr'>fert</span> <span class='ocrx_word' id='word_1_224' title='bbox 704 1339 1013 1393; x_wconf 88' lang='lat' dir='ltr'>reprehensorem</span> <span class='ocrx_word' id='word_1_225' title='bbox 1027 1369 1038 1388; x_wconf 93' lang='lat'>,</span> <span class='ocrx_word' id='word_1_226' title='bbox 1069 1340 1136 1393; x_wconf 88' lang='lat' dir='ltr'>qui</span> <span class='ocrx_word' id='word_1_227' title='bbox 1159 1340 1340 1379; x_wconf 90' lang='lat' dir='ltr'>damnare</span> <span class='ocrx_word' id='word_1_228' title='bbox 1361 1336 1645 1393; x_wconf 84' lang='lat' dir='ltr'>possit,docere</span> <span class='ocrx_word' id='word_1_229' title='bbox 1664 1352 1743 1379; x_wconf 92' lang='lat' dir='ltr'>non</span> <span class='ocrx_word' id='word_1_230' title='bbox 1755 1338 1880 1393; x_wconf 83' lang='lat' dir='ltr'>possit.</span> 
     </span>
     <span class='ocr_line' id='line_1_22' title="bbox 142 1393 1362 1452; baseline -0.005 -12"><span class='ocrx_word' id='word_1_231' title='bbox 142 1401 321 1448; x_wconf 81' lang='lat' dir='ltr'>Quorum</span> <span class='ocrx_word' id='word_1_232' title='bbox 341 1399 433 1438; x_wconf 92' lang='lat' dir='ltr'>illud</span> <span class='ocrx_word' id='word_1_233' title='bbox 454 1396 692 1452; x_wconf 89' lang='lat' dir='ltr'>tyrannicum</span> <span class='ocrx_word' id='word_1_234' title='bbox 712 1396 766 1436; x_wconf 90' lang='lat' dir='ltr'>est</span> <span class='ocrx_word' id='word_1_235' title='bbox 778 1422 789 1441; x_wconf 90' lang='lat'>‚</span> <span class='ocrx_word' id='word_1_236' title='bbox 819 1395 895 1435; x_wconf 89' lang='lat' dir='ltr'>hoc</span> <span class='ocrx_word' id='word_1_237' title='bbox 917 1395 1081 1434; x_wconf 84' lang='lat' dir='ltr'>amicum</span> <span class='ocrx_word' id='word_1_238' title='bbox 1104 1397 1141 1432; x_wconf 78' lang='grc' dir='ltr'>ὃ(</span> <span class='ocrx_word' id='word_1_239' title='bbox 1160 1393 1362 1434; x_wconf 89' lang='lat' dir='ltr'>eruditum.</span> 
     </span>
    </p>

    <p class='ocr_par' dir='ltr' id='par_1_3' title="bbox 116 1448 1886 3162">
     <span class='ocr_line' id='line_1_23' title="bbox 200 1448 1881 1507; baseline -0.002 -13"><span class='ocrx_word' id='word_1_240' title='bbox 200 1455 279 1507; x_wconf 74' lang='lat' dir='ltr'>lam</span> <span class='ocrx_word' id='word_1_241' title='bbox 312 1468 405 1494; x_wconf 88' lang='lat' dir='ltr'>vero</span> <span class='ocrx_word' id='word_1_242' title='bbox 437 1452 462 1492; x_wconf 88' lang='lat' dir='ltr'>si</span> <span class='ocrx_word' id='word_1_243' title='bbox 489 1452 556 1506; x_wconf 89' lang='lat' dir='ltr'>qui</span> <span class='ocrx_word' id='word_1_244' title='bbox 585 1463 782 1496; x_wconf 91' lang='lat' dir='ltr'>verentur,</span> <span class='ocrx_word' id='word_1_245' title='bbox 812 1464 860 1490; x_wconf 92' lang='lat' dir='ltr'>ne</span> <span class='ocrx_word' id='word_1_246' title='bbox 881 1450 1077 1489; x_wconf 81' lang='lat' dir='ltr'>sacrarum</span> <span class='ocrx_word' id='word_1_247' title='bbox 1097 1450 1308 1489; x_wconf 88' lang='lat' dir='ltr'>Literarum</span> <span class='ocrx_word' id='word_1_248' title='bbox 1338 1449 1541 1490; x_wconf 66' lang='lat' dir='ltr'>auctoritas</span> <span class='ocrx_word' id='word_1_249' title='bbox 1563 1460 1720 1490; x_wconf 89' lang='lat' dir='ltr'>vocetur</span> <span class='ocrx_word' id='word_1_250' title='bbox 1741 1449 1781 1489; x_wconf 89' lang='lat' dir='ltr'>in</span> <span class='ocrx_word' id='word_1_251' title='bbox 1810 1448 1881 1491; x_wconf 91' lang='lat' dir='ltr'>du-</span> 
     </span>
     <span class='ocr_line' id='line_1_24' title="bbox 141 1503 1879 1562; baseline -0.002 -12"><span class='ocrx_word' id='word_1_252' title='bbox 141 1503 266 1559; x_wconf 79' lang='lat' dir='ltr'>bium,</span> <span class='ocrx_word' id='word_1_253' title='bbox 296 1509 321 1549; x_wconf 88' lang='lat' dir='ltr'>si</span> <span class='ocrx_word' id='word_1_254' title='bbox 341 1507 436 1562; x_wconf 90' lang='lat' dir='ltr'>quid</span> <span class='ocrx_word' id='word_1_255' title='bbox 456 1520 614 1561; x_wconf 83' lang='lat' dir='ltr'>usquam</span> <span class='ocrx_word' id='word_1_256' title='bbox 635 1506 855 1547; x_wconf 80' lang='lat' dir='ltr'>variaverit:</span> <span class='ocrx_word' id='word_1_257' title='bbox 885 1504 927 1544; x_wconf 92' lang='lat' dir='ltr'>hi</span> <span class='ocrx_word' id='word_1_258' title='bbox 942 1503 1059 1544; x_wconf 88' lang='lat' dir='ltr'>sciant</span> <span class='ocrx_word' id='word_1_259' title='bbox 1080 1515 1260 1558; x_wconf 87' lang='lat' dir='ltr'>oportet,</span> <span class='ocrx_word' id='word_1_260' title='bbox 1283 1505 1364 1556; x_wconf 90' lang='lat' dir='ltr'>jam</span> <span class='ocrx_word' id='word_1_261' title='bbox 1383 1518 1505 1544; x_wconf 90' lang='lat' dir='ltr'>annos</span> <span class='ocrx_word' id='word_1_262' title='bbox 1527 1504 1611 1558; x_wconf 87' lang='lat' dir='ltr'>plus</span> <span class='ocrx_word' id='word_1_263' title='bbox 1632 1504 1735 1545; x_wconf 88' lang='lat' dir='ltr'>mille</span> <span class='ocrx_word' id='word_1_264' title='bbox 1752 1519 1879 1559; x_wconf 91' lang='lat' dir='ltr'>neque</span> 
     </span>
     <span class='ocr_line' id='line_1_25' title="bbox 140 1558 1881 1617; baseline -0.003 -12"><span class='ocrx_word' id='word_1_265' title='bbox 140 1564 367 1606; x_wconf 84' lang='lat' dir='ltr'>Latinorum</span> <span class='ocrx_word' id='word_1_266' title='bbox 389 1577 513 1617; x_wconf 89' lang='lat' dir='ltr'>neque</span> <span class='ocrx_word' id='word_1_267' title='bbox 528 1563 766 1602; x_wconf 90' lang='lat' dir='ltr'>Graecorum</span> <span class='ocrx_word' id='word_1_268' title='bbox 785 1559 1013 1612; x_wconf 82' lang='lat' dir='ltr'>exemplaria</span> <span class='ocrx_word' id='word_1_269' title='bbox 1032 1573 1100 1612; x_wconf 88' lang='lat' dir='ltr'>per</span> <span class='ocrx_word' id='word_1_270' title='bbox 1121 1559 1252 1599; x_wconf 89' lang='lat' dir='ltr'>omnia</span> <span class='ocrx_word' id='word_1_271' title='bbox 1273 1558 1506 1600; x_wconf 76' lang='lat' dir='ltr'>consensisse.</span> <span class='ocrx_word' id='word_1_272' title='bbox 1533 1558 1581 1599; x_wconf 91' lang='lat' dir='ltr'>Id</span> <span class='ocrx_word' id='word_1_273' title='bbox 1602 1558 1709 1613; x_wconf 91' lang='lat' dir='ltr'>quod</span> <span class='ocrx_word' id='word_1_274' title='bbox 1731 1573 1779 1599; x_wconf 93' lang='lat' dir='ltr'>ne</span> <span class='ocrx_word' id='word_1_275' title='bbox 1798 1559 1881 1600; x_wconf 90' lang='lat' dir='ltr'>fieri</span> 
     </span>
     <span class='ocr_line' id='line_1_26' title="bbox 140 1613 1881 1673; baseline -0.003 -13"><span class='ocrx_word' id='word_1_276' title='bbox 140 1619 299 1673; x_wconf 90' lang='lat' dir='ltr'>quidem</span> <span class='ocrx_word' id='word_1_277' title='bbox 329 1617 463 1673; x_wconf 77' lang='lat' dir='ltr'>ponit,</span> <span class='ocrx_word' id='word_1_278' title='bbox 494 1616 735 1658; x_wconf 85' lang='lat' dir='ltr'>nimirumin</span> <span class='ocrx_word' id='word_1_279' title='bbox 755 1627 862 1656; x_wconf 86' lang='lat' dir='ltr'>tanta</span> <span class='ocrx_word' id='word_1_280' title='bbox 882 1614 1119 1654; x_wconf 89' lang='lat' dir='ltr'>librariorum</span> <span class='ocrx_word' id='word_1_281' title='bbox 1144 1627 1225 1654; x_wconf 91' lang='lat' dir='ltr'>non</span> <span class='ocrx_word' id='word_1_282' title='bbox 1255 1613 1376 1654; x_wconf 91' lang='lat' dir='ltr'>solum</span> <span class='ocrx_word' id='word_1_283' title='bbox 1397 1614 1526 1664; x_wconf 88' lang='lat' dir='ltr'>turba,</span> <span class='ocrx_word' id='word_1_284' title='bbox 1556 1614 1622 1654; x_wconf 91' lang='lat' dir='ltr'>sed</span> <span class='ocrx_word' id='word_1_285' title='bbox 1640 1614 1808 1666; x_wconf 87' lang='lat' dir='ltr'>inscitia,</span> <span class='ocrx_word' id='word_1_286' title='bbox 1838 1630 1881 1655; x_wconf 86' lang='lat' dir='ltr'>o·-</span> 
     </span>
     <span class='ocr_line' id='line_1_27' title="bbox 139 1669 1881 1723; baseline -0.003 -8"><span class='ocrx_word' id='word_1_287' title='bbox 139 1675 331 1723; x_wconf 83' lang='lat' dir='ltr'>scitantia,</span> <span class='ocrx_word' id='word_1_288' title='bbox 360 1674 583 1714; x_wconf 85' lang='lat' dir='ltr'>temeritate.</span> <span class='ocrx_word' id='word_1_289' title='bbox 614 1672 675 1712; x_wconf 91' lang='lat' dir='ltr'>Ut</span> <span class='ocrx_word' id='word_1_290' title='bbox 703 1684 753 1711; x_wconf 93' lang='lat' dir='ltr'>ne</span> <span class='ocrx_word' id='word_1_291' title='bbox 777 1682 1098 1717; x_wconf 90' lang='lat' dir='ltr'>commemorem,</span> <span class='ocrx_word' id='word_1_292' title='bbox 1126 1683 1242 1723; x_wconf 88' lang='lat' dir='ltr'>quam</span> <span class='ocrx_word' id='word_1_293' title='bbox 1272 1669 1390 1710; x_wconf 85' lang='lat' dir='ltr'>multa</span> <span class='ocrx_word' id='word_1_294' title='bbox 1417 1680 1560 1710; x_wconf 88' lang='lat' dir='ltr'>mutata</span> <span class='ocrx_word' id='word_1_295' title='bbox 1583 1669 1656 1710; x_wconf 80' lang='lat' dir='ltr'>sint</span> <span class='ocrx_word' id='word_1_296' title='bbox 1677 1670 1724 1709; x_wconf 91' lang='lat' dir='ltr'>ab</span> <span class='ocrx_word' id='word_1_297' title='bbox 1755 1670 1881 1710; x_wconf 89' lang='lat' dir='ltr'>erudi-</span> 
     </span>
     <span class='ocr_line' id='line_1_28' title="bbox 139 1723 1882 1782; baseline -0.003 -12"><span class='ocrx_word' id='word_1_298' title='bbox 139 1730 248 1777; x_wconf 89' lang='lat' dir='ltr'>tulis‚</span> <span class='ocrx_word' id='word_1_299' title='bbox 279 1740 343 1769; x_wconf 90' lang='lat' dir='ltr'>aut</span> <span class='ocrx_word' id='word_1_300' title='bbox 366 1740 468 1782; x_wconf 75' lang='lat' dir='ltr'>certe</span> <span class='ocrx_word' id='word_1_301' title='bbox 489 1742 510 1767; x_wconf 89' lang='lat' dir='ltr'>a</span> <span class='ocrx_word' id='word_1_302' title='bbox 529 1740 663 1779; x_wconf 86' lang='lat' dir='ltr'>parum</span> <span class='ocrx_word' id='word_1_303' title='bbox 685 1725 850 1765; x_wconf 89' lang='lat' dir='ltr'>attentis.</span> <span class='ocrx_word' id='word_1_304' title='bbox 879 1724 1094 1777; x_wconf 87' lang='lat' dir='ltr'>Comperio</span> <span class='ocrx_word' id='word_1_305' title='bbox 1115 1723 1304 1776; x_wconf 85' lang='lat' dir='ltr'>quaedam</span> <span class='ocrx_word' id='word_1_306' title='bbox 1324 1723 1426 1764; x_wconf 88' lang='lat' dir='ltr'>erasa</span> <span class='ocrx_word' id='word_1_307' title='bbox 1446 1735 1511 1764; x_wconf 89' lang='lat' dir='ltr'>aut</span> <span class='ocrx_word' id='word_1_308' title='bbox 1529 1723 1685 1765; x_wconf 64' lang='lat' dir='ltr'>industa</span> <span class='ocrx_word' id='word_1_309' title='bbox 1705 1738 1728 1764; x_wconf 89' lang='lat' dir='ltr'>a</span> <span class='ocrx_word' id='word_1_310' title='bbox 1747 1723 1882 1772; x_wconf 49' lang='lat' dir='ltr'>fastio-</span> 
     </span>
     <span class='ocr_line' id='line_1_29' title="bbox 140 1777 1882 1838; baseline -0.002 -13"><span class='ocrx_word' id='word_1_311' title='bbox 140 1785 251 1825; x_wconf 86' lang='lat' dir='ltr'>nibus</span> <span class='ocrx_word' id='word_1_312' title='bbox 264 1815 274 1835; x_wconf 92' lang='lat'>,</span> <span class='ocrx_word' id='word_1_313' title='bbox 302 1796 462 1838; x_wconf 88' lang='lat' dir='ltr'>quarum</span> <span class='ocrx_word' id='word_1_314' title='bbox 482 1781 646 1823; x_wconf 88' lang='lat' dir='ltr'>tumultu</span> <span class='ocrx_word' id='word_1_315' title='bbox 664 1778 863 1835; x_wconf 89' lang='lat' dir='ltr'>quondam</span> <span class='ocrx_word' id='word_1_316' title='bbox 884 1777 1026 1819; x_wconf 90' lang='lat' dir='ltr'>sursum</span> <span class='ocrx_word' id='word_1_317' title='bbox 1043 1792 1088 1818; x_wconf 88' lang='lat' dir='ltr'>ae</span> <span class='ocrx_word' id='word_1_318' title='bbox 1113 1777 1291 1818; x_wconf 92' lang='lat' dir='ltr'>deorsum</span> <span class='ocrx_word' id='word_1_319' title='bbox 1304 1777 1562 1819; x_wconf 74' lang='lat' dir='ltr'>vmiscebantur</span> <span class='ocrx_word' id='word_1_320' title='bbox 1581 1779 1712 1819; x_wconf 91' lang='lat' dir='ltr'>omnia</span> <span class='ocrx_word' id='word_1_321' title='bbox 1735 1810 1746 1829; x_wconf 92' lang='lat'>,</span> <span class='ocrx_word' id='word_1_322' title='bbox 1773 1793 1882 1834; x_wconf 88' lang='lat' dir='ltr'>prae-</span> 
     </span>
     <span class='ocr_line' id='line_1_30' title="bbox 140 1833 1882 1891; baseline -0.003 -10"><span class='ocrx_word' id='word_1_323' title='bbox 140 1840 267 1891; x_wconf 85' lang='lat' dir='ltr'>sertim</span> <span class='ocrx_word' id='word_1_324' title='bbox 288 1839 461 1880; x_wconf 87' lang='lat' dir='ltr'>Orientis</span> <span class='ocrx_word' id='word_1_325' title='bbox 484 1836 691 1886; x_wconf 80' lang='lat' dir='ltr'>Ecclesiae,</span> <span class='ocrx_word' id='word_1_326' title='bbox 721 1834 816 1875; x_wconf 91' lang='lat' dir='ltr'>dum</span> <span class='ocrx_word' id='word_1_327' title='bbox 838 1834 1001 1889; x_wconf 88' lang='lat' dir='ltr'>quisque</span> <span class='ocrx_word' id='word_1_328' title='bbox 1022 1847 1094 1888; x_wconf 90' lang='lat' dir='ltr'>pro</span> <span class='ocrx_word' id='word_1_329' title='bbox 1116 1833 1263 1874; x_wconf 88' lang='lat' dir='ltr'>suarum</span> <span class='ocrx_word' id='word_1_330' title='bbox 1290 1834 1455 1887; x_wconf 92' lang='lat' dir='ltr'>partium</span> <span class='ocrx_word' id='word_1_331' title='bbox 1475 1835 1692 1889; x_wconf 89' lang='lat' dir='ltr'>patrocinio</span> <span class='ocrx_word' id='word_1_332' title='bbox 1713 1835 1882 1889; x_wconf 90' lang='lat' dir='ltr'>Scriptu-</span> 
     </span>
     <span class='ocr_line' id='line_1_31' title="bbox 140 1887 1883 1946; baseline -0.004 -9"><span class='ocrx_word' id='word_1_333' title='bbox 140 1910 220 1937; x_wconf 87' lang='lat' dir='ltr'>ram</span> <span class='ocrx_word' id='word_1_334' title='bbox 243 1895 372 1936; x_wconf 90' lang='lat' dir='ltr'>variat.</span> <span class='ocrx_word' id='word_1_335' title='bbox 401 1893 448 1934; x_wconf 93' lang='lat' dir='ltr'>Id</span> <span class='ocrx_word' id='word_1_336' title='bbox 471 1903 572 1933; x_wconf 92' lang='lat' dir='ltr'>certe</span> <span class='ocrx_word' id='word_1_337' title='bbox 591 1889 734 1931; x_wconf 69' lang='lat' dir='ltr'>fastum</span> <span class='ocrx_word' id='word_1_338' title='bbox 751 1903 832 1929; x_wconf 89' lang='lat' dir='ltr'>non</span> <span class='ocrx_word' id='word_1_339' title='bbox 852 1889 1011 1932; x_wconf 87' lang='lat' dir='ltr'>obscure</span> <span class='ocrx_word' id='word_1_340' title='bbox 1033 1887 1291 1942; x_wconf 89' lang='lat' dir='ltr'>compluribus</span> <span class='ocrx_word' id='word_1_341' title='bbox 1311 1888 1352 1929; x_wconf 89' lang='lat' dir='ltr'>in</span> <span class='ocrx_word' id='word_1_342' title='bbox 1371 1888 1465 1930; x_wconf 92' lang='lat' dir='ltr'>loeis</span> <span class='ocrx_word' id='word_1_343' title='bbox 1493 1889 1659 1930; x_wconf 89' lang='lat' dir='ltr'>declarat</span> <span class='ocrx_word' id='word_1_344' title='bbox 1686 1890 1883 1946; x_wconf 88' lang='lat' dir='ltr'>Hierony-</span> 
     </span>
     <span class='ocr_line' id='line_1_32' title="bbox 139 1942 1882 2004; baseline -0.002 -13"><span class='ocrx_word' id='word_1_345' title='bbox 139 1965 234 1991; x_wconf 87' lang='lat' dir='ltr'>mus.</span> <span class='ocrx_word' id='word_1_346' title='bbox 265 1949 376 2004; x_wconf 79' lang='lat' dir='ltr'>Qiid</span> <span class='ocrx_word' id='word_1_347' title='bbox 396 1959 523 1989; x_wconf 85' lang='lat' dir='ltr'>autern</span> <span class='ocrx_word' id='word_1_348' title='bbox 545 1944 684 1987; x_wconf 89' lang='lat' dir='ltr'>accidit</span> <span class='ocrx_word' id='word_1_349' title='bbox 706 1944 907 1999; x_wconf 83' lang='lat' dir='ltr'>Religioni</span> <span class='ocrx_word' id='word_1_350' title='bbox 928 1942 1191 1993; x_wconf 84' lang='lat' dir='ltr'>Christianae,</span> <span class='ocrx_word' id='word_1_351' title='bbox 1213 1942 1322 1997; x_wconf 93' lang='lat' dir='ltr'>quod</span> <span class='ocrx_word' id='word_1_352' title='bbox 1342 1955 1402 1984; x_wconf 91' lang='lat' dir='ltr'>tot</span> <span class='ocrx_word' id='word_1_353' title='bbox 1417 1943 1498 1997; x_wconf 90' lang='lat' dir='ltr'>jam</span> <span class='ocrx_word' id='word_1_354' title='bbox 1518 1943 1648 1984; x_wconf 90' lang='lat' dir='ltr'>seculis</span> <span class='ocrx_word' id='word_1_355' title='bbox 1667 1944 1768 1985; x_wconf 89' lang='lat' dir='ltr'>aliud</span> <span class='ocrx_word' id='word_1_356' title='bbox 1789 1946 1882 2000; x_wconf 87' lang='lat' dir='ltr'>legit</span> 
     </span>
     <span class='ocr_line' id='line_1_33' title="bbox 140 1996 1880 2057; baseline -0.002 -11"><span class='ocrx_word' id='word_1_357' title='bbox 140 2007 426 2057; x_wconf 84' lang='lat' dir='ltr'>Hieronymus,</span> <span class='ocrx_word' id='word_1_358' title='bbox 456 2001 558 2043; x_wconf 90' lang='lat' dir='ltr'>aliud</span> <span class='ocrx_word' id='word_1_359' title='bbox 592 1999 832 2055; x_wconf 89' lang='lat' dir='ltr'>Cyprianus,</span> <span class='ocrx_word' id='word_1_360' title='bbox 862 1997 966 2038; x_wconf 92' lang='lat' dir='ltr'>aliud</span> <span class='ocrx_word' id='word_1_361' title='bbox 997 1997 1190 2048; x_wconf 86' lang='lat' dir='ltr'>Hilarius,</span> <span class='ocrx_word' id='word_1_362' title='bbox 1219 1996 1322 2039; x_wconf 91' lang='lat' dir='ltr'>aliud</span> <span class='ocrx_word' id='word_1_363' title='bbox 1341 1998 1585 2049; x_wconf 89' lang='lat' dir='ltr'>Ambrosius,</span> <span class='ocrx_word' id='word_1_364' title='bbox 1613 1999 1715 2040; x_wconf 90' lang='lat' dir='ltr'>aliud</span> <span class='ocrx_word' id='word_1_365' title='bbox 1746 2001 1880 2055; x_wconf 87' lang='lat' dir='ltr'>Augu-</span> 
     </span>
     <span class='ocr_line' id='line_1_34' title="bbox 141 2052 1880 2114; baseline -0.004 -11"><span class='ocrx_word' id='word_1_366' title='bbox 141 2063 283 2102; x_wconf 89' lang='lat' dir='ltr'>stinus?</span> <span class='ocrx_word' id='word_1_367' title='bbox 314 2059 416 2114; x_wconf 87' lang='lat' dir='ltr'>apud</span> <span class='ocrx_word' id='word_1_368' title='bbox 439 2057 510 2098; x_wconf 89' lang='lat' dir='ltr'>hos</span> <span class='ocrx_word' id='word_1_369' title='bbox 531 2054 666 2097; x_wconf 86' lang='lat' dir='ltr'>alicubi</span> <span class='ocrx_word' id='word_1_370' title='bbox 682 2068 762 2095; x_wconf 91' lang='lat' dir='ltr'>non</span> <span class='ocrx_word' id='word_1_371' title='bbox 782 2052 906 2094; x_wconf 91' lang='lat' dir='ltr'>modo</span> <span class='ocrx_word' id='word_1_372' title='bbox 925 2052 1072 2095; x_wconf 88' lang='lat' dir='ltr'>diversa</span> <span class='ocrx_word' id='word_1_373' title='bbox 1090 2053 1328 2106; x_wconf 86' lang='lat' dir='ltr'>comperies,</span> <span class='ocrx_word' id='word_1_374' title='bbox 1357 2052 1422 2095; x_wconf 87' lang='lat' dir='ltr'>sed</span> <span class='ocrx_word' id='word_1_375' title='bbox 1454 2057 1494 2094; x_wconf 90' lang='lat'>&amp;</span> <span class='ocrx_word' id='word_1_376' title='bbox 1523 2056 1733 2109; x_wconf 84' lang='lat' dir='ltr'>pugnantia</span> <span class='ocrx_word' id='word_1_377' title='bbox 1752 2086 1762 2104; x_wconf 91' lang='lat'>,</span> <span class='ocrx_word' id='word_1_378' title='bbox 1793 2069 1880 2096; x_wconf 91' lang='lat' dir='ltr'>cum</span> 
     </span>
     <span class='ocr_line' id='line_1_35' title="bbox 140 2107 1881 2164; baseline -0.005 -5"><span class='ocrx_word' id='word_1_379' title='bbox 140 2119 179 2160; x_wconf 89' lang='lat' dir='ltr'>in</span> <span class='ocrx_word' id='word_1_380' title='bbox 204 2117 347 2158; x_wconf 89' lang='lat' dir='ltr'>summa</span> <span class='ocrx_word' id='word_1_381' title='bbox 369 2113 612 2154; x_wconf 88' lang='lat' dir='ltr'>Christianae</span> <span class='ocrx_word' id='word_1_382' title='bbox 637 2109 730 2151; x_wconf 84' lang='lat' dir='ltr'>fidei</span> <span class='ocrx_word' id='word_1_383' title='bbox 747 2109 997 2150; x_wconf 87' lang='lat' dir='ltr'>consentiant.</span> <span class='ocrx_word' id='word_1_384' title='bbox 1033 2107 1145 2162; x_wconf 85' lang='lat' dir='ltr'>Qiid</span> <span class='ocrx_word' id='word_1_385' title='bbox 1167 2107 1300 2160; x_wconf 89' lang='lat' dir='ltr'>facias,</span> <span class='ocrx_word' id='word_1_386' title='bbox 1329 2109 1533 2163; x_wconf 89' lang='lat' dir='ltr'>postquam</span> <span class='ocrx_word' id='word_1_387' title='bbox 1553 2123 1624 2150; x_wconf 92' lang='lat' dir='ltr'>nee</span> <span class='ocrx_word' id='word_1_388' title='bbox 1643 2109 1721 2164; x_wconf 91' lang='lat' dir='ltr'>ipsa</span> <span class='ocrx_word' id='word_1_389' title='bbox 1743 2110 1881 2152; x_wconf 90' lang='lat' dir='ltr'>horum</span> 
     </span>
     <span class='ocr_line' id='line_1_36' title="bbox 140 2162 1879 2226; baseline -0.004 -12"><span class='ocrx_word' id='word_1_390' title='bbox 140 2184 359 2226; x_wconf 88' lang='lat' dir='ltr'>temporum</span> <span class='ocrx_word' id='word_1_391' title='bbox 374 2168 496 2210; x_wconf 89' lang='lat' dir='ltr'>editio</span> <span class='ocrx_word' id='word_1_392' title='bbox 514 2181 581 2221; x_wconf 90' lang='lat' dir='ltr'>per</span> <span class='ocrx_word' id='word_1_393' title='bbox 599 2165 731 2207; x_wconf 88' lang='lat' dir='ltr'>omnia</span> <span class='ocrx_word' id='word_1_394' title='bbox 750 2164 818 2206; x_wconf 88' lang='lat' dir='ltr'>fibi</span> <span class='ocrx_word' id='word_1_395' title='bbox 838 2163 1052 2205; x_wconf 88' lang='lat' dir='ltr'>consentit?</span> <span class='ocrx_word' id='word_1_396' title='bbox 1082 2178 1157 2218; x_wconf 91' lang='lat' dir='ltr'>qua</span> <span class='ocrx_word' id='word_1_397' title='bbox 1178 2162 1278 2205; x_wconf 91' lang='lat' dir='ltr'>dere</span> <span class='ocrx_word' id='word_1_398' title='bbox 1298 2162 1325 2204; x_wconf 87' lang='lat' dir='ltr'>si</span> <span class='ocrx_word' id='word_1_399' title='bbox 1347 2165 1432 2218; x_wconf 90' lang='lat' dir='ltr'>quis</span> <span class='ocrx_word' id='word_1_400' title='bbox 1452 2163 1620 2215; x_wconf 88' lang='lat' dir='ltr'>dubitet,</span> <span class='ocrx_word' id='word_1_401' title='bbox 1649 2165 1738 2206; x_wconf 90' lang='lat' dir='ltr'>huic</span> <span class='ocrx_word' id='word_1_402' title='bbox 1760 2165 1879 2207; x_wconf 86' lang='lat' dir='ltr'>fidem</span> 
     </span>
     <span class='ocr_line' id='line_1_37' title="bbox 140 2219 1882 2277; baseline -0.005 -8"><span class='ocrx_word' id='word_1_403' title='bbox 140 2228 301 2269; x_wconf 86' lang='lat' dir='ltr'>fecerint</span> <span class='ocrx_word' id='word_1_404' title='bbox 327 2223 481 2266; x_wconf 89' lang='lat' dir='ltr'>codices</span> <span class='ocrx_word' id='word_1_405' title='bbox 511 2222 616 2277; x_wconf 89' lang='lat' dir='ltr'>typis</span> <span class='ocrx_word' id='word_1_406' title='bbox 642 2221 756 2262; x_wconf 90' lang='lat' dir='ltr'>etiarn</span> <span class='ocrx_word' id='word_1_407' title='bbox 786 2219 910 2260; x_wconf 87' lang='lat' dir='ltr'>excusi</span> <span class='ocrx_word' id='word_1_408' title='bbox 920 2250 932 2270; x_wconf 91' lang='lat'>‚</span> <span class='ocrx_word' id='word_1_409' title='bbox 959 2233 1046 2260; x_wconf 88' lang='lat' dir='ltr'>curn</span> <span class='ocrx_word' id='word_1_410' title='bbox 1067 2219 1352 2259; x_wconf 90' lang='lat' dir='ltr'>annotamentis</span> <span class='ocrx_word' id='word_1_411' title='bbox 1371 2219 1659 2274; x_wconf 84' lang='lat' dir='ltr'>marginalibus,</span> <span class='ocrx_word' id='word_1_412' title='bbox 1690 2223 1750 2270; x_wconf 71' lang='grc' dir='ltr'>δε,</span> <span class='ocrx_word' id='word_1_413' title='bbox 1780 2220 1807 2261; x_wconf 88' lang='lat' dir='ltr'><strong>fi</strong></span> <span class='ocrx_word' id='word_1_414' title='bbox 1839 2219 1882 2262; x_wconf 90' lang='lat' dir='ltr'>id</span> 
     </span>
     <span class='ocr_line' id='line_1_38' title="bbox 141 2274 1883 2338; baseline -0.005 -14"><span class='ocrx_word' id='word_1_415' title='bbox 141 2297 275 2338; x_wconf 88' lang='lat' dir='ltr'>parum</span> <span class='ocrx_word' id='word_1_416' title='bbox 297 2282 374 2330; x_wconf 90' lang='lat' dir='ltr'>est,</span> <span class='ocrx_word' id='word_1_417' title='bbox 404 2293 452 2320; x_wconf 85' lang='lat' dir='ltr'>ex</span> <span class='ocrx_word' id='word_1_418' title='bbox 474 2275 777 2318; x_wconf 84' lang='lat' dir='ltr'>Commentariis</span> <span class='ocrx_word' id='word_1_419' title='bbox 797 2274 951 2329; x_wconf 74' lang='lat' dir='ltr'>Bedae,</span> <span class='ocrx_word' id='word_1_420' title='bbox 979 2274 1155 2324; x_wconf 86' lang='lat' dir='ltr'>Rabani‚</span> <span class='ocrx_word' id='word_1_421' title='bbox 1182 2274 1387 2324; x_wconf 88' lang='lat' dir='ltr'>Thomae,</span> <span class='ocrx_word' id='word_1_422' title='bbox 1414 2289 1461 2315; x_wconf 86' lang='lat' dir='ltr'>ex</span> <span class='ocrx_word' id='word_1_423' title='bbox 1482 2275 1782 2317; x_wconf 85' lang='lat' dir='ltr'>Commentariis</span> <span class='ocrx_word' id='word_1_424' title='bbox 1804 2276 1883 2331; x_wconf 89' lang='lat' dir='ltr'>Ly-</span> 
     </span>
     <span class='ocr_line' id='line_1_39' title="bbox 140 2328 1879 2388; baseline -0.004 -9"><span class='ocrx_word' id='word_1_425' title='bbox 140 2338 248 2388; x_wconf 88' lang='lat' dir='ltr'>rani,</span> <span class='ocrx_word' id='word_1_426' title='bbox 278 2351 324 2377; x_wconf 86' lang='lat' dir='ltr'>ex</span> <span class='ocrx_word' id='word_1_427' title='bbox 353 2332 656 2375; x_wconf 86' lang='lat' dir='ltr'>Commentariis</span> <span class='ocrx_word' id='word_1_428' title='bbox 685 2331 868 2386; x_wconf 86' lang='lat' dir='ltr'>Hugonis</span> <span class='ocrx_word' id='word_1_429' title='bbox 893 2329 1070 2370; x_wconf 87' lang='lat' dir='ltr'>Carenfis</span> <span class='ocrx_word' id='word_1_430' title='bbox 1098 2328 1293 2383; x_wconf 87' lang='lat' dir='ltr'>intelliget.</span> <span class='ocrx_word' id='word_1_431' title='bbox 1323 2329 1514 2385; x_wconf 88' lang='lat' dir='ltr'>Origenes</span> <span class='ocrx_word' id='word_1_432' title='bbox 1533 2330 1614 2383; x_wconf 89' lang='lat' dir='ltr'>jam</span> <span class='ocrx_word' id='word_1_433' title='bbox 1636 2342 1718 2371; x_wconf 88' lang='lat' dir='ltr'>tum</span> <span class='ocrx_word' id='word_1_434' title='bbox 1746 2345 1879 2385; x_wconf 89' lang='lat' dir='ltr'>quere-</span> 
     </span>
     <span class='ocr_line' id='line_1_40' title="bbox 140 2384 1881 2444; baseline -0.005 -9"><span class='ocrx_word' id='word_1_435' title='bbox 140 2395 249 2435; x_wconf 89' lang='lat' dir='ltr'>batur</span> <span class='ocrx_word' id='word_1_436' title='bbox 279 2388 582 2444; x_wconf 86' lang='lat' dir='ltr'>inexplicabilem</span> <span class='ocrx_word' id='word_1_437' title='bbox 612 2388 651 2427; x_wconf 92' lang='lat' dir='ltr'>in</span> <span class='ocrx_word' id='word_1_438' title='bbox 683 2385 924 2440; x_wconf 85' lang='lat' dir='ltr'>Evangelicis</span> <span class='ocrx_word' id='word_1_439' title='bbox 954 2384 1057 2424; x_wconf 91' lang='lat' dir='ltr'>libris</span> <span class='ocrx_word' id='word_1_440' title='bbox 1086 2384 1319 2425; x_wconf 89' lang='lat' dir='ltr'>varietatem.</span> <span class='ocrx_word' id='word_1_441' title='bbox 1348 2385 1398 2425; x_wconf 83' lang='lat' dir='ltr'>Et</span> <span class='ocrx_word' id='word_1_442' title='bbox 1427 2385 1628 2439; x_wconf 89' lang='lat' dir='ltr'>publicitus</span> <span class='ocrx_word' id='word_1_443' title='bbox 1658 2386 1760 2426; x_wconf 91' lang='lat' dir='ltr'>aliud</span> <span class='ocrx_word' id='word_1_444' title='bbox 1788 2385 1881 2440; x_wconf 87' lang='lat' dir='ltr'>legit</span> 
     </span>
     <span class='ocr_line' id='line_1_41' title="bbox 142 2439 1883 2495; baseline -0.005 -5"><span class='ocrx_word' id='word_1_445' title='bbox 142 2448 331 2492; x_wconf 88' lang='lat' dir='ltr'>Graecia,</span> <span class='ocrx_word' id='word_1_446' title='bbox 361 2444 465 2486; x_wconf 88' lang='lat' dir='ltr'>aliud</span> <span class='ocrx_word' id='word_1_447' title='bbox 494 2442 724 2485; x_wconf 88' lang='lat' dir='ltr'>Occidentis</span> <span class='ocrx_word' id='word_1_448' title='bbox 754 2440 929 2481; x_wconf 81' lang='lat' dir='ltr'>Ecclesia.</span> <span class='ocrx_word' id='word_1_449' title='bbox 957 2439 1009 2480; x_wconf 88' lang='lat' dir='ltr'>Et</span> <span class='ocrx_word' id='word_1_450' title='bbox 1026 2439 1125 2480; x_wconf 88' lang='lat' dir='ltr'>eirca</span> <span class='ocrx_word' id='word_1_451' title='bbox 1145 2451 1306 2481; x_wconf 90' lang='lat' dir='ltr'>aetatem</span> <span class='ocrx_word' id='word_1_452' title='bbox 1330 2439 1562 2494; x_wconf 76' lang='lat' dir='ltr'>Hieronymi</span> <span class='ocrx_word' id='word_1_453' title='bbox 1592 2440 1779 2495; x_wconf 88' lang='lat' dir='ltr'>quaedam</span> <span class='ocrx_word' id='word_1_454' title='bbox 1809 2442 1883 2482; x_wconf 86' lang='lat' dir='ltr'>Ec·</span> 
     </span>
     <span class='ocr_line' id='line_1_42' title="bbox 141 2494 1882 2555; baseline -0.005 -10"><span class='ocrx_word' id='word_1_455' title='bbox 141 2504 275 2545; x_wconf 85' lang='lat' dir='ltr'>clefiae</span> <span class='ocrx_word' id='word_1_456' title='bbox 298 2499 546 2555; x_wconf 87' lang='lat' dir='ltr'>sequebantur</span> <span class='ocrx_word' id='word_1_457' title='bbox 567 2497 921 2551; x_wconf 89' lang='lat' dir='ltr'>interpretationem</span> <span class='ocrx_word' id='word_1_458' title='bbox 940 2495 1207 2549; x_wconf 87' lang='lat' dir='ltr'>Septuaginta,</span> <span class='ocrx_word' id='word_1_459' title='bbox 1237 2494 1425 2549; x_wconf 88' lang='lat' dir='ltr'>quaedam</span> <span class='ocrx_word' id='word_1_460' title='bbox 1443 2508 1584 2535; x_wconf 89' lang='lat' dir='ltr'>novam</span> <span class='ocrx_word' id='word_1_461' title='bbox 1604 2495 1882 2550; x_wconf 50' lang='lat' dir='ltr'>amplecteban,</span> 
     </span>
     <span class='ocr_line' id='line_1_43' title="bbox 116 2549 1884 2605; baseline -0.005 -5"><span class='ocrx_word' id='word_1_462' title='bbox 116 2562 119 2564; x_wconf 72' lang='grc'>’</span> <span class='ocrx_word' id='word_1_463' title='bbox 141 2570 204 2601; x_wconf 86' lang='lat' dir='ltr'>tur</span> <span class='ocrx_word' id='word_1_464' title='bbox 223 2571 271 2599; x_wconf 87' lang='lat' dir='ltr'>ex</span> <span class='ocrx_word' id='word_1_465' title='bbox 290 2557 555 2597; x_wconf 88' lang='lat' dir='ltr'>Hebraeorum</span> <span class='ocrx_word' id='word_1_466' title='bbox 577 2552 746 2593; x_wconf 88' lang='lat' dir='ltr'>fontibus</span> <span class='ocrx_word' id='word_1_467' title='bbox 770 2550 959 2593; x_wconf 90' lang='lat' dir='ltr'>traditam.</span> <span class='ocrx_word' id='word_1_468' title='bbox 988 2551 1120 2604; x_wconf 88' lang='lat' dir='ltr'>Atque</span> <span class='ocrx_word' id='word_1_469' title='bbox 1139 2551 1255 2590; x_wconf 89' lang='lat' dir='ltr'>etiam</span> <span class='ocrx_word' id='word_1_470' title='bbox 1278 2550 1363 2605; x_wconf 88' lang='lat' dir='ltr'>post</span> <span class='ocrx_word' id='word_1_471' title='bbox 1389 2549 1490 2589; x_wconf 90' lang='lat' dir='ltr'>hanc</span> <span class='ocrx_word' id='word_1_472' title='bbox 1519 2562 1680 2591; x_wconf 88' lang='lat' dir='ltr'>aetatem</span> <span class='ocrx_word' id='word_1_473' title='bbox 1708 2550 1812 2591; x_wconf 89' lang='lat' dir='ltr'>aliud</span> <span class='ocrx_word' id='word_1_474' title='bbox 1832 2551 1884 2604; x_wconf 80' lang='lat' dir='ltr'>le-</span> 
     </span>
     <span class='ocr_line' id='line_1_44' title="bbox 142 2604 1885 2670; baseline -0.005 -16"><span class='ocrx_word' id='word_1_475' title='bbox 142 2614 284 2670; x_wconf 83' lang='lat' dir='ltr'>gebant</span> <span class='ocrx_word' id='word_1_476' title='bbox 304 2611 527 2652; x_wconf 89' lang='lat' dir='ltr'>Gallicanae</span> <span class='ocrx_word' id='word_1_477' title='bbox 546 2607 752 2658; x_wconf 76' lang='lat' dir='ltr'>Ecclesiae,</span> <span class='ocrx_word' id='word_1_478' title='bbox 777 2605 879 2648; x_wconf 91' lang='lat' dir='ltr'>aliud</span> <span class='ocrx_word' id='word_1_479' title='bbox 904 2607 1096 2647; x_wconf 89' lang='lat' dir='ltr'>Romana.</span> <span class='ocrx_word' id='word_1_480' title='bbox 1138 2605 1317 2660; x_wconf 90' lang='lat' dir='ltr'>Denique</span> <span class='ocrx_word' id='word_1_481' title='bbox 1339 2604 1365 2645; x_wconf 88' lang='lat' dir='ltr'>si</span> <span class='ocrx_word' id='word_1_482' title='bbox 1387 2605 1552 2646; x_wconf 85' lang='lat' dir='ltr'>excutias</span> <span class='ocrx_word' id='word_1_483' title='bbox 1572 2605 1738 2646; x_wconf 89' lang='lat' dir='ltr'>vetustos</span> <span class='ocrx_word' id='word_1_484' title='bbox 1759 2605 1885 2646; x_wconf 88' lang='lat' dir='ltr'>Codi-</span> 
     </span>
     <span class='ocr_line' id='line_1_45' title="bbox 143 2659 1884 2718; baseline -0.005 -8"><span class='ocrx_word' id='word_1_485' title='bbox 143 2683 206 2712; x_wconf 89' lang='lat' dir='ltr'>ces</span> <span class='ocrx_word' id='word_1_486' title='bbox 226 2680 341 2707; x_wconf 90' lang='lat' dir='ltr'>manu</span> <span class='ocrx_word' id='word_1_487' title='bbox 364 2665 596 2718; x_wconf 86' lang='lat' dir='ltr'>descriptos,</span> <span class='ocrx_word' id='word_1_488' title='bbox 627 2663 762 2717; x_wconf 90' lang='lat' dir='ltr'>quibus</span> <span class='ocrx_word' id='word_1_489' title='bbox 781 2663 822 2702; x_wconf 91' lang='lat' dir='ltr'>in</span> <span class='ocrx_word' id='word_1_490' title='bbox 844 2661 996 2716; x_wconf 91' lang='lat' dir='ltr'>publico</span> <span class='ocrx_word' id='word_1_491' title='bbox 1015 2660 1119 2701; x_wconf 91' lang='lat' dir='ltr'>culto</span> <span class='ocrx_word' id='word_1_492' title='bbox 1139 2671 1230 2700; x_wconf 88' lang='lat' dir='ltr'>tunc</span> <span class='ocrx_word' id='word_1_493' title='bbox 1248 2659 1472 2710; x_wconf 90' lang='lat' dir='ltr'>utebantur,</span> <span class='ocrx_word' id='word_1_494' title='bbox 1503 2659 1599 2700; x_wconf 89' lang='lat' dir='ltr'>duos</span> <span class='ocrx_word' id='word_1_495' title='bbox 1629 2663 1691 2700; x_wconf 85' lang='lat' dir='ltr'>vix</span> <span class='ocrx_word' id='word_1_496' title='bbox 1721 2662 1884 2714; x_wconf 87' lang='lat' dir='ltr'>reperies</span> 
     </span>
     <span class='ocr_line' id='line_1_46' title="bbox 145 2714 1883 2770; baseline -0.006 -5"><span class='ocrx_word' id='word_1_497' title='bbox 145 2726 243 2766; x_wconf 90' lang='lat' dir='ltr'>inter</span> <span class='ocrx_word' id='word_1_498' title='bbox 265 2722 302 2762; x_wconf 93' lang='lat' dir='ltr'>se</span> <span class='ocrx_word' id='word_1_499' title='bbox 323 2720 613 2762; x_wconf 82' lang='lat' dir='ltr'>eonsentientes.</span> <span class='ocrx_word' id='word_1_500' title='bbox 643 2719 762 2759; x_wconf 92' lang='lat' dir='ltr'>Certe</span> <span class='ocrx_word' id='word_1_501' title='bbox 782 2717 931 2758; x_wconf 90' lang='lat' dir='ltr'>constat</span> <span class='ocrx_word' id='word_1_502' title='bbox 953 2716 1209 2770; x_wconf 85' lang='lat' dir='ltr'>Augustinum</span> <span class='ocrx_word' id='word_1_503' title='bbox 1232 2714 1443 2755; x_wconf 86' lang='lat' dir='ltr'>Codicibus</span> <span class='ocrx_word' id='word_1_504' title='bbox 1463 2715 1591 2766; x_wconf 87' lang='lat' dir='ltr'>usum,</span> <span class='ocrx_word' id='word_1_505' title='bbox 1622 2716 1687 2769; x_wconf 89' lang='lat' dir='ltr'>qui</span> <span class='ocrx_word' id='word_1_506' title='bbox 1710 2730 1790 2755; x_wconf 87' lang='lat' dir='ltr'>non</span> <span class='ocrx_word' id='word_1_507' title='bbox 1820 2731 1883 2756; x_wconf 89' lang='lat' dir='ltr'>va-</span> 
     </span>
     <span class='ocr_line' id='line_1_47' title="bbox 143 2769 1883 2826; baseline -0.005 -6"><span class='ocrx_word' id='word_1_508' title='bbox 143 2773 282 2821; x_wconf 78' lang='lat' dir='ltr'>cabant</span> <span class='ocrx_word' id='word_1_509' title='bbox 313 2774 474 2817; x_wconf 88' lang='lat' dir='ltr'>mendis.</span> <span class='ocrx_word' id='word_1_510' title='bbox 504 2775 555 2814; x_wconf 88' lang='lat' dir='ltr'>Et</span> <span class='ocrx_word' id='word_1_511' title='bbox 585 2785 714 2815; x_wconf 89' lang='lat' dir='ltr'>tamen</span> <span class='ocrx_word' id='word_1_512' title='bbox 745 2784 806 2813; x_wconf 94' lang='lat' dir='ltr'>tot</span> <span class='ocrx_word' id='word_1_513' title='bbox 835 2772 915 2826; x_wconf 82' lang='lat' dir='ltr'>jam</span> <span class='ocrx_word' id='word_1_514' title='bbox 947 2769 1076 2811; x_wconf 86' lang='lat' dir='ltr'>seculis</span> <span class='ocrx_word' id='word_1_515' title='bbox 1099 2771 1268 2811; x_wconf 90' lang='lat' dir='ltr'>constitit</span> <span class='ocrx_word' id='word_1_516' title='bbox 1290 2771 1352 2823; x_wconf 85' lang='lat' dir='ltr'>sua</span> <span class='ocrx_word' id='word_1_517' title='bbox 1373 2770 1573 2823; x_wconf 84' lang='lat' dir='ltr'>Scripturis</span> <span class='ocrx_word' id='word_1_518' title='bbox 1602 2770 1814 2810; x_wconf 57' lang='lat' dir='ltr'>authoritas.</span> <span class='ocrx_word' id='word_1_519' title='bbox 1843 2771 1883 2811; x_wconf 91' lang='lat' dir='ltr'>Si</span> 
     </span>
     <span class='ocr_line' id='line_1_48' title="bbox 146 2825 1886 2881; baseline -0.006 -5"><span class='ocrx_word' id='word_1_520' title='bbox 146 2833 345 2876; x_wconf 89' lang='lat' dir='ltr'>Codicum</span> <span class='ocrx_word' id='word_1_521' title='bbox 365 2830 526 2871; x_wconf 89' lang='lat' dir='ltr'>varietas</span> <span class='ocrx_word' id='word_1_522' title='bbox 545 2831 585 2869; x_wconf 90' lang='lat' dir='ltr'>in</span> <span class='ocrx_word' id='word_1_523' title='bbox 605 2840 732 2869; x_wconf 91' lang='lat' dir='ltr'>totum</span> <span class='ocrx_word' id='word_1_524' title='bbox 752 2827 871 2868; x_wconf 88' lang='lat' dir='ltr'>fidem</span> <span class='ocrx_word' id='word_1_525' title='bbox 888 2827 1047 2881; x_wconf 88' lang='lat' dir='ltr'>abrogat</span> <span class='ocrx_word' id='word_1_526' title='bbox 1067 2826 1290 2879; x_wconf 88' lang='lat' dir='ltr'>Scripturis,</span> <span class='ocrx_word' id='word_1_527' title='bbox 1319 2828 1359 2865; x_wconf 73' lang='grc' dir='ltr'>δε</span> <span class='ocrx_word' id='word_1_528' title='bbox 1380 2825 1483 2879; x_wconf 89' lang='lat' dir='ltr'>apud</span> <span class='ocrx_word' id='word_1_529' title='bbox 1500 2825 1699 2865; x_wconf 88' lang='lat' dir='ltr'>Hebraeos</span> <span class='ocrx_word' id='word_1_530' title='bbox 1721 2828 1759 2862; x_wconf 88' lang='lat'>&amp;</span> <span class='ocrx_word' id='word_1_531' title='bbox 1780 2825 1886 2879; x_wconf 89' lang='lat' dir='ltr'>apud</span> 
     </span>
     <span class='ocr_line' id='line_1_49' title="bbox 149 2878 1885 2939; baseline -0.005 -10"><span class='ocrx_word' id='word_1_532' title='bbox 149 2890 323 2937; x_wconf 85' lang='lat' dir='ltr'>Graecos</span> <span class='ocrx_word' id='word_1_533' title='bbox 352 2889 391 2926; x_wconf 92' lang='lat'>&amp;</span> <span class='ocrx_word' id='word_1_534' title='bbox 418 2884 523 2939; x_wconf 89' lang='lat' dir='ltr'>apud</span> <span class='ocrx_word' id='word_1_535' title='bbox 551 2884 712 2925; x_wconf 89' lang='lat' dir='ltr'>Latinos</span> <span class='ocrx_word' id='word_1_536' title='bbox 738 2883 895 2923; x_wconf 83' lang='lat' dir='ltr'>variant.</span> <span class='ocrx_word' id='word_1_537' title='bbox 926 2881 1080 2935; x_wconf 83' lang='lat' dir='ltr'>Quaeso</span> <span class='ocrx_word' id='word_1_538' title='bbox 1110 2881 1204 2935; x_wconf 90' lang='lat' dir='ltr'>quid</span> <span class='ocrx_word' id='word_1_539' title='bbox 1234 2880 1389 2935; x_wconf 90' lang='lat' dir='ltr'>periculi</span> <span class='ocrx_word' id='word_1_540' title='bbox 1411 2878 1653 2920; x_wconf 89' lang='lat' dir='ltr'>consecutum</span> <span class='ocrx_word' id='word_1_541' title='bbox 1672 2880 1744 2930; x_wconf 89' lang='lat' dir='ltr'>est,</span> <span class='ocrx_word' id='word_1_542' title='bbox 1775 2879 1885 2934; x_wconf 91' lang='lat' dir='ltr'>quod</span> 
     </span>
     <span class='ocr_line' id='line_1_50' title="bbox 147 2934 1884 2993; baseline -0.005 -9"><span class='ocrx_word' id='word_1_543' title='bbox 147 2944 307 2985; x_wconf 69' lang='lat' dir='ltr'>Sanstus</span> <span class='ocrx_word' id='word_1_544' title='bbox 339 2941 601 2993; x_wconf 89' lang='lat' dir='ltr'>Hieronymus</span> <span class='ocrx_word' id='word_1_545' title='bbox 624 2938 752 2978; x_wconf 53' lang='lat' dir='ltr'>Vetus*</span> <span class='ocrx_word' id='word_1_546' title='bbox 773 2941 813 2978; x_wconf 86' lang='lat'>&amp;</span> <span class='ocrx_word' id='word_1_547' title='bbox 843 2937 1008 2978; x_wconf 89' lang='lat' dir='ltr'>Novum</span> <span class='ocrx_word' id='word_1_548' title='bbox 1030 2937 1325 2977; x_wconf 89' lang='lat' dir='ltr'>Instrumentum</span> <span class='ocrx_word' id='word_1_549' title='bbox 1345 2934 1491 2975; x_wconf 90' lang='lat' dir='ltr'>mundo</span> <span class='ocrx_word' id='word_1_550' title='bbox 1506 2934 1587 2988; x_wconf 90' lang='lat' dir='ltr'>jam</span> <span class='ocrx_word' id='word_1_551' title='bbox 1608 2934 1811 2975; x_wconf 84' lang='lat' dir='ltr'>senescenti</span> <span class='ocrx_word' id='word_1_552' title='bbox 1832 2935 1884 2976; x_wconf 88' lang='lat' dir='ltr'>ad</span> 
     </span>
     <span class='ocr_line' id='line_1_51' title="bbox 147 2989 1883 3045; baseline -0.005 -6"><span class='ocrx_word' id='word_1_553' title='bbox 147 2992 366 3041; x_wconf 87' lang='lat' dir='ltr'>Hebraeam</span> <span class='ocrx_word' id='word_1_554' title='bbox 385 2999 425 3034; x_wconf 91' lang='lat'>&amp;</span> <span class='ocrx_word' id='word_1_555' title='bbox 447 2995 637 3034; x_wconf 89' lang='lat' dir='ltr'>Graecam</span> <span class='ocrx_word' id='word_1_556' title='bbox 658 2995 855 3043; x_wconf 81' lang='lat' dir='ltr'>veritatem</span> <span class='ocrx_word' id='word_1_557' title='bbox 876 2992 1094 3045; x_wconf 82' lang='lat' dir='ltr'>instauravit</span> <span class='ocrx_word' id='word_1_558' title='bbox 1112 2995 1127 3032; x_wconf 90' lang='lat'>?</span> <span class='ocrx_word' id='word_1_559' title='bbox 1161 2991 1422 3032; x_wconf 79' lang='lat' dir='ltr'>Reclamatum</span> <span class='ocrx_word' id='word_1_560' title='bbox 1443 2989 1497 3030; x_wconf 93' lang='lat' dir='ltr'>est</span> <span class='ocrx_word' id='word_1_561' title='bbox 1515 3001 1595 3030; x_wconf 89' lang='lat' dir='ltr'>tum</span> <span class='ocrx_word' id='word_1_562' title='bbox 1626 3005 1647 3029; x_wconf 91' lang='lat' dir='ltr'>a</span> <span class='ocrx_word' id='word_1_563' title='bbox 1670 2991 1883 3040; x_wconf 89' lang='lat' dir='ltr'>nonnullis,</span> 
     </span>
     <span class='ocr_line' id='line_1_52' title="bbox 149 3045 1883 3108; baseline -0.005 -15"><span class='ocrx_word' id='word_1_564' title='bbox 149 3053 287 3108; x_wconf 89' lang='lat' dir='ltr'>quibus</span> <span class='ocrx_word' id='word_1_565' title='bbox 314 3049 393 3104; x_wconf 90' lang='lat' dir='ltr'>ipse</span> <span class='ocrx_word' id='word_1_566' title='bbox 422 3050 494 3090; x_wconf 88' lang='lat' dir='ltr'>suis</span> <span class='ocrx_word' id='word_1_567' title='bbox 523 3049 626 3088; x_wconf 86' lang='lat' dir='ltr'>libris</span> <span class='ocrx_word' id='word_1_568' title='bbox 653 3047 803 3088; x_wconf 88' lang='lat' dir='ltr'>abunde</span> <span class='ocrx_word' id='word_1_569' title='bbox 831 3046 1032 3092; x_wconf 84' lang='lat' dir='ltr'>satisfacit,</span> <span class='ocrx_word' id='word_1_570' title='bbox 1061 3061 1133 3087; x_wconf 89' lang='lat' dir='ltr'>nec</span> <span class='ocrx_word' id='word_1_571' title='bbox 1154 3047 1205 3087; x_wconf 91' lang='lat' dir='ltr'>ob</span> <span class='ocrx_word' id='word_1_572' title='bbox 1226 3046 1328 3086; x_wconf 90' lang='lat' dir='ltr'>aliud</span> <span class='ocrx_word' id='word_1_573' title='bbox 1349 3046 1489 3100; x_wconf 90' lang='lat' dir='ltr'>opinor</span> <span class='ocrx_word' id='word_1_574' title='bbox 1509 3045 1751 3085; x_wconf 87' lang='lat' dir='ltr'>reclamatum</span> <span class='ocrx_word' id='word_1_575' title='bbox 1771 3076 1784 3096; x_wconf 92' lang='lat'>,</span> <span class='ocrx_word' id='word_1_576' title='bbox 1813 3045 1883 3085; x_wconf 82' lang='lat' dir='ltr'>nisi</span> 
     </span>
     <span class='ocr_line' id='line_1_53' title="bbox 148 3099 1885 3162; baseline -0.005 -14"><span class='ocrx_word' id='word_1_577' title='bbox 148 3107 258 3162; x_wconf 92' lang='lat' dir='ltr'>quod</span> <span class='ocrx_word' id='word_1_578' title='bbox 286 3105 471 3146; x_wconf 90' lang='lat' dir='ltr'>nescirent</span> <span class='ocrx_word' id='word_1_579' title='bbox 497 3118 559 3145; x_wconf 87' lang='lat' dir='ltr'>eas</span> <span class='ocrx_word' id='word_1_580' title='bbox 592 3103 726 3144; x_wconf 87' lang='lat' dir='ltr'>literas.</span> <span class='ocrx_word' id='word_1_581' title='bbox 757 3106 812 3142; x_wconf 88' lang='lat' dir='ltr'>At</span> <span class='ocrx_word' id='word_1_582' title='bbox 841 3116 932 3142; x_wconf 89' lang='lat' dir='ltr'>num</span> <span class='ocrx_word' id='word_1_583' title='bbox 965 3103 1054 3142; x_wconf 91' lang='lat' dir='ltr'>hinc</span> <span class='ocrx_word' id='word_1_584' title='bbox 1084 3102 1142 3142; x_wconf 93' lang='lat' dir='ltr'>vel</span> <span class='ocrx_word' id='word_1_585' title='bbox 1177 3102 1368 3141; x_wconf 84' lang='lat' dir='ltr'>tantulum</span> <span class='ocrx_word' id='word_1_586' title='bbox 1395 3100 1633 3140; x_wconf 87' lang='lat' dir='ltr'>incommodi</span> <span class='ocrx_word' id='word_1_587' title='bbox 1667 3112 1796 3140; x_wconf 89' lang='lat' dir='ltr'>natum</span> <span class='ocrx_word' id='word_1_588' title='bbox 1829 3099 1885 3140; x_wconf 93' lang='lat' dir='ltr'>est</span> 
     </span>
    </p>
   </div>
   <div class='ocr_carea' id='block_1_3' title="bbox 151 3154 1886 3249">
    <p class='ocr_par' dir='ltr' id='par_1_4' title="bbox 151 3154 1886 3249">
     <span class='ocr_line' id='line_1_54' title="bbox 151 3154 1886 3249; baseline -0.006 -44"><span class='ocrx_word' id='word_1_589' title='bbox 151 3162 390 3205; x_wconf 84' lang='lat' dir='ltr'>Christianae</span> <span class='ocrx_word' id='word_1_590' title='bbox 409 3159 636 3214; x_wconf 85' lang='lat' dir='ltr'>Religioni?</span> <span class='ocrx_word' id='word_1_591' title='bbox 664 3158 898 3222; x_wconf 81' lang='lat' dir='ltr'>Augustinus</span> <span class='ocrx_word' id='word_1_592' title='bbox 920 3155 1080 3207; x_wconf 84' lang='lat' dir='ltr'>fatetur,</span> <span class='ocrx_word' id='word_1_593' title='bbox 1108 3156 1188 3210; x_wconf 87' lang='lat' dir='ltr'>ipsa</span> <span class='ocrx_word' id='word_1_594' title='bbox 1211 3155 1408 3197; x_wconf 86' lang='lat' dir='ltr'>Codicum</span> <span class='ocrx_word' id='word_1_595' title='bbox 1429 3155 1618 3197; x_wconf 86' lang='lat' dir='ltr'>discordia</span> <span class='ocrx_word' id='word_1_596' title='bbox 1639 3154 1677 3196; x_wconf 87' lang='lat' dir='ltr'>se</span> <span class='ocrx_word' id='word_1_597' title='bbox 1696 3169 1777 3196; x_wconf 90' lang='lat' dir='ltr'>non</span> <span class='ocrx_word' id='word_1_598' title='bbox 1801 3168 1886 3249; x_wconf 45' lang='lat' dir='ltr'>die-</span> 
     </span>
     <span class='ocr_line' id='line_1_55' title="bbox 1832 3223 1886 3249; baseline 0 0"><span class='ocrx_word' id='word_1_599' title='bbox 1832 3223 1886 3249; x_wconf 86' lang='lat'>10-</span> 
     </span>
    </p>
   </div>
  </div>
 </body>
</html>
