1976 3519
437 235 1450 284 rn‘onEGoMENA.
1739 250 1819 295 147

82 330 140 369 cis
154 358 167 379 ‚
194 337 310 383 quem
330 340 452 381 nuper
472 327 605 367 nastus
622 324 690 372 sit3
719 337 799 378 quo
819 322 942 376 ipsum
964 335 1092 364 tamen
1112 324 1170 366 bis
1191 335 1340 366 tantum
1354 356 1366 375 ,
1385 327 1425 367 in
1446 338 1619 369 extremo
1637 328 1818 370 nimirum

81 384 287 424 Matthaeo
306 386 345 423 &
366 382 489 431 Luca,
519 380 569 421 ad
590 377 858 433 explicandam
879 377 1187 419 subnotationam
1207 379 1315 421 usum
1335 380 1597 435 deprehendo.

136 437 320 479 Dissentit
339 438 443 478 Beza
469 435 516 476 ab
527 434 711 476 Editione
722 432 975 487 Stephanica,
996 434 1036 473 in
1055 434 1244 475 Verfione
1262 439 1302 475 &
1321 437 1446 487 notis,
1468 437 1563 478 locis
1583 438 1732 480 circiter
1748 438 1821 480 du·

79 494 200 534 centis
219 524 231 543 ,
261 505 425 547 quorum
454 489 732 544 quinquaginta
759 489 799 529 in
830 487 953 542 ipsum
983 488 1155 530 Textum
1189 491 1382 530 Graecum
1416 493 1560 546 recepit
1583 507 1591 533 ε
1622 494 1819 536 Sexcentis

80 563 174 590 vero
205 548 405 589 minimum
432 544 526 585 locis
554 544 758 584 lestionem
788 555 982 598 receptam
1004 543 1160 584 dubiam
1194 544 1306 595 facit,
1334 545 1448 600 eique
1476 547 1567 588 alias
1595 561 1660 590 aut
1689 549 1818 604 singu-

77 603 134 644 las
161 615 226 644 aut
255 601 413 643 subinde
442 599 567 653 plures
581 599 825 652 .aequiparat.
881 603 1078 639 Accentus
1107 598 1333 655 spiritusque
1362 631 1375 651 ‚
1410 615 1601 643 commata
1629 604 1744 644 etiam
1776 608 1818 644 &

81 658 365 705 distinctiones,
392 668 464 709 pro
484 653 604 695 lubitu
630 653 868 704 immutavit,
897 654 1050 708 quoties
1069 654 1121 694 ita
1150 655 1362 708 planiorem
1392 654 1537 698 sensum
1563 658 1665 699 effici
1695 658 1819 700 existi·

79 713 217 754 mabar.
273 710 418 765 Neque
445 723 530 749 raro
559 709 674 750 etiam
706 708 891 749 sententia
920 720 1064 750 mutata
1089 708 1263 751 secundis
1291 711 1391 751 curis
1421 712 1549 765 priora
1578 713 1732 769 refingit
1761 725 1819 754 at-

79 782 155 822 que
181 766 365 808 retrastat.
419 763 470 804 Et
489 797 500 813 ,
531 763 640 818 quod
671 762 1001 805 animadversione
1031 763 1193 818 dignum
1221 765 1297 811 est,
1326 765 1421 806 haec
1448 768 1580 807 omnia
1615 769 1717 809 Beza
1749 768 1817 810 sibi

79 821 270 876 permisit,
298 833 385 861 cum
413 818 541 859 adhuc
567 818 789 860 Lausannae
816 828 1136 864 commoraretur,
1167 823 1206 859 &
1235 832 1440 875 antequam
1471 822 1520 862 ad
1549 822 1818 865 Hierarchiam

78 875 346 917 Genevensem
375 874 528 916 eveQus
552 873 675 924 esset;
703 887 753 916 ne
782 874 868 929 quis
896 885 1004 928 putet
1022 903 1035 926 ,
1064 874 1146 915 aliis
1169 889 1251 916 non
1273 877 1366 918 item
1396 876 1510 918 licere
1535 877 1578 918 id
1606 879 1715 933 quod
1747 880 1819 921 Be·

78 945 146 973 zae
177 931 296 972 licuit.

128 1013 156 1037 ,.
185 984 374 1028 Satisfecit
390 984 577 1040 Stephani
599 987 639 1025 ὃς
661 982 787 1025 Bezae
805 982 986 1025 industria
1006 983 1184 1026 Ecclesiis
1214 985 1451 1029 Reformatis
1482 987 1666 1030 haetenus
1691 990 1816 1031 omni-

75 1073 100 1093 „
128 1043 207 1083 bus.
265 1042 476 1095 Qiotquot
499 1041 604 1081 enim
634 1040 694 1081 vel
726 1039 765 1079 in
789 1039 926 1094 Belgio
955 1039 1015 1080 vel
1047 1040 1257 1081 Germania
1284 1043 1342 1082 vel
1374 1043 1502 1083 Gallia
1535 1044 1589 1085 Ν.
1617 1045 1666 1087 Τ.
1694 1058 1818 1087 novas

74 1127 101 1148 „
130 1107 378 1151 procurarunt
397 1094 611 1144 editiones,
641 1107 869 1150 magnorum
891 1094 1044 1135 illorum
1064 1096 1233 1136 virorum
1263 1096 1435 1139 Codices
1463 1098 1637 1154 religiose
1656 1100 1742 1143 sunt
1763 1101 1816 1142 se-

76 1178 104 1203 „
134 1153 234 1200 cuti;
265 1150 513 1193 Casaubonus
534 1150 650 1192 etiam
672 1153 711 1190 δε
732 1148 934 1200 Heinsius,
962 1162 1128 1204 quorum
1151 1162 1278 1192 tamen
1306 1152 1345 1192 in
1377 1152 1477 1194 Crifi
1509 1157 1550 1193 &
1578 1155 1817 1211 antiquitatis

74 1236 101 1258 „
131 1207 261 1248 studiis
279 1219 462 1260 magnum
479 1205 534 1246 est
554 1218 722 1257 nomen,
751 1204 792 1246 in
813 1203 885 1246 illis
906 1205 1178 1260 acquieverunt
1195 1209 1239 1255 ''‚
1267 1207 1395 1262 inquit
1415 1207 1675 1264 Hottingems
1693 1212 1733 1251 in
1754 1211 1817 1252 Bi-

75 1262 291 1303 bliothecar.
320 1275 357 1315 p.
391 1274 481 1315 130.

127 1317 262 1358 Hodie
291 1328 443 1367 tamen,
471 1314 540 1357 nisi
569 1328 631 1357 me
663 1315 759 1358 fallit
785 1316 946 1372 opinio,
977 1319 1176 1359 communi
1204 1313 1441 1361 eruditorum
1471 1319 1655 1363 consensu
1686 1322 1815 1364 Bezao

73 1372 266 1413 autoritati
291 1369 452 1412 multum
482 1371 696 1413 detraerum
723 1372 788 1413 est.
847 1371 994 1427 Neque
1020 1374 1061 1414 id
1090 1375 1283 1415 immerito
1303 1374 1410 1416 sane:
1439 1388 1530 1416 nam
1549 1376 1659 1431 quod
1679 1382 1741 1419 vei
1767 1391 1816 1419 ex

74 1426 137 1468 sua
157 1426 396 1480 conjeifflra,
425 1426 488 1468 vel
517 1439 564 1468 ex
592 1441 673 1468 uno
699 1431 797 1484 Syro
817 1439 882 1468 aut
901 1426 1043 1482 Latino
1073 1428 1308 1484 Interprete,
1339 1429 1416 1471 sive
1436 1431 1567 1485 potius
1586 1441 1634 1472 ex
1653 1433 1821 1475 mendo-³

72 1481 115 1523 so
133 1496 266 1523 eorum
287 1481 553 1536 Apographo,
581 1481 641 1523 vel
659 1492 707 1523 ex
725 1495 806 1523 uno
826 1482 956 1537 aliquo
977 1484 1132 1525 Graeco
1153 1498 1260 1524 novo
1279 1484 1456 1537 Codice,
1485 1486 1547 1527 vel
1568 1481 1738 1543 denique
1766 1502 1816 1531 ex

73 1537 339 1592 Complutensi
369 1568 382 1588 ,
420 1549 554 1578 contra
590 1537 814 1578 consensum
842 1538 1040 1580 Codicum
1079 1539 1411 1582 vetustissimorum
1431 1571 1444 1592 ,
1485 1541 1642 1583 Patrum
1658 1574 1671 1594 ,
1700 1556 1818 1599 atque

72 1591 382 1634 Conversionum
391 1593 671 1647 antiquiorum,
693 1592 898 1634 leffionem
917 1607 1108 1649 receptam
1127 1595 1215 1635 loco
1238 1595 1305 1637 suo
1322 1610 1480 1638 movere
1497 1598 1612 1639 toties
1631 1601 1813 1649 tentavit,-

71 1647 112 1688 in
139 1661 188 1689 eo
218 1647 321 1688 haud
346 1647 461 1702 paulo
480 1660 582 1688 certe
610 1647 694 1701 plus
720 1647 786 1689 sibi
807 1647 956 1700 sumfit,
985 1664 1101 1704 quam
1125 1651 1255 1705 aequis
1284 1651 1476 1705 judicibus
1493 1653 1707 1707 adprobare
1726 1655 1817 1710 pos·-

73 1702 137 1743 set.
193 1701 336 1757 Neque
366 1702 460 1743 illud
489 1716 570 1742 non
599 1703 767 1744 cordatis
794 1703 988 1756 displicet,
1019 1704 1151 1758 quod,
1181 1718 1231 1744 ex
1264 1707 1469 1746 Veteribus
1498 1709 1706 1761 Origenem
1722 1738 1734 1757 ,
1765 1722 1817 1751 ex·

73 1757 348 1798 recentioribus
376 1770 472 1797 vero
502 1755 758 1808 Castalionem
777 1791 789 1808 ,
827 1758 932 1798 viros
961 1758 1046 1813 ipso
1078 1758 1196 1814 longe
1225 1760 1265 1800 in
1297 1762 1507 1802 metandis
1535 1762 1646 1805 sacris
1678 1764 1816 1819 majori

72 1811 140 1854 usu
171 1824 284 1866 atque
308 1811 386 1853 fide
416 1811 602 1861 versatos,
632 1812 773 1867 ubique
801 1812 979 1852 acerbius
1007 1814 1286 1867 reprehendat,
1317 1815 1411 1857 ficut
1436 1816 1516 1870 ipse
1536 1818 1576 1858 in
1605 1819 1817 1862 Praefatio-

73 1881 124 1908 ne
152 1867 355 1922 gloriatur,
384 1879 465 1908 tum
495 1866 602 1921 quod
628 1867 744 1907 etiam
775 1868 936 1908 Erasmo
961 1868 1055 1909 illud
1085 1868 1208 1923 ipsum
1237 1871 1332 1911 vitio
1362 1872 1498 1921 vertit,
1525 1873 1634 1926 quod
1663 1876 1743 1929 ipse
1774 1877 1815 1917 in

73 1922 147 1963 suis
183 1923 354 1964 laudibus
386 1923 728 1970 commemoravm
757 1921 916 1977 quando
956 1923 1007 1964 de
1046 1923 1114 1963 illo
1154 1925 1194 1964 in
1234 1926 1356 1978 prima
1385 1926 1630 1969 Praefatione
1684 1959 1710 1980 ,‚
1743 1931 1816 1972 Fa-

72 2007 99 2029 ,‚
128 1990 233 2029 teor,
263 1977 409 2031 inquit,
437 1989 500 2017 me
529 1975 662 2017 videre
688 1989 769 2017 non
801 1976 909 2030 posse
932 2003 944 2023 ‚
971 1992 1062 2028 cur,
1088 1978 1197 2033 quod
1227 1994 1307 2020 uno
1334 1980 1423 2020 loco
1453 1984 1745 2037 comprobavit,
1773 1987 1815 2027 in

73 2058 100 2083 „
128 2033 203 2074 alio
232 2033 398 2087 rejiciat:
426 2031 539 2087 quod
561 2030 649 2072 alibi
674 2032 858 2078 mutavit,
887 2031 975 2073 alibi
997 2034 1205 2075 retineat”.
1260 2035 1323 2076 De
1351 2035 1389 2076 se
1410 2050 1502 2077 vero
1535 2039 1575 2078 in
1605 2036 1817 2083 Praefatio-

73 2101 123 2129 ne
150 2088 303 2133 ultima,
332 2116 359 2137 ‚,
386 2086 444 2128 Ita
464 2118 476 2138 ,
505 2087 654 2142 inquit,
686 2085 828 2128 facium
848 2118 860 2138 ,
889 2100 930 2129 ut
962 2100 1096 2143 quater
1127 2088 1228 2130 istud
1256 2104 1277 2130 a
1304 2104 1367 2131 me
1400 2089 1514 2133 fuerit
1543 2093 1713 2141 editum,
1745 2112 1816 2138 no-

71 2172 99 2194 „
128 2143 185 2184 vis
213 2142 360 2198 semper
387 2141 657 2183 acceffionibus
688 2142 799 2183 valde
828 2142 1125 2197 locupletatum,
1155 2143 1249 2185 dum
1271 2146 1430 2198 paucula
1462 2148 1652 2201 quaedam
1686 2151 1725 2191 in
1756 2153 1815 2207 ip-

72 2226 99 2249 ,‚
126 2197 169 2238 so
195 2209 376 2239 contextu
406 2196 529 2239 iacere
561 2197 717 2239 meliora
750 2197 884 2239 studeo
914 2211 922 2235 :
962 2199 1001 2239 in
1034 2201 1347 2242 annotationibus
1377 2202 1566 2256 quaedam
1596 2207 1736 2258 partim
1766 2209 1814 2249 ab

73 2279 100 2305 „
128 2254 258 2294 amicis
279 2253 518 2303 admonitus,
547 2253 686 2307 partim
702 2252 851 2306 judicio
873 2252 952 2307 ipse
972 2268 1061 2295 meo
1081 2255 1274 2296 emendo:
1303 2256 1493 2311 quaedam
1516 2259 1666 2313 prorsus
1695 2262 1813 2304 tollo:

73 2338 99 2359 ,‚
127 2309 244 2350 multa
265 2309 368 2362 prius
386 2323 408 2348 a
428 2322 490 2349 me
512 2322 592 2348 non
614 2308 876 2349 animadversa
897 2309 1060 2363 adjicio·,
1090 2310 1199 2365 quod
1218 2325 1239 2351 a
1261 2323 1324 2352 me
1352 2311 1494 2353 faCtum
1515 2341 1526 2359 ‚
1556 2314 1583 2355 si
1612 2317 1697 2370 quis
1723 2318 1814 2359 levi-

72 2393 98 2414 „
126 2364 194 2404 tati
219 2365 277 2405 vel
306 2363 580 2404 inconstantiae
609 2363 780 2404 tribuerit
802 2390 814 2410 ,
846 2378 926 2404 non
950 2364 1086 2405 dubito
1107 2396 1118 2416 ,
1147 2377 1248 2407 certe
1279 2367 1381 2407 bona
1412 2368 1644 2411 conscientia
1677 2371 1813 2424 fretus,

72 2448 100 2469 „
129 2418 178 2459 ad
206 2432 341 2459 omnes
367 2431 510 2473 aequos
534 2419 694 2459 leaores
724 2432 946 2473 provocare.
1000 2420 1087 2461 Imo
1117 2432 1266 2462 tantum
1297 2422 1426 2463 absum
1457 2424 1504 2464 ab
1525 2439 1598 2475 eo,
1627 2439 1669 2467 ut
1699 2430 1814 2470 toties

73 2503 99 2524 ‚,
128 2474 332 2514 innovatae
364 2473 467 2514 istius
496 2474 548 2514 rei
578 2487 641 2514 me
668 2474 921 2528 poenituerit,
952 2487 994 2515 ut
1013 2476 1052 2515 in
1075 2476 1146 2516 hac
1167 2476 1302 2530 quinta
1327 2477 1440 2532 hujus
1468 2482 1596 2533 operis
1628 2482 1814 2526 Editione

73 2558 100 2579 „
125 2529 402 2578 eandem,imo
422 2529 536 2569 etiam
558 2542 657 2582 pene
678 2529 861 2585 majorem
875 2544 1012 2584 ,quam
1034 2543 1205 2585 unquam
1222 2544 1335 2583 ante,
1351 2546 1533 2587 operam,
1557 2535 1811 2590 diligentiam,

74 2612 99 2634 ,‚
130 2583 246 2624 fidem
273 2583 482 2625 adhibuisse
510 2597 571 2624 me
600 2584 758 2624 minime
787 2582 950 2638 pudeat:
981 2585 1061 2626 imo
1082 2599 1184 2627 nunc
1200 2600 1362 2642 quoque
1381 2588 1502 2630 libens
1532 2592 1736 2645 agnoscam
1767 2610 1813 2635 ac

73 2668 100 2689 ,‚
129 2639 329 2691 profitear,
358 2654 380 2679 a
413 2652 475 2679 me
504 2652 629 2692 neque
657 2640 754 2679 tanti
783 2639 940 2694 suscepti
968 2642 1097 2694 operis
1127 2642 1403 2696 magnitudini,
1434 2657 1559 2699 neque
1579 2660 1668 2688 meo
1697 2649 1813 2703 ipsius

75 2723 101 2744 ,‚
131 2693 276 2734 summo
305 2693 516 2743 desiderio,
546 2695 722 2747 quamvis
741 2708 821 2734 non
842 2708 1051 2747 paucorum
1071 2710 1158 2737 vere
1179 2698 1389 2738 amicorum
1411 2713 1528 2752 opera
1551 2701 1707 2755 adjuto,
1737 2705 1813 2746 effi:

75 2778 100 2798 „
131 2748 356 2790 satisfactum
375 2752 408 2790 ’'.
466 2749 591 2802 Qiod
612 2749 796 2803 posterius
819 2750 943 2791 Bezae
962 2750 1012 2790 de
1033 2751 1069 2791 se
1091 2751 1173 2805 ipso
1191 2752 1378 2805 judicium
1401 2785 1413 2803 ,
1443 2755 1669 2811 Hortingeri
1701 2759 1812 2813 quod

76 2803 184 2856 supra
214 2804 479 2859 proposuimus
504 2804 677 2858 judicio,
705 2804 760 2845 est
789 2804 876 2845 sane
905 2819 971 2846 cur
1002 2806 1161 2847 multum
1189 2819 1426 2861 anteponas,
1456 2824 1582 2864 neque
1609 2814 1812 2868 quisquam

77 2858 217 2910 opinor
244 2874 315 2900 nos
343 2860 384 2899 in
410 2859 682 2900 contumeliam
706 2860 832 2900 Bezae
861 2859 902 2900 id
934 2860 1067 2901 dixisse
1095 2863 1422 2916 interpretabitur,
1452 2864 1479 2905 si
1506 2866 1695 2920 ingenue,
1727 2869 1812 2923 ipso

78 2912 183 2952 Beza
211 2926 434 2966 praeeunte,
465 2913 672 2966 fateamur,
700 2914 884 2957 Editione
913 2915 1028 2971 ipsius
1059 2930 1179 2973 neque
1210 2917 1332 2971 nostro
1350 2919 1504 2973 fitmmo
1532 2921 1706 2974 defiderio
1738 2923 1813 2978 effe

67 2966 339 3019 satisfailum.
705 2985 708 2988 ·

134 3021 233 3061 Illud
250 3035 373 3064 autem
392 3026 432 3065 in
451 3026 591 3067 eodem
609 3026 695 3067 viro
711 3026 776 3067 vix
797 3023 996 3068 ferendum
1016 3024 1190 3080 videtur,
1219 3029 1327 3084 quod
1348 3031 1596 3085 posteaquam
1616 3031 1812 3074 censorem

80 3075 238 3116 aliorum
268 3077 418 3131 egisset,
449 3081 570 3122 multo
601 3080 897 3135 frequentissime
923 3083 961 3122 in
983 3083 1118 3124 iisdem
1140 3085 1329 3135 offendit,
1360 3087 1399 3125 in
1420 3087 1557 3140 quibus
1574 3087 1669 3128 alios
1688 3102 1813 3142 repre-

80 3130 276 3172 henderat.
332 3134 542 3176 Audiamus
572 3134 694 3188 ipsum
728 3137 767 3177 in
799 3135 1060 3178 Praefatione:
1090 3170 1115 3188 ,‚
1147 3140 1266 3181 Utin
1287 3153 1448 3194 genere,
1477 3142 1625 3195 inquit,
1653 3142 1704 3181 de
1725 3155 1811 3181 om-

80 3214 109 3236 „
137 3186 248 3228 nibus
267 3185 424 3242 loquar,
450 3202 571 3244 quum
584 3190 626 3231 in
645 3189 735 3245 ipsis
759 3191 926 3289 Graeci}
940 3191 1156 3236 Codicibus
1172 3195 1338 3239 maxima
1353 3195 1398 3236 sit
1417 3195 1610 3238 interdum
1630 3195 1813 3258 varietas,

166 3257 169 3260 ·
959 3260 980 3287 2
1704 3280 1730 3302 „
1760 3266 1815 3293 vi«
