1976 3519
118 182 150 222 4
509 162 1510 208 PROLEGOMENA.

121 283 150 308 „
180 254 339 309 scriptos
369 251 540 302 tradere,
567 253 648 293 imo
669 265 740 293 nec
763 250 997 305 Apostolicis
1017 249 1275 305 temporibus,
1305 250 1346 289 in
1368 249 1651 304 Exemplarium
1671 246 1865 306 descripti-

123 338 152 363 „
178 326 257 352 one
275 309 407 364 procul
429 307 551 349 dubio
572 309 716 350 summe
734 306 907 347 curiosis:
938 306 1004 347 sed
1023 307 1188 347 omnino
1208 304 1335 345 scribis
1345 305 1613 358 posterioribus
1624 307 1864 360 quibusdam,

120 393 149 417 ,‚
178 367 245 421 qui
260 365 359 405 sacra
379 364 474 405 haec
496 363 574 405 fine
595 363 803 417 Religione
828 362 1031 402 transtantes
1051 360 1094 401 id
1115 360 1182 400 fibi
1199 359 1294 413 juris
1315 359 1531 412 sumebant,
1560 372 1601 402 ut
1613 361 1778 415 integras
1797 377 1867 404 vo-

122 449 149 473 „
181 436 242 462 ces
263 418 422 461 subinde
445 419 610 469 notulis,
640 416 798 459 subinde
818 431 893 457 una
915 418 974 458 vel
996 415 1229 458 alteralitera
1239 414 1580 466 adumbrarent‚in
1595 415 1867 470 J0.XIX.14.

119 507 148 528 ,‚
180 476 276 516 &in
301 474 424 516 Marc.
452 474 547 516 XV.
580 487 644 525 25.
673 471 1143 525 Cumcrediomninopar
1154 469 1508 523 fit,Apostolorum
1521 471 1758 526 autographa
1772 476 1869 526 quo-

118 563 148 583 „
176 530 227 572 ad
261 529 423 585 singulas
451 541 622 584 quasque
649 541 790 569 vocum
810 526 936 568 literas
955 528 1124 581 integre,
1146 525 1266 574 clare,
1290 526 1559 566 accuratiffime
1583 525 1689 567 fuisse
1710 526 1869 581 scripta3

119 618 149 640 „
178 585 287 642 quod
308 585 412 626 idem
438 584 488 625 de
510 583 759 638 Apographis
780 581 845 622 sub
872 581 912 622 id
930 595 1067 623 aevum
1087 581 1247 621 exaratis
1264 580 1409 621 dicrum
1422 581 1534 622 velim
1549 596 1557 621 :
1571 581 1736 622 necdum
1749 583 1868 632 enim,

120 670 147 695 „
175 643 258 683 imo
287 655 336 682 ne
364 639 522 694 quidem
551 639 620 679 nisi
650 637 939 692 postalterum,
969 638 1122 678 tertium
1142 636 1311 689 itemque
1330 647 1505 690 quartum
1526 636 1678 678 fortasse
1704 637 1868 678 seculum

121 724 151 749 ,‚
180 696 465 738 contraffiones
488 709 533 735 ac
562 691 814 747 Compendia
841 691 1058 746 scriptionis
1077 690 1219 732 isthaec
1232 689 1431 732 induxerat
1450 691 1651 732 scribarum
1671 692 1806 734 inertia
1827 707 1871 732 ac

120 780 149 806 ,‚
179 752 385 806 festinatio,

183 807 260 848 Sed
282 805 460 861 profe&o
482 818 562 845 non
585 814 728 845 temere
750 803 916 858 cuipiam
936 801 1178 856 persuaserit,
1210 801 1442 855 Apostolos,
1470 803 1539 857 qui
1561 800 1758 852 ἴδιῶταιτῷ
1770 799 1872 853 λέγῳ

122 863 300 912 fuerunt,
330 858 608 913 καλλιγςαφῖας
630 859 738 899 fuisse
759 857 1064 906 studiosissimos3
1094 855 1232 911 quidni
1260 857 1365 897 enim
1388 857 1511 898 multo
1532 858 1718 912 majorem
1739 872 1871 898 curam

123 918 310 960 Orationi
338 916 423 957 suae
454 913 746 968 impendissent,
776 925 819 955 ut
848 927 964 967 quam
995 911 1297 953 emendatiffime
1318 915 1357 951 δ(
1378 912 1552 965 inprimis
1571 925 1702 967 aperte
1721 927 1765 953 ac
1787 927 1872 966 per-

123 974 251 1027 spicue
279 972 552 1026 loquerentur?
581 969 657 1010 Sed
689 969 775 1009 satis
795 969 965 1018 constat,
992 967 1144 1009 locutos
1166 965 1273 1007 fuisse
1293 980 1336 1006 ac
1357 965 1558 1021 scripsisse,
1588 980 1631 1008 ut
1649 979 1731 1008 tum
1751 968 1871 1022 vulgo

123 1029 211 1069 usus
242 1026 409 1075 ferebat,
441 1039 567 1079 neque
594 1025 675 1078 jam
703 1023 875 1065 nostrum
895 1023 972 1074 est,
1001 1022 1052 1063 dc
1073 1022 1242 1076 ipsorum
1264 1021 1539 1062 consuetudine
1560 1023 1722 1064 multum
1745 1022 1873 1077 dispu-

122 1095 213 1124 tare.
269 1083 540 1135 Praeterquam
573 1079 681 1134 quod
712 1093 830 1120 nemo
846 1078 956 1120 facile
984 1077 1096 1119 iverit
1125 1076 1272 1118 inficias
1292 1107 1306 1128 ,
1342 1077 1467 1118 stilum
1496 1077 1599 1119 Petri
1629 1078 1807 1132 inprimis
1829 1081 1870 1118 δε

122 1138 232 1180 Pauli
254 1136 329 1178 esse
350 1135 593 1190 impeditum.

176 1192 303 1247 Quod
335 1206 428 1233 vero
451 1189 597 1231 Minius
618 1205 640 1230 a
659 1189 874 1231 necessitate
907 1188 970 1231 τῆς
1005 1185 1240 1240 ὄρθογροιφῖοις
1271 1188 1312 1228 in
1339 1187 1615 1242 Apostolorum
1640 1188 1788 1243 scriptis
1818 1202 1876 1230 ar-

121 1258 349 1304 gumentum
375 1246 494 1300 petit,
525 1260 589 1286 cur
619 1260 687 1299 per
713 1258 826 1286 notas
854 1245 957 1285 nulla
974 1244 1182 1289 vocabula,
1203 1258 1248 1283 ac
1267 1257 1316 1284 ne
1336 1243 1542 1283 numeralia
1561 1243 1742 1297 quidem,
1758 1244 1874 1299 scrip-

120 1304 260 1353 serint,
289 1302 332 1343 id
363 1300 555 1355 ejusmodi
585 1301 663 1351 est,
692 1311 735 1341 ut
763 1313 846 1340 non
878 1298 1046 1340 debuisse
1065 1298 1236 1339 scribere
1265 1298 1429 1339 omnino
1458 1297 1594 1339 eadem
1627 1299 1876 1353 rationepro-

121 1360 211 1400 bare
232 1358 302 1412 ipfi
321 1357 457 1406 liceat3
486 1355 673 1410 siquidem
696 1369 930 1410 quocunque
953 1353 1076 1394 modo
1097 1354 1323 1403 scriberent,
1353 1352 1522 1407 praestare
1550 1367 1630 1394 non
1651 1364 1874 1407 potuerunt,

121 1428 173 1455 ne
194 1413 447 1467 descriptores
470 1412 596 1452 minus
617 1410 822 1465 diligentes
837 1410 885 1450 ab
905 1409 1075 1463 ipsorum
1103 1408 1292 1450 scribendi
1313 1409 1463 1450 ratione
1495 1422 1587 1448 mox
1612 1408 1876 1461 discederent,

121 1473 164 1510 &
184 1468 289 1510 haud
311 1482 397 1508 raro
415 1468 533 1508 etiam
553 1467 780 1508 aberrarent.

175 1554 204 1576 „
231 1521 521 1578 Ipsorum-fuit,
552 1532 705 1576 aperte,
729 1518 1134 1566 clare‚accuratissime
1154 1518 1365 1573 descriptos
1387 1517 1564 1560 Codices
1591 1517 1764 1571 tradere,
1783 1534 1878 1576 ergo

117 1582 149 1632 3,
175 1593 258 1620 non
279 1593 348 1633 per
367 1590 479 1618 notas
490 1579 524 1617 '’.
579 1575 693 1630 Quid
722 1577 802 1617 ita?
832 1576 939 1616 Cum
969 1574 1125 1628 scriptio
1156 1588 1225 1628 per
1254 1586 1366 1615 notas
1393 1573 1603 1628 aliquando
1634 1575 1681 1615 fit
1709 1577 1879 1628 apertior

120 1635 260 1676 clarior
280 1638 320 1675 ὃς
351 1632 565 1675 accuratior
596 1633 733 1680 altera;
764 1631 889 1685 Cujus
921 1631 975 1671 rei
1005 1629 1223 1683 exemplum
1253 1629 1401 1684 insigne
1425 1628 1607 1670 habemus
1629 1629 1718 1672 Aa.
1737 1630 1791 1671 Χ.
1814 1644 1882 1684 30.

120 1690 187 1731 ubi
206 1703 278 1743 pro
298 1702 348 1729 eo
367 1687 476 1741 quod
496 1700 569 1727 nos
600 1686 763 1739 legimus
791 1683 870 1725 ἀπὸ
900 1682 1081 1736 τετάςτης
1108 1682 1233 1736 ἦμέςοις
1266 1683 1409 1723 Codex
1438 1683 1767 1738 Cantabrigienfis
1787 1684 1882 1741 legit

118 1739 201 1785 ἀπὸ
224 1743 287 1786 τῖς
306 1739 448 1795 τρίτης,
478 1741 586 1794 cujus
606 1739 830 1781 variationis
852 1739 923 1779 alia
952 1751 1035 1778 non
1062 1737 1215 1779 videtur
1244 1735 1353 1778 fuisse
1382 1737 1505 1789 ratio,
1533 1752 1652 1792 quam
1671 1739 1882 1784 similitudo

121 1800 316 1841 literarum
337 1796 401 1838 τῖς
429 1792 549 1847 τρίτης
579 1797 620 1833 &
648 1791 849 1847 τετάςτης,
907 1808 955 1834 ua
979 1791 1192 1846 descriptor
1211 1791 1396 1845 deceptus
1415 1792 1495 1842 est,
1525 1793 1593 1847 qui
1614 1807 1696 1834 non
1718 1794 1772 1834 ita
1790 1794 1883 1836 faci-

121 1854 158 1896 le
177 1855 218 1895 in
238 1853 355 1894 literis
376 1856 405 1890 Γ
432 1854 472 1890 ὃς
499 1854 537 1888 Δ
558 1849 730 1889 aberrare
751 1847 863 1901 potui
895 1858 945 1888 et.
1002 1847 1050 1887 In
1071 1847 1212 1887 eodem
1233 1846 1387 1887 Codice
1408 1846 1552 1888 Matth.
1575 1847 1671 1888 XX.
1689 1862 1723 1901 5.
1745 1847 1885 1890 ἕνδεκά·

121 1926 182 1957 την
205 1908 400 1964 legebatur
421 1919 494 1959 pro
517 1902 673 1954 ἒννοίτην,
701 1916 801 1957 quae
819 1915 935 1943 voces
958 1901 1027 1942 sibi
1046 1901 1158 1941 valde
1176 1901 1309 1943 affines
1329 1901 1434 1952 sunt,
1466 1916 1554 1943 cum
1583 1903 1683 1944 inter
1703 1918 1884 1947 numeros

120 1982 168 2006 ια.
192 1967 231 2003 &
252 1962 296 2003 ,9.
313 1960 417 2002 nulla
436 1958 646 2000 similitudo
668 1956 892 1999 intercedat.
943 1957 1004 1997 Ex
1027 1955 1104 1997 hoc
1125 1955 1237 1997 fonte
1265 1956 1456 1997 Lutherus
1474 1958 1562 2001 Act.
1582 1956 1693 1999 XIII.
1717 1973 1779 2000 20.
1810 1975 1885 2015 pro

121 2015 354 2071 τετρακοσίοις
383 2016 506 2056 voluit
537 2012 746 2070 legendum
770 2011 846 2054 esse
873 2009 1097 2064 τριακοσίοις,
1137 2014 1177 2051 &
1205 2011 1405 2053 Musculus
1441 2014 1483 2052 in
1514 2026 1531 2052 1
1560 2012 1656 2054 Cor.
1673 2014 1728 2055 X.
1753 2016 1789 2056 8.
1811 2030 1885 2070 pro

122 2074 223 2116 ἐἰκοσι
252 2071 339 2126 τρεῖς
357 2072 452 2126 legit
473 2068 573 2110 ’έικοσι
601 2066 776 2122 τέσσαςες.
835 2098 862 2119 ,,
890 2067 1093 2122 Suspicor,
1127 2067 1272 2122 inquit,
1301 2081 1370 2121 per
1389 2067 1714 2110 abbreviationem
1736 2069 1813 2112 five
1837 2071 1885 2112 ab

119 2171 149 2193 „
178 2139 262 2195 ipso
291 2136 484 2193 Apostolo
516 2135 593 2177 sive
625 2134 673 2175 ab
704 2134 922 2187 antiquario
952 2132 1083 2188 aliquo
1111 2132 1292 2187 scriptum
1324 2132 1432 2173 fuiffe
1462 2131 1559 2173 ’έικοσι
1589 2150 1649 2186 τρε
1682 2148 1755 2188 pro
1785 2133 1885 2175 ’έικοσι

123 2228 152 2249 ,,
182 2192 368 2248 τέσσαςες,
398 2204 564 2245 eamque
596 2189 728 2244 postea
757 2189 1081 2230 abbreviationem
1105 2202 1173 2242 per
1201 2187 1500 2244 negligentiores
1531 2200 1717 2230 mutatam
1738 2190 1814 2232 este
1843 2191 1886 2231 in

123 2282 152 2303 „
183 2263 383 2292 numerum
405 2247 516 2288 istum
533 2244 634 2286 ’έικοσι
663 2242 774 2296 τρεῖς,
804 2259 848 2284 ac
867 2243 1015 2285 versum
1041 2259 1062 2284 a
1085 2244 1228 2284 Latino
1250 2244 1464 2297 Interprete
1490 2244 1628 2298 viginti
1647 2245 1728 2285 tria.
1781 2246 1884 2287 Non

124 2337 152 2358 „
181 2305 352 2354 affirmo,
384 2301 449 2343 sed
470 2300 581 2356 quod
602 2299 793 2354 suspicor,
823 2314 910 2340 cum
935 2312 1030 2353 pace
1053 2298 1215 2340 aliorum
1232 2298 1451 2353 simpliciter
1473 2312 1634 2340 annoto.

182 2359 361 2403 Discuffis
386 2359 467 2412 jam
498 2357 567 2407 iis,
596 2369 691 2410 quas
726 2365 860 2395 contra
892 2355 1160 2408 antiquitatem
1189 2353 1330 2395 horum
1363 2354 1707 2409 Compendiorum
1737 2354 1888 2396 Millius

126 2416 350 2473 proposuit,
380 2413 617 2462 rationibus,
657 2410 874 2451 auctoritati
905 2409 1020 2464 ipsius
1048 2409 1292 2450 auctoritates
1326 2420 1499 2450 veterum
1528 2411 1786 2464 opponimus,
1817 2412 1885 2465 qui

128 2474 205 2514 line
223 2471 343 2512 dubio
363 2469 514 2522 optime
534 2477 674 2507 norant
694 2465 807 2506 seculi
829 2464 884 2505 sui
904 2466 929 2506 i.
951 2478 983 2505 e.
1006 2464 1056 2505 11.
1074 2464 1144 2505 III.
1166 2463 1236 2504 IV.
1260 2463 1313 2505 V.
1329 2479 1372 2504 ac
1394 2465 1510 2518 paulo
1533 2465 1733 2519 superioris
1754 2466 1888 2506 aetatis

128 2526 318 2568 scribendi
342 2522 683 2571 consuetudinem,
714 2524 754 2560 &
785 2533 920 2561 omnes
950 2518 1126 2573 expressis
1159 2519 1283 2561 verbis
1316 2519 1525 2570 testantur,
1554 2520 1788 2574 compendia
1818 2521 1887 2561 ista

128 2585 169 2625 in
189 2582 256 2623 usu
277 2579 393 2622 fuisse.
442 2579 592 2619 Primus
611 2576 656 2618 sit
678 2575 882 2626 Irenaeus,
909 2575 976 2629 qui
995 2575 1078 2615 Lib.
1090 2573 1140 2617 V.
1164 2588 1228 2628 30.
1250 2575 1300 2615 de
1321 2588 1483 2616 numero
1506 2578 1599 2616 666.
1620 2576 1672 2616 ita
1692 2576 1886 2629 loquitur:

125 2673 153 2690 „
182 2638 259 2679 His
278 2647 405 2678 autem
425 2634 475 2674 fic
497 2633 534 2674 se
555 2632 804 2681 habentibus,
836 2634 876 2670 &
902 2631 943 2670 in
962 2629 1140 2670 omnibus
1164 2630 1332 2684 antiquis
1351 2633 1391 2669 ὃ(
1414 2630 1682 2684 probatissimis
1718 2633 1757 2669 &
1784 2642 1887 2671 vete-

128 2724 156 2745 „
188 2692 289 2733 ribus
311 2689 503 2744 scripturis
525 2701 686 2729 numero
710 2686 788 2726 hoc
809 2685 936 2740 posito
959 2684 1168 2726 secundum
1191 2685 1431 2725 Graecorum
1460 2686 1791 2740 computationem
1814 2698 1888 2741 per

129 2775 158 2801 „
190 2747 383 2795 Literas,
415 2744 556 2799 ignoro
576 2741 780 2797 quomodo
800 2752 1020 2783 erraverunt
1042 2740 1223 2795 quidam,
1243 2740 1442 2794 sequentes
1463 2739 1697 2781 idiotismum
1710 2775 1719 2790 ,
1741 2744 1781 2780 &
1805 2755 1886 2781 me-

130 2834 159 2856 „
189 2802 298 2843 dium
320 2801 539 2841 frustrantes
560 2812 761 2839 numerum
785 2797 976 2846 nominis,
1012 2809 1076 2847 50.
1097 2809 1278 2836 numeros
1300 2794 1554 2846 deducentes,
1583 2809 1655 2849 pro
1682 2794 1743 2835 sex
1776 2794 1888 2836 deca-

130 2888 159 2911 „
188 2857 249 2898 dis
277 2870 394 2898 unam
418 2853 604 2895 decadem
630 2853 804 2894 volentes
832 2851 915 2893 esse.
971 2850 1064 2892 Hoc
1095 2862 1221 2891 autem
1257 2851 1418 2891 arbitror
1437 2849 1662 2904 scriptorum
1685 2863 1885 2903 peccatum

131 2944 161 2965 ‚,
192 2910 320 2961 fuisse,
350 2922 392 2951 ut
414 2910 508 2950 solet
526 2909 631 2958 fieri,
652 2907 837 2962 quoniam
858 2909 977 2960 &per
1001 2905 1171 2946 Literas
1194 2906 1342 2947 numeri
1364 2917 1581 2959 ponuntur,
1613 2904 1721 2944 facile
1740 2905 1888 2946 literam

133 2999 161 3021 „
193 2968 408 3016 Graecam,
438 2978 536 3019 quae
570 2967 636 3005 60.
663 2962 843 3004 enunciat
873 2974 1097 3010 numerum,
1127 2962 1169 3001 in
1197 2962 1281 3015 jota
1303 2961 1541 3001 Graecorum
1569 2960 1715 3002 literam
1746 2974 1889 3015 expan-

134 3053 162 3076 „
191 3023 281 3064 sam.

193 3076 413 3120 Secundum
444 3074 577 3116 testem
597 3072 847 3129 producimus
868 3071 1079 3127 Eusbbium
1102 3070 1414 3126 Caesariensbm,
1440 3070 1500 3112 vel
1523 3070 1674 3125 potius,
1708 3082 1750 3110 ut
1771 3084 1811 3110 re
1829 3083 1889 3110 ac-

139 3135 303 3178 curatius
323 3130 559 3177 considerata
582 3130 716 3186 postea
740 3127 1084 3182 didici,Severum
1095 3126 1751 3180 Antiochenum,quiapparentem
1763 3126 1890 3218 Effin-

1745 3192 1819 3233 gei
1853 3192 1890 3218 a·
