1976 3519
328 1506 445 1538 siastitis
471 1510 666 1548 reperiuntur.
707 1508 814 1541 Paulus
832 1511 958 1550 quidem

327 1551 387 1589 ejus
412 1551 596 1581 mentionem
618 1551 689 1582 facit
710 1555 820 1584 2.Tim.
838 1553 894 1585 IV.
914 1563 960 1584 11.

132 1439 293 1489 Das-{2³⁸4}

132 1483 159 1541 ἶ
189 1510 224 1543 D
248 1467 294 1604 Ξῖ

163 1547 167 1563 ί

151 1567 222 1597 2⁹³—
327 1591 420 1632 Coloff.
445 1591 500 1623 IV.
531 1603 576 1630 14.
599 1593 716 1624 Philem.
735 1604 785 1634 24.
808 1595 842 1626 &
860 1605 892 1626 ut
908 1606 958 1626 ve—

110 1641 184 1666 teres
203 1635 320 1668 tradunt
337 1639 438 1665 2.Cor.
451 1634 535 1665 VIII.
550 1637 596 1666 18.
614 1636 673 1674 ipse
690 1646 763 1667 vero
776 1638 874 1668 Lucas
883 1640 957 1669 Αέῖ.

111 1675 203 1709 XVI.
235 1687 283 1708 10.
311 1676 387 1707 XX.
415 1676 554 1708 XXVII.
586 1677 740 1709 XXVIII.
766 1679 876 1710 indicat
890 1704 901 1720 ‚
930 1681 958 1711 se

111 1717 197 1751 Pauli
216 1731 233 1751 a
249 1718 369 1750 Troade
384 1729 434 1759 per
451 1719 664 1750 Macedoniam
681 1743 690 1758 ‚
718 1721 751 1750 δε
769 1723 836 1752 inde
851 1723 957 1753 iterum

108 1761 321 1804 Hierosolyma
337 1761 471 1792 Romam
494 1772 583 1803 usque
598 1762 787 1794 individuum
809 1766 957 1796 comitem

110 1805 206 1836 fuiffe.

308 1420 334 1452 E
353 1421 436 1452 Luca
448 1421 601 1464 Evangelii
615 1422 649 1454 &
668 1422 816 1456 Actorum
833 1424 957 1467 scripto-

325 1474 369 1494 res
388 1474 481 1505 pauca
499 1466 529 1495 in
545 1466 626 1496 libris
650 1466 735 1496 sacris
752 1476 838 1508 atque
851 1468 959 1500 Eccle-

143 1480 151 1500 Ἣ
152 1458 154 1460 ⁴

116 1883 119 1884 ⁷
156 1847 327 1879 Exercuisse
345 1846 525 1878 medicinam
535 1845 643 1878 Paulus
659 1847 695 1878 ad
706 1847 895 1879 Coloffenses
912 1858 955 1880 te-

112 1889 218 1921 statur:
234 1890 370 1932 Eusebius
386 1898 483 1920 autem
502 1890 535 1920 &
552 1891 735 1930 Hieronymus
753 1891 864 1922 addunt
882 1891 956 1922 fuis-

111 1932 139 1963 se
162 1935 280 1964 natione
305 1933 413 1973 Syrum
437 1931 697 1972 Antiochensem3
720 1935 869 1974 utriusque
894 1944 957 1964 non

111 1975 237 2006 obscura
261 1975 361 2017 prodit
378 1973 485 2005 indicia
501 1975 532 2004 in
550 1974 662 2015 scriptis
677 1976 743 2006 suis.
783 1975 956 2017 Interpretes

110 2027 202 2058 porro
218 2018 388 2058 conjeftura
405 2016 554 2057 probabili
572 2025 634 2047 tum
643 2027 677 2049 ex
686 2019 904 2058 nomine2tum
920 2029 956 2050 ex

111 2069 171 2091 arte
194 2070 284 2101 quam
310 2059 502 2101 profitebatur
529 2059 673 2100 colligunt
690 2084 700 2099 ‚
728 2060 813 2092 iuiffe
839 2061 956 2092 servum

111 2103 334 2133 manumiffum.
354 2101 522 2133 observant
539 2103 619 2132 enim
637 2104 753 2142 primo:
768 2113 881 2134 nomen
897 2105 957 2144 ejus

111 2145 143 2175 in
169 2145 382 2186 compendium
407 2143 491 2175 fuiffe
507 2143 680 2182 redactum,
700 2154 732 2177 ut
748 2155 804 2186 pro
823 2146 954 2177 Lucillio

110 2187 158 2218 vel
184 2189 309 2219 Lucano
334 2195 490 2219 vocaretur
517 2186 614 2217 Lucas
632 2198 637 2217 :
669 2189 708 2219 ita
739 2198 836 2219 autern
862 2190 954 2219 moris

110 2228 255 2271 fuiffe‚ut
271 2231 422 2261 servorum
440 2230 562 2260 nomina
579 2229 678 2270 paullo
693 2231 828 2272 longiora
843 2232 953 2271 praeci-

112 2271 266 2313 derentur,
284 2274 318 2305 ὅτ,
335 2274 366 2303 in
378 2283 411 2302 as
428 2271 598 2302 definerent.
620 2271 664 2303 Ita
687 2273 811 2313 Aiexas,
828 2274 952 2314 Antipas

113 2314 250 2355 Apenas,
271 2317 426 2352 Art-emas,
447 2313 636 2355 Harpocras,
658 2314 805 2356 Cleopas,
825 2314 953 2354 Demas,

109 2355 280 2397 Epaphras,
293 2357 454 2396 Thermas,
475 2356 601 2396 Menas,
624 2356 741 2397 zenas,
759 2357 869 2402 Herag,
886 2358 954 2389 He-

112 2399 222 2440 raclas,
249 2399 395 2437 Hermas,
418 2398 509 2438 Silas,
534 2399 645 2440 Rufas,
661 2399 825 2441 Olympas,
846 2400 954 2442 Nym-

112 2441 204 2482 phas,
229 2442 406 2478 Parmenas,
428 2440 562 2481 appellati
577 2441 660 2482 sunt,
684 2444 736 2482 qui
752 2445 863 2483 integre
883 2443 954 2473 Ale-

112 2484 234 2522 xander,
243 2484 408 2523 Antipater,
418 2482 631 2524 Apollodorus,
640 2484 847 2515 Artemidorus
855 2508 864 2524 ‚
873 2485 954 2516 Har-

113 2535 248 2566 pocrates
262 2551 272 2568 ,
293 2525 451 2568 Cleopater
467 2549 477 2565 ,
497 2525 666 2557 Demetrius
682 2549 692 2566 ‚
717 2527 952 2569 Epaphroditus,

112 2568 312 2608 Theodorus,
325 2568 513 2600 Metrodorus
522 2591 532 2606 ‚
544 2568 741 2609 Zenodorus,
759 2569 934 2601 Herodorus
943 2592 953 2607 ‚

111 2610 368 2653 Heracleodorus,
388 2610 614 2642 Hermodorus.
631 2610 765 2643 Silvanus
777 2634 786 2649 ,
805 2611 931 2643 Rufinus
941 2637 952 2653 ‚

112 2653 361 2695 Olympiodorus‚
371 2652 625 2695 Nymphodorus,
634 2653 804 2695 Parmenio,
812 2654 957 2685 diceban-

113 2704 171 2726 tur.
194 2695 359 2728 observant
373 2695 504 2727 secundo
515 2707 521 2727 t
533 2696 641 2727 Servos
659 2697 691 2728 &
702 2707 857 2737 praecipue
867 2697 957 2738 Syros

115 2737 292 2769 medicinam
302 2738 451 2770 factitasse.
469 2742 580 2768 Sueten,
591 2737 686 2781 Calig.
697 2740 723 2770 8.
741 2738 836 2771 Mitto
847 2748 956 2779 praete-

115 2790 163 2811 rea
171 2789 241 2811 cum
250 2791 286 2811 eo
294 2790 329 2811 ex
337 2781 426 2812 servis
434 2782 506 2812 meis
515 2780 678 2812 medicum.
700 2786 800 2813 Seneca
816 2782 852 2812 de
860 2782 952 2813 Bene-

114 2821 164 2852 fic.
175 2821 226 2852 IlIv
238 2832 289 2862 24.
307 2823 461 2854 Domitius
476 2825 631 2865 imperavit
648 2824 767 2856 medico
776 2849 786 2864 ‚
796 2824 953 2864 eidemque

113 2864 201 2895 servo
217 2864 286 2904 suo,
300 2874 332 2896 ut
348 2866 400 2896 fibi
410 2876 558 2897 venenum
567 2866 656 2898 daret.
679 2870 798 2909 Cic.pro
809 2868 952 2899 Cluentio

116 2907 168 2946 63.
179 2905 267 2937 Saffia
275 2925 333 2930 —
346 2909 416 2938 emit
424 2908 460 2939 de
470 2910 507 2939 A.
518 2909 644 2949 Rupilio
654 2932 664 2948 ,
673 2919 734 2949 quo
744 2911 807 2941 usus
815 2918 874 2941 erat
885 2910 954 2950 Op-

114 2949 247 2991 pianicus
264 2949 381 2980 medico
395 2969 404 2986 2
425 2950 594 2982 Stratonem
613 2952 769 2991 quendam
793 2951 953 2981 Glujntilia-

116 3001 169 3022 nus
188 2990 253 3021 VII.
272 3000 303 3022 2.
321 2991 446 3022 Serviffe
461 3002 529 3023 eum
546 2993 655 3023 Pisauri
672 2982 952 3033 dominiffiuobus,

113 3032 296 3064 medicinam
312 3033 450 3064 faeritaffe
464 3036 686 3068 manumissum.

1103 1039 1211 1157 K
1411 1038 1522 1157 A
1723 1041 1848 1158 N

998 1249 1725 1335 EAION.

1001 1423 1087 1456 Nam
1111 1432 1223 1465 praeter
1251 1422 1394 1454 familiam
1413 1422 1594 1462 Lucilliam,
1617 1433 1690 1465 quae
1709 1426 1849 1458 Romana

1001 1467 1076 1505 fuit,
1097 1468 1185 1497 etiarn
1214 1466 1338 1498 Graecis
1360 1465 1433 1496 illud
1453 1476 1565 1497 nomen
1583 1466 1637 1498 fuit
1654 1469 1850 1510 impositum,

1002 1518 1034 1540 ut
1051 1518 1085 1539 ex
1103 1509 1285 1548 Anthologia
1301 1508 1431 1540 constat.

1043 1551 1074 1582 Si
1097 1551 1298 1592 Scriptoribus
1323 1550 1500 1591 quibusdam
1526 1551 1739 1583 Ecclefiasticis
1755 1553 1851 1585 credi·

1002 1603 1090 1631 mus,
1111 1603 1245 1625 mortuus
1270 1592 1312 1625 est
1339 1594 1436 1624 Lucas
1463 1595 1492 1624 in
1510 1593 1668 1635 Bithynia,
1689 1595 1850 1636 postquam

1003 1634 1191 1667 LXXXIV.
1215 1644 1263 1666 aut
1288 1635 1452 1666 secundum
1478 1636 1550 1667 alios
1576 1636 1730 1669 LXXIV.
1757 1649 1852 1670 annos

1002 1679 1033 1708 in
1043 1678 1193 1709 coelibatu
1202 1678 1348 1719 explesset,
1359 1677 1555 1719 Evangelium
1565 1688 1664 1709 autem
1673 1679 1763 1712 edidit
1774 1681 1805 1712 X
1813 1683 1850 1716 V,

1002 1730 1052 1752 aut
1077 1720 1240 1752 secundum
1255 1721 1326 1752 alios
1345 1719 1452 1751 XXII.
1475 1720 1542 1761 post
1558 1720 1671 1752 Christi
1687 1722 1850 1756 adscenfio-

1001 1772 1069 1794 nem
1087 1764 1180 1794 annis.
1201 1762 1451 1802 Alexandriae,ut
1467 1762 1509 1793 est
1526 1764 1556 1793 in
1567 1763 1647 1794 Cod.
1661 1773 1707 1805 13.
1726 1766 1760 1796 &
1774 1766 1850 1798 Verm

1001 1806 1082 1837 fione
1104 1805 1196 1847 Syra,
1218 1805 1265 1837 vel
1290 1804 1451 1836 secundum
1475 1808 1675 1846 Hieronymum
1690 1808 1718 1836 in
1736 1809 1850 1849 praefa-

1001 1849 1083 1879 tione
1108 1848 1190 1889 super
1211 1847 1418 1879 Matthaeum:
1441 1848 1472 1877 in
1498 1848 1629 1888 Achajae
1653 1848 1849 1892 Boeotiaeque

1000 1890 1124 1929 finibus,
1144 1891 1196 1930 qui
1220 1898 1318 1922 tamen
1344 1889 1464 1921 Thebas
1488 1889 1650 1932 AEgyptias
1668 1916 1678 1932 ‚
1700 1894 1752 1923 ubi
1779 1894 1848 1927 teste

1002 1933 1191 1964 Oecumenio
1208 1933 1307 1964 Lucas
1323 1932 1520 1974 praedicavit,
1542 1942 1598 1973 pro
1618 1933 1747 1965 Boeotiis
1763 1946 1849 1968 acce-

999 1975 1070 2016 pisse
1084 1975 1211 2007 videtur.
1237 1975 1350 2007 Lucam
1360 1975 1453 2006 multa
1470 1984 1505 2006 ex
1524 1975 1679 2007 Matthaeo
1691 1987 1746 2015 ,ex
1764 1978 1848 2010 Mar-

1000 2027 1038 2048 co
1058 2018 1140 2059 plura
1155 2015 1329 2059 descripsisse
1345 2027 1380 2048 ex
1398 2017 1559 2049 collatione
1577 2027 1673 2061 patet:
1695 2021 1770 2051 unde
1780 2023 1848 2062 jure

1001 2060 1131 2092 Ecclesia
1146 2061 1232 2091 tertio
1248 2061 1320 2091 loco
1335 2061 1395 2098 ejus
1412 2060 1608 2101 Evangelium
1619 2062 1782 2095 collocavit
1792 2086 1801 2101 ,
1811 2066 1846 2097 ὃς

1001 2112 1072 2134 cum
1091 2103 1211 2142 reliquis
1227 2103 1320 2134 tribus
1336 2104 1445 2144 recepit
1459 2114 1465 2133 :
1483 2103 1636 2136 haereticis
1650 2105 1712 2135 aliis
1730 2105 1847 2138 Lucam

999 2145 1097 2176 solum
1119 2145 1348 2186 recipientibus,
1366 2145 1427 2176 aliis
1443 2155 1511 2177 eum
1526 2146 1754 2187 repudiantibus.
1776 2150 1847 2180 Phi-

997 2186 1110 2228 lastrius
1126 2187 1287 2219 Brixienfis.
1309 2187 1546 2219 Cerinthus—
1564 2188 1747 2229 Apostolum
1767 2190 1848 2223 Pau-

997 2229 1060 2261 lum
1078 2240 1140 2261 non
1156 2231 1266 2271 accipit
1282 2249 1340 2255 —
1363 2229 1562 2270 Evangelium
1580 2231 1743 2263 secundum
1762 2233 1846 2265 Mat-

997 2273 1117 2304 thaeum
1133 2272 1228 2303 solum
1246 2273 1376 2313 accipit,
1397 2274 1451 2304 tria
1477 2272 1637 2314 Evangelia
1653 2274 1778 2317 spernit,
1802 2277 1845 2319 A‘.

997 2316 1062 2346 &us
1079 2315 1298 2356 Apostolorum
1315 2316 1427 2356 abjicit.
1449 2318 1582 2345 Irenaeus
1605 2316 1629 2347 Ι.
1657 2318 1705 2347 26.
1748 2319 1845 2350 Ebio-

996 2359 1061 2389 naei
1078 2359 1141 2389 solo
1156 2368 1211 2393 eo,
1231 2357 1311 2397 quod
1336 2359 1378 2389 est
1395 2357 1556 2389 secundum
1572 2358 1760 2391 Matthaeum
1771 2385 1780 2401 ‚
1804 2362 1846 2393 E-

996 2401 1132 2440 vangelio
1149 2408 1271 2431 utuntur
1280 2402 1332 2441 ,&
1352 2400 1533 2441 Apostolum
1550 2400 1674 2433 Paulum
1693 2405 1843 2446 recusant,

998 2443 1172 2483 Apostaram
1182 2452 1250 2473 eum
1258 2443 1328 2482 legis
1336 2443 1477 2474 dicentes.
1487 2443 1663 2483 Epiphanius
1671 2445 1714 2476 H.
1726 2445 1842 2480 XXX.

996 2484 1033 2515 de
1057 2485 1226 2516 Ebionaelss.
1271 2486 1398 2522 Δέχῡντκι
1415 2485 1460 2524 μὲν
1484 2486 1559 2516 αὐτο)
1583 2487 1611 2516 τὶ
1626 2488 1698 2518 κατὰ
1713 2495 1843 2520 Mac-*90:701

996 2529 1155 2562 εῠοιγγέλιον,
1170 2528 1239 2566 πάτῳ
1257 2527 1305 2566 ’γὰρ
1321 2528 1410 2562 αὐτοὶ,
1428 2528 1458 2561 ὣς
1476 2528 1521 2559 κει)
1534 2533 1558 2558 οἱ
1573 2530 1645 2558 κατὰ
1661 2532 1755 2570 κήρινθον
1770 2537 1842 2571 χρῶν-

997 2584 1042 2599 ται
1060 2570 1132 2609 μόγῳ.
1148 2569 1314 2600 Tertullian.
1332 2569 1369 2601 de
1384 2570 1502 2601 Haeres.
1521 2570 1643 2603 Cerdon
1661 2591 1725 2597 ———
1742 2573 1840 2606 solum

999 2611 1195 2651 Evangeliurn
1215 2612 1332 2648 Lucae,
1349 2623 1404 2644 nec
1423 2622 1519 2644 tamen
1538 2622 1635 2645 toturn
1654 2616 1768 2656 recipit.
1797 2617 1840 2648 Α-

1001 2654 1112 2694 postoli
1137 2654 1220 2685 Pauli
1246 2665 1340 2694 neque
1365 2665 1470 2686 omnes
1487 2666 1582 2697 neque
1599 2666 1676 2688 totas
1694 2657 1839 2700 Epistolas

1000 2696 1097 2728 sumit.
1110 2696 1185 2727 Aeta
1197 2696 1415 2737 Apostolorum
1426 2698 1459 2728 ὃς
1477 2698 1678 2741 Apocalypsin
1697 2708 1838 2741 tanquam

999 2739 1067 2769 falsa
1083 2739 1186 2780 rejicit.
1210 2739 1327 2780 Apelles
1343 2759 1405 2764 -—
1423 2740 1487 2771 solo
1505 2742 1595 2772 utitur
1612 2743 1762 2783 Apostolo
1773 2767 1781 2782 ‚
1792 2744 1839 2775 sed

1000 2781 1168 2813 Marcionis
1177 2806 1187 2822 ‚
1197 2782 1225 2812 id
1235 2780 1275 2812 est
1285 2806 1294 2822 ‚
1303 2792 1365 2812 non
1375 2791 1452 2814 toto.
1463 2785 1595 2814 Irenaeus
1606 2784 1629 2815 1.
1640 2794 1690 2823 29.
1706 2784 1743 2815 de
1752 2786 1840 2827 Mar-

996 2825 1092 2855 cione.
1121 2824 1155 2855 Id
1172 2823 1253 2865 quod
1269 2824 1309 2855 est
1326 2824 1487 2856 secundum
1506 2825 1623 2858 Lucam
1640 2827 1836 2868 Evangelium

996 2867 1233 2903 circumcidens,
1248 2868 1282 2899 &
1301 2869 1503 2908 omnia,quae
1520 2868 1584 2900 sunt
1601 2869 1637 2900 de
1649 2871 1835 2910 generatione

997 2908 1128 2940 Domini
1151 2909 1339 2951 conscripta,
1359 2910 1507 2951 auferens,
1530 2913 1563 2943 &
1580 2911 1615 2942 de
1629 2911 1763 2942 doetrina
1781 2913 1837 2944 ser-

996 2960 1124 2982 monum
1148 2952 1279 2983 Domini
1301 2952 1393 2983 multa
1407 2954 1538 2985 auferens
1555 2972 1619 2978 ——
1636 2953 1766 2984 similiter
1783 2965 1836 2987 au-

996 3001 1057 3025 tem
1085 2993 1223 3034 Apostoli
1246 2994 1329 3026 Pauli
1352 2996 1486 3037 epistolas
1503 2994 1651 3033 abscidit,
1676 3013 1737 3019 ———
1758 2996 1834 3029 solus

996 3037 1149 3068 manifeste
1166 3036 1246 3067 ausus
1263 3037 1306 3068 est
1317 3038 1533 3069 circumcidere
1544 3037 1706 3077 scripturas.
1723 3039 1834 3070 Tertul-

158 3075 253 3112 Quod
271 3085 342 3105 vero
357 3075 476 3116 quidam
491 3077 752 3116 existimant,eum
763 3078 881 3109 Romae
892 3078 947 3109 ser·
991 3078 1060 3110 Han.
1079 3090 1104 3110 a.
1114 3079 1214 3111 Marc.
1227 3078 1283 3111 IV.
1294 3079 1436 3112 Marcion
1452 3080 1632 3120 Evangelio,
1643 3079 1754 3111 scilicet
1769 3081 1833 3120 suo,

112 3118 205 3154 viisse‚
215 3118 248 3149 ὃ(
259 3127 273 3147 a
284 3116 480 3158 Domini,qui
490 3117 584 3159 ipsum
599 3121 797 3153 manumiserit
807 3145 817 3160 ,
827 3123 948 3152 nomine
991 3121 1106 3152 nullum
1122 3121 1260 3152 adscribit
1277 3130 1410 3153 autorem
1421 3143 1484 3147 —
1497 3132 1531 3153 ex
1550 3122 1592 3152 his
1609 3131 1833 3155 commentato-

110 3160 226 3195 Lucam
235 3160 411 3202 appellatum
427 3160 596 3204 fuiffe2n0n
609 3160 672 3194 satis
690 3173 806 3195 certum
823 3163 948 3206 videtun
991 3165 1088 3205 ribus,
1111 3174 1186 3204 quos
1211 3164 1355 3195 habemus
1373 3188 1383 3204 ,
1408 3166 1524 3197 Lucam
1547 3163 1663 3196 videtur
1691 3164 1834 3197 Marcion

1114 3206 1275 3237 Mmmm
1297 3216 1315 3238 2
1776 3208 1836 3240 ele-
