1976 3519
129 210 182 262 36
483 190 1471 245 PROLEGOME'N'A.

122 296 198 343 rit,
229 289 492 347 deprehendet
512 290 616 330 enim
634 288 830 329 manifeste
853 319 864 338 ‚
892 303 972 329 non
993 303 1078 329 raro
1098 288 1200 342 apud
1218 289 1455 343 Stephanum
1477 286 1619 327 Codici
1643 305 1676 328 σ..
1708 288 1861 329 Lefflo-

126 363 216 390 nem
251 347 384 396 tribui,
414 359 512 400 quae
531 346 571 385 in
592 343 859 398 Complutcnsi
881 358 960 384 non
981 345 1185 398 reperitur,
1207 347 1246 383 ὃ(
1268 343 1474 397 saepillime
1496 343 1598 395 apud
1621 343 1857 396 Stephanum

126 403 363 445 Varietatem
393 415 474 441 non
506 400 652 450 notari,
682 413 780 453 quae
810 410 936 439 tamen
967 399 1007 438 in
1039 398 1307 452 Complutenfi
1337 410 1448 439 extat.
1509 397 1625 437 Adde
1656 399 1754 438 aliud
1802 400 1861 438 in-

126 460 271 500 vistum
302 468 566 511 argumentum
586 488 597 504 ,
629 468 708 509 quo
737 453 917 507 probetur
938 480 949 499 ,
980 454 1216 507 Stephanum
1244 466 1324 493 non
1354 466 1489 493 omnes
1507 453 1626 492 varias
1657 453 1860 494 Lettiones

127 527 222 569 quas
251 525 297 553 ex
328 511 542 552 Codicibus
572 509 644 550 suis
675 520 895 558 notaverat,
924 508 1087 548 editioni
1119 509 1203 548 suae
1234 507 1454 561 apposuisse.
1507 507 1672 548 Petitum
1698 508 1788 547 illud
1805 510 1859 549 est

126 584 171 610 cx
201 568 323 623 prima
358 565 541 607 Editione
567 564 647 605 Th.
678 562 837 614 Bezae,
868 563 934 616 qui
952 563 1002 603 ad
1023 562 1144 603 Marc.
1174 563 1246 602 IX.
1281 564 1344 614 38.
1374 562 1428 602 X.
1464 575 1521 611 50.
1553 563 1642 602 Luc.
1675 562 1759 602 vn,
1794 577 1858 616 35.

126 637 173 665 ex
192 623 275 677 ipso
305 623 381 662 hoc
403 620 589 675 Stephani
613 617 781 659 secundo
812 616 947 658 codice
974 618 1083 658 affert
1111 619 1333 667 Lestiones,
1364 631 1460 671 quae
1488 617 1527 656 in
1553 618 1860 671 Cantabrigienfi

126 679 285 734 quidem
305 676 458 718 Codice
476 674 781 728 conspiciuntur,
811 688 832 713 a
854 673 1052 726 Stephano
1072 685 1199 713 tamen
1219 673 1345 712 editae
1366 686 1445 711 non
1467 671 1561 712 sunt.

184 733 323 775 Unum
353 743 485 773 tamen
509 729 694 784 anonymi
720 740 984 782 argumentum
1013 728 1178 781 aliquam
1216 727 1367 767 videtur
1405 726 1542 767 habere
1582 726 1777 781 speciem:
1816 728 1860 768 in

126 789 289 838 multis,
317 787 463 840 inquit,
493 783 718 824 leffionibus
736 783 818 834 ase
837 784 1010 822 invicem
1030 782 1233 822 discedunt
1246 781 1309 834 iste
1331 781 1652 835 codtces---plures
1674 783 1719 834 (i.
1742 796 1774 822 e.
1804 782 1862 823 vi-

125 843 249 900 ginti)
276 855 372 897 quae
388 854 467 881 rem
475 841 584 894 fatis
604 836 884 889 demonstrant,
905 836 1061 891 collegi,
1090 850 1188 893 quas
1210 839 1251 876 in
1271 836 1373 875 calce
1393 836 1530 875 harum
1551 837 1859 886 obftrvationum

125 899 292 939 exhibeo.
350 895 482 946 Hasce
501 894 680 934 leffiones
700 894 806 931 inter
811 893 858 945 fi'
878 891 1109 942 contendat,
1138 894 1200 931 cuz·
1231 890 1323 930 haec
1343 904 1454 930 curae
1474 892 1574 943 fitnt
1594 922 1605 941 ‚
1637 889 1684 935 ὠ
1704 891 1749 930 de
1771 900 1860 932 tota

125 949 628 1007 causast’ntentiamferat.
682 946 771 987 Eat
791 960 891 987 nunc
910 946 1087 998 obscurus
1105 946 1172 1000 iste
1190 947 1341 996 editor,
1372 944 1420 990 ὅγ’
1441 959 1464 984 a
1485 945 1608 985 malae
1619 945 1719 996 fidei
1736 947 1862 1002 fitspt'-

125 1009 284 1061 cionefi²
304 1007 381 1060 ipse
399 1004 606 1044 vindicato
618 1022 631 1048 ς
664 1001 768 1057 quod
782 1014 977 1056 nunquam
995 1001 1121 1053 facere
1130 1000 1266 1058 potest.
1297 1001 1405 1054 Qtis
1416 999 1543 1052 ferret
1561 999 1730 1040 hominis
1739 1002 1861 1041 auda-

124 1066 250 1113 ciam,
281 1063 349 1115 qui
370 1061 561 1100 convitiis
581 1057 627 1103 ὠ
649 1056 867 1096 maledifft'is
886 1059 928 1096 in
948 1058 1059 1096 viros
1079 1060 1182 1096 omni
1202 1055 1314 1096 laude
1341 1055 1509 1100 majores
1523 1055 1757 1109 graffum?
1788 1060 1859 1096 ὅτε.

123 1116 281 1160 Etiamsi
312 1130 404 1157 vero
433 1113 583 1163 darem,
614 1111 851 1166 Stephanum
882 1112 1021 1165 viginti
1049 1111 1230 1152 leffiones
1258 1110 1445 1151 variantes
1466 1124 1511 1150 ex
1538 1109 1690 1151 Codice
1710 1111 1777 1152 suo
1804 1112 1859 1153 se-

124 1173 256 1215 cundo
266 1169 478 1220 annotasse,
509 1182 607 1222 quae
626 1168 666 1207 in
676 1166 828 1208 Codice
839 1166 1143 1221 Cantabrigiensi
1164 1180 1244 1206 non
1265 1166 1520 1219 reperiantur,
1534 1165 1709 1206 nondum
1729 1178 1858 1207 tamen

124 1229 241 1270 video
262 1226 348 1267 satis
364 1225 665 1266 demonstratum
684 1221 780 1272 effe,
809 1221 917 1276 quod
947 1234 1027 1263 erat
1047 1221 1408 1269 demonstrandum,
1439 1220 1561 1261 multo
1590 1221 1714 1261 minus
1734 1222 1860 1262 existi-

124 1298 191 1324 mo
204 1318 214 1334 ,
244 1296 290 1323 ex
311 1281 378 1321 ista
397 1279 578 1329 Tabella,
600 1277 694 1318 XX.
714 1277 918 1318 Variantes
939 1277 1141 1318 Leffiones
1160 1277 1385 1325 exhibente,
1416 1274 1466 1316 de
1486 1287 1567 1316 tota
1587 1276 1694 1315 causa
1712 1275 1860 1317 senten-

123 1340 216 1380 tiam
239 1337 327 1378 ferri
345 1335 470 1390 poste:
500 1333 564 1374 sed
582 1333 694 1387 aequi
710 1331 850 1386 judicis
869 1331 944 1372 effe
962 1343 1079 1385 puto,
1108 1346 1186 1372 rem
1208 1345 1295 1372 cum
1315 1346 1355 1372 re
1377 1330 1631 1377 contendere,
1655 1331 1676 1370 i,
1704 1345 1736 1371 e.
1765 1346 1859 1372 con-

122 1393 269 1435 sensum
289 1390 452 1432 Codicis
474 1388 660 1443 Stephani
679 1391 719 1427 &
740 1386 1065 1441 Cantabrigienfis
1083 1387 1123 1427 in
1145 1385 1351 1427 CCCCL.
1372 1385 1614 1426 Variationes
1634 1385 1837 1441 singulares
1845 1418 1858 1438 ‚

122 1449 164 1489 in
186 1448 321 1503 quibus
341 1446 425 1486 sunt
442 1444 658 1498 frequentes
675 1441 908 1483 Additiones
929 1456 1009 1482 non
1029 1442 1162 1483 decem
1183 1442 1303 1482 solum
1323 1439 1384 1483 vel
1404 1441 1565 1495 viginti,
1594 1440 1660 1480 sed
1681 1441 1858 1496 triginta,

121 1504 203 1544 imo
225 1501 460 1556 septuaginta
479 1512 644 1548 vocum,
659 1511 745 1538 cum
768 1496 930 1537 diss‘ensu
951 1496 1060 1552 saepe
1078 1498 1188 1538 unius
1207 1497 1335 1537 literae
1356 1508 1419 1537 aut
1439 1495 1615 1550 syllabae,
1638 1499 1678 1534 ὃς
1700 1496 1858 1550 quidem

120 1559 163 1600 in
183 1558 277 1599 locis
297 1571 376 1597 non
398 1554 559 1608 amplius
579 1553 697 1601 XX,
728 1555 767 1592 &
789 1551 1048 1602 considerare,
1077 1564 1203 1594 utrum
1221 1551 1403 1592 distensus
1420 1551 1482 1591 ille
1501 1551 1594 1590 levis
1614 1550 1748 1591 fortius
1769 1566 1859 1605 pro-

120 1613 206 1664 bet,
228 1611 397 1654 diversos
418 1609 491 1651 effe
511 1607 703 1659 Codices,
733 1621 848 1661 quam
866 1607 1068 1648 consensus
1087 1620 1248 1664 magnus
1271 1610 1310 1646 ὃς
1330 1608 1445 1647 mirus
1465 1605 1622 1659 probat,
1645 1620 1763 1646 unum
1782 1607 1857 1648 esse

119 1677 237 1723 atque
262 1665 431 1708 eundem
461 1663 665 1705 Codicem.
722 1662 946 1704 Praesertim
977 1675 1066 1703 cum
1093 1661 1312 1703 consensus
1343 1661 1414 1702 alia
1435 1661 1643 1716 excogitari
1669 1663 1767 1702 ratio
1793 1663 1858 1709 vix

120 1722 257 1777 possit,
286 1720 467 1762 distensus
497 1730 625 1760 autem
653 1716 762 1758 causa
790 1717 831 1757 in
863 1729 1018 1771 promtu
1047 1717 1113 1768 sit,
1145 1718 1172 1757 fi
1198 1716 1389 1765 dicamus,
1419 1716 1635 1769 Stephano,
1666 1716 1858 1758 infinitam

119 1778 351 1820 Lefflomm
377 1773 606 1828 farraginem
637 1770 688 1812 ad
716 1775 887 1826 praelum
910 1772 1081 1825 paranti,
1111 1773 1151 1811 in
1172 1784 1289 1825 opere
1306 1771 1427 1824 longo
1447 1774 1485 1809 &
1507 1770 1666 1810 molesto
1688 1771 1859 1827 aliquan*

119 1831 175 1874 do
196 1832 372 1874 somnum
391 1827 616 1883 obrepsiss‘e,
646 1829 686 1866 &
711 1825 804 1867 inde
835 1824 977 1867 fastum
1009 1825 1104 1877 effe,
1135 1836 1177 1866 ut
1195 1826 1352 1867 verbum
1372 1839 1442 1878 pro
1464 1824 1601 1875 verbO,
1630 1837 1694 1865 aut
1722 1840 1857 1868 nume-

121 1902 203 1930 rum
223 1886 387 1928 Codicis
404 1883 516 1926 unius
531 1896 604 1937 pro
622 1881 741 1922 altero
762 1880 957 1921 scriberet:
987 1881 1125 1923 mirum
1146 1881 1249 1921 enim
1271 1880 1343 1929 est,
1372 1879 1399 1919 si
1412 1910 1424 1930 ,
1454 1880 1520 1933 qui
1544 1891 1600 1919 ter
1621 1880 1755 1921 millies
1775 1881 1858 1922 scoss

119 1957 213 1998 pum
230 1939 443 1994 contingit,
473 1950 555 1980 non
576 1935 645 1976 nisi
665 1936 780 1976 vicies
799 1936 956 1976 aberret.
985 1935 1049 1975 Ut
1064 1936 1144 1988 jam
1164 1934 1214 1975 de
1233 1935 1337 1976 vitiis
1347 1934 1659 1989 Typothetarum
1679 1936 1776 1977 nihil
1798 1937 1856 1977 dia·

119 2012 213 2040 cam.
272 1994 423 2036 Confer
441 2006 539 2049 quae
557 1991 666 2045 supra
677 2000 719 2045 p.
751 1991 787 2030 8.
820 2002 857 2030 n.
890 2003 953 2030 20.
981 1991 1211 2030 monuimus.

174 2055 229 2094 At
258 2049 355 2091 nihil
386 2062 457 2090 nos
487 2058 552 2089 aut
580 2045 631 2086 ad
661 2045 899 2099 conjecturas
929 2043 1158 2100 confugere,
1188 2055 1252 2086 aut
1269 2058 1487 2099 anonymO,
1517 2044 1622 2099 cujus
1642 2045 1739 2085 mala
1758 2045 1855 2088 fides

114 2109 195 2163 jam
219 2105 413 2161 perspesta
434 2103 512 2155 est,
541 2101 746 2143 affirmanti
767 2111 910 2141 temere
927 2099 1080 2141 credere
1099 2100 1215 2156 cogit.
1263 2103 1351 2155 Age
1369 2100 1504 2153 igitur,
1534 2100 1776 2154 inspiciamus
1794 2116 1856 2142 ac*

116 2163 280 2205 curatius
309 2159 483 2214 exempla
512 2158 558 2198 ab
589 2171 638 2197 eo
669 2156 789 2196 allata.
825 2156 952 2196 Affert
986 2169 1018 2196 1.
1049 2155 1134 2196 loca
1154 2163 1340 2210 quatuor,
1369 2155 1408 2195 in
1430 2155 1566 2208 quibus
1594 2169 1721 2195 omnes
1748 2157 1856 2197 codi-

116 2232 179 2259 ces
215 2215 421 2270 Stephani,
449 2212 532 2267 ipso
561 2211 653 2253 teste
675 2242 686 2261 ‚
716 2211 828 2251 aliam
858 2210 1084 2251 Leffionem
1112 2211 1292 2251 exhibent
1313 2240 1324 2260 ,
1353 2223 1469 2264 quam
1500 2223 1597 2263 quae
1628 2212 1668 2250 in
1701 2211 1855 2253 Codice

117 2269 423 2326 Cantabrigiensi
441 2268 635 2322 reperitur.
663 2266 838 2307 Debebat
855 2277 982 2307 autem
1002 2265 1092 2306 scire
1112 2269 1341 2320 Anonymus
1353 2296 1363 2315 ‚
1378 2264 1486 2319 quod
1505 2265 1682 2306 facillime
1699 2279 1746 2306 ex
1761 2267 1857 2307 Mil-

116 2329 170 2369 lio
192 2327 336 2367 discere
356 2323 555 2380 potuisset,
585 2321 846 2376 Stephanum,
875 2332 916 2361 ut
945 2320 982 2361 se
1007 2320 1178 2361 molestia
1207 2320 1438 2375 singulorum
1467 2319 1646 2361 codicum
1673 2335 1854 2362 numeros

116 2379 356 2437 exprimendi
384 2379 578 2428 liberaret,
610 2392 658 2416 w.
687 2376 746 2417 vel
776 2375 804 2416 ἒν
832 2374 928 2415 πᾶσι
961 2375 1160 2430 scripsisse,
1191 2376 1255 2416 ubi
1283 2374 1483 2429 plerosque
1510 2389 1645 2416 omnes
1674 2377 1713 2415 in
1737 2391 1851 2418 unam

116 2439 322 2479 leffionem
341 2432 563 2476 consensisse
585 2431 960 2486 deprehendit,licet
979 2444 1076 2471 unus
1097 2443 1163 2472 aut
1184 2431 1276 2471 alter
1297 2429 1517 2472 dissentiret.
1531 2430 1634 2471 Vide
1652 2431 1692 2471 in
1705 2432 1849 2472 Matth.

116 2492 227 2533 VIII.
261 2505 322 2544 13.
352 2490 405 2531 X.
439 2490 500 2529 28.
531 2488 643 2528 XIII.
676 2500 740 2540 33.
767 2485 922 2528 XVIII.
955 2490 989 2526 6.
1020 2486 1083 2526 ubi
1113 2485 1140 2526 fi
1169 2486 1521 2538 interpretationem
1551 2487 1753 2540 Anonymi
1785 2487 1853 2527 ad-

116 2549 265 2597 mittas,
294 2546 469 2600 sequetur
488 2544 529 2584 in
550 2541 735 2596 Stephani
754 2542 879 2596 primo
900 2540 1054 2582 Codice
1073 2540 1180 2582 aliter
1197 2540 1303 2582 fuiffe
1325 2541 1464 2581 lestum
1487 2555 1603 2596 quam
1630 2542 1668 2580 in
1692 2541 1852 2595 Stepha-

116 2604 157 2643 ni
172 2603 322 2657 primo,
351 2598 459 2654 quod
479 2598 533 2639 est
555 2596 759 2646 &adq-arou
789 2596 815 2637 fi
837 2610 909 2636 nos
924 2595 1076 2645 audias,
1106 2595 1230 2636 sensus
1260 2596 1349 2636 erit:
1380 2596 1431 2636 ita
1462 2596 1605 2650 legiin
1637 2596 1853 2638 Codicibus

115 2657 302 2712 Stephani
333 2656 522 2709 plerisque
551 2653 751 2702 omnibus,
780 2651 869 2691 licet
897 2651 1004 2692 aliter
1025 2651 1169 2706 legatur
1199 2652 1238 2691 in
1258 2650 1411 2692 Codice
1432 2652 1582 2705 primo,
1611 2651 1634 2690 i.
1654 2664 1683 2690 e.
1703 2651 1744 2690 in
1767 2651 1853 2692 edi-

115 2713 223 2754 tione
252 2708 530 2764 Complutenfi.
607 2722 642 2750 2.
671 2706 744 2747 duo
771 2706 855 2747 loca
880 2720 924 2746 ex
954 2707 1041 2747 Aet.
1069 2706 1139 2747 111.
1174 2719 1205 2747 1.
1237 2709 1277 2746 &
1305 2706 1398 2749 XV.
1433 2720 1494 2747 20.
1524 2706 1587 2746 ubi
1607 2705 1748 2746 Codex
1769 2706 1852 2747 Ste-

118 2767 238 2822 phani
258 2765 443 2807 secundus
461 2778 542 2805 non
564 2777 632 2818 per
649 2762 781 2802 omnia
801 2760 991 2803 consentit
1009 2775 1094 2802 cum
1118 2761 1436 2816 Cantabrigienfi.
1466 2762 1517 2801 Et
1536 2761 1600 2800 hic
1622 2772 1685 2801 aut
1703 2760 1851 2801 fimula·

114 2823 171 2864 vit
190 2834 404 2877 anonymus
417 2851 427 2870 ,
456 2820 493 2859 se
513 2820 689 2874 ignorare
707 2830 855 2857 morem
876 2817 1083 2871 Stephani,
1111 2828 1176 2857 aut
1195 2817 1300 2857 illum
1323 2817 1451 2870 potius
1473 2816 1673 2871 ignoravit.
1705 2817 1786 2857 Res
1797 2817 1850 2857 ita

114 2877 153 2918 se
172 2877 295 2919 habet.
339 2874 514 2928 Qiando
534 2874 658 2928 plures
677 2871 848 2913 Codices
868 2872 915 2911 ab
938 2871 1110 2912 editione
1134 2883 1284 2926 recepta
1307 2871 1529 2921 discedunt,
1560 2869 1719 2920 accidit,
1749 2882 1790 2911 ut
1809 2875 1851 2911 &

113 2932 185 2986 ipsi
206 2933 338 2973 leviter
357 2931 455 2971 inter
469 2928 506 2969 se
524 2927 765 2977 dissentiant,
778 2927 952 2980 inprimis
971 2926 1034 2968 ubi
1054 2927 1213 2967 variatio
1236 2926 1399 2980 plurium
1420 2926 1474 2966 est
1496 2925 1707 2966 verborum.
1733 2926 1851 2967 Hunc

114 2987 237 3029 levem
266 2984 469 3027 distensum
497 2983 712 3038 Stephanus
741 2982 932 3037 negligere
951 3013 962 3032 ,
992 2985 1031 3022 ὃς
1057 2981 1261 3036 postquam
1292 2982 1517 3022 Leffionem
1548 2981 1658 3021 unius
1687 2980 1851 3029 Codicis

112 3042 286 3097 exposuit
317 3041 524 3096 integram,
554 3050 732 3079 numeros
763 3037 994 3091 reliquorum
1022 3036 1219 3077 Codicum
1239 3068 1250 3087 ,
1280 3037 1347 3093 qui
1377 3037 1416 3076 in
1454 3035 1595 3076 summa
1627 3035 1680 3075 rei
1710 3040 1850 3077 convess

113 3098 247 3149 munt,
273 3096 438 3150 adjicere
467 3094 581 3143 solet,
611 3092 700 3134 vide
726 3092 835 3154 supra
854 3103 945 3147 pag.
980 3093 1015 3133 8.
1071 3092 1129 3132 Ita
1148 3091 1197 3132 ad
1213 3092 1381 3146 priorem
1399 3090 1526 3131 locum
1544 3090 1741 3131 consilium
1769 3089 1850 3131 Ste'-

114 3152 246 3205 phano
267 3165 349 3196 non
368 3150 464 3203 fuit,
493 3148 655 3205 singulas
684 3148 863 3191 minutias
882 3159 1062 3198 enotare,
1091 3146 1156 3189 sed
1185 3146 1354 3189 indicare
1373 3157 1544 3197 tantum,
1573 3146 1686 3188 verba
1715 3142 1776 3211 {vr}
1804 3142 1848 3213 r}

1760 3215 1847 3240 αυΤῦ
