1976 3519
421 220 1418 300 PRoLEooMENA.
1762 258 1818 314 87

71 343 187 385 etiam
219 340 340 382 causs’a
369 340 447 391 est,
475 354 542 381 cur
563 339 859 380 istaCorreffio
881 352 1026 393 paucos
1045 338 1298 394 descriptores
1323 340 1533 396 inveniret,
1563 355 1652 388 cum
1672 342 1752 403 ipsa
1771 365 1816 390 0-

69 399 170 453 peris
197 396 313 438 leffio
344 395 551 449 injucunda
570 406 685 448 atque
709 394 816 434 arida
836 393 1051 445 videretur,
1080 396 1225 436 nedum
1248 395 1415 450 scriptio.
1456 402 1624 444 Accessit
1643 404 1693 444 ad
1714 405 1814 457 hoc,

71 452 180 507 quod
201 452 270 506 ipsi
299 451 432 492 fratres
453 450 698 489 Dominicani
711 479 723 499 ,
752 449 903 503 abjesto
926 449 1052 490 studio
1073 450 1289 504 Scripturae
1306 452 1522 503 Sacrae‚ab
1540 471 1607 498 ore
1627 459 1812 502 Doc‘roris

71 508 252 557 Angelici
271 508 344 547 toti
364 505 551 560 pendere,
583 507 621 543 &
641 504 850 545 secundum
873 503 1057 545 formulas
1077 505 1238 546 Scholae
1257 505 1365 561 loqui
1385 509 1608 552 maluerunt.
1713 546 1716 552 .

125 553 240 603 silam
270 574 485 614 temporum
517 559 668 600 suorum
700 559 963 600 infelicitatem
998 559 1214 614 deploravit
1247 560 1424 616 Rogerus
1443 563 1625 606 Baconus
1646 569 1815 612 Minori.

75 630 136 669 ta,
168 618 318 659 Doaor
344 615 598 660 Oxonie'nsis‚
627 615 695 669 qui
724 615 968 655 Tractatibus
996 615 1143 670 aliquot
1172 615 1287 657 misfis
1315 616 1366 658 ad
1392 619 1638 662 Clementem
1669 625 1711 665 P.
1748 630 1814 669 ΑΟ.

74 687 90 713 1
105 677 195 722 267.
222 671 392 712 occlusos
410 669 517 711 fuisse
537 669 632 711 dicit
653 669 780 710 fontes
789 670 1033 724 Theologiae
1052 671 1104 711 ob
1124 672 1407 725 ignorationem
1423 674 1635 730 linguarum
1649 704 1660 725 ,
1674 679 1755 721 imo
1766 695 1817 722 ne

69 729 226 780 quidem
249 725 374 767 aditos
396 725 537 766 rivulos
570 740 591 765 a
622 726 756 776 novis,
779 739 878 780 quos
897 737 1064 771 vocant,
1085 726 1325 781 Theologis‚
1356 727 1416 769 his
1432 731 1534 770 enim
1557 745 1629 785 pro
1650 735 1815 790 vulgatis

72 783 204 823 Bibliis
233 781 340 822 fuiffe
360 781 496 821 librum
515 781 807 821 Sententiarum.
838 781 895 821 Ex
914 781 986 820 hac
1003 792 1129 821 autem
1150 783 1367 838 ignorantia
1388 799 1431 824 ac
1454 785 1630 840 neglec‘i'u
1647 788 1816 844 Scriptu-

69 852 197 878 rarum
228 836 412 886 evenisse,
442 846 485 876 ut
513 849 581 889 per
609 850 732 876 annos
747 837 827 889 jam
845 835 1099 890 quadraginta
1119 837 1223 878 haud
1237 838 1405 880 extiterit
1428 841 1586 894 quidem
1605 844 1709 896 apud
1729 846 1812 887 Oc-

76 893 286 933 cidentales
315 891 445 932 sanum
477 890 636 945 aliquod
663 892 876 931 Bibliorum
905 891 1109 944 exemplar.
1164 893 1292 946 Ipsum
1320 895 1425 935 enim
1443 892 1676 945 parisiense,
1705 902 1811 944 unde

64 948 145 1002 jam
178 946 298 987 sumta
318 946 460 1000 reliqua
474 977 485 997 ‚
513 960 587 1000 pro
607 946 744 999 majori
767 958 874 1000 parte
895 945 1126 987 horribiliter
1148 946 1254 988 fuisse
1277 962 1525 1004 corruptum,
1556 967 1730 1009 quaeque
1750 971 1815 998 ex-

67 1002 159 1044 inde
184 1002 459 1057 evulgaverunt
489 1002 711 1043 Stationarii
738 1001 982 1052 Parifienses‚
1012 1004 1150 1056 partim
1178 1018 1199 1043 a
1227 1004 1365 1045 Scribis
1387 1008 1528 1059 partim
1546 1023 1567 1048 a
1588 1010 1814 1058 Leitoribus

65 1058 165 1098 adeo
195 1057 326 1098 misere
356 1056 462 1098 fuisse
492 1057 651 1106 vitiata,
688 1068 732 1097 ut
748 1057 812 1098 vix
836 1056 1114 1098 relietumeffizt
1133 1058 1172 1097 in
1191 1058 1321 1100 Textu
1341 1060 1420 1101 sani
1442 1063 1666 1117 quidpiam,
1695 1082 1739 1108 ac
1749 1069 1811 1110 cui

66 1113 230 1154 fidenter
255 1112 368 1152 inniti
395 1112 534 1153 liceret.
565 1112 784 1166 Seduloque
807 1112 847 1152 id
871 1113 949 1166 agit
971 1113 1075 1167 apud
1097 1113 1340 1155 Clementem
1355 1142 1366 1161 ‚
1396 1129 1438 1157 ut
1459 1118 1632 1171 auspiciis
1642 1121 1724 1175 ejus
1743 1138 1813 1164 no·

67 1183 116 1209 va
137 1168 292 1209 demum
313 1181 434 1222 eaque
450 1168 500 1207 ad
520 1168 757 1221 optimorum
782 1167 980 1208 Codicum
1004 1168 1121 1208 fidem
1139 1169 1318 1223 castigata
1339 1171 1502 1224 prodeat
1522 1174 1719 1218 Biblorum
1729 1179 1812 1219 edi-

65 1224 144 1265 tio:
174 1224 312 1264 Extare
341 1223 480 1263 scilicet
507 1222 611 1277 apud
649 1224 809 1264 Latinos
840 1223 926 1263 suos
955 1224 1114 1277 probata
1144 1224 1254 1277 hujus
1274 1226 1456 1268 versionis
1474 1231 1706 1283 exemplaria
1728 1247 1811 1275 non

66 1293 207 1333 pauca,
238 1282 278 1318 ὃς
311 1278 469 1332 quidem
499 1279 538 1318 in
571 1277 672 1318 hisce
702 1279 866 1319 tenebris
895 1278 1079 1332 supereffi:
1103 1280 1206 1319 viros
1225 1279 1439 1334 linguarum
1463 1284 1658 1337 praesidiis
1677 1287 1812 1330 instru-

66 1334 169 1384 ἃοε,
200 1334 266 1388 qui
297 1333 518 1387 hujusmodi
552 1333 779 1374 Editionem
802 1333 991 1374 adornare
1012 1347 1214 1387 poterunt:
1243 1337 1448 1390 praecipue
1472 1353 1564 1380 vero
1588 1341 1790 1395 sapientiis
1796 1368 1814 1377 -

65 1403 170 1430 mum
200 1386 257 1428 τὸν
284 1387 369 1428 δεῖνα
403 1389 570 1441 (nomen
600 1389 702 1429 enim
734 1390 816 1443 ejus
849 1391 989 1443 premit
1010 1390 1211 1444 Rogerus,
1242 1391 1369 1432 donec
1391 1392 1440 1433 de
1459 1394 1587 1448 Papae
1608 1396 1680 1438 hac
1700 1398 1750 1440 de
1773 1414 1816 1441 re

65 1444 225 1484 conlilio
246 1445 384 1485 certior
404 1443 492 1497 fiat)
516 1445 639 1484 virum
659 1445 699 1484 in
722 1445 758 1485 S.
790 1446 905 1485 literis
927 1445 1037 1499 supra
1056 1459 1192 1486 omnes
1212 1447 1391 1487 mortales
1410 1449 1601 1491 eruditum
1615 1479 1626 1498 ,
1655 1454 1721 1507 qui
1742 1469 1814 1508 po-

66 1499 137 1540 suit
159 1499 276 1539 ferme
297 1513 420 1540 annos
438 1499 694 1554 quadraginta
712 1500 751 1540 in
774 1500 881 1540 litera
902 1500 1051 1541 Textus
1073 1501 1302 1556 corrigenda
1323 1505 1362 1542 ὃ(
1384 1506 1621 1559 exponendo
1642 1507 1749 1550 sensu
1770 1511 1815 1551 li·

67 1554 172 1595 terali
184 1575 198 1600 ς
230 1555 284 1595 uti
307 1554 410 1607 apud
430 1555 613 1596 Asillium
631 1556 744 1596 verba
771 1557 853 1609 ejus
873 1555 1098 1597 referuntur.

123 1610 258 1651 Seculo
282 1609 374 1653 XV.
406 1610 650 1651 Laurentius
673 1610 790 1651 Valla
811 1610 988 1652 Codices·
1002 1612 1165 1653 Latinos
1186 1612 1362 1668 vulgatos
1373 1627 1453 1656 non
1466 1627 1614 1658 tantum
1627 1633 1675 1660 ex
1687 1620 1812 1663 Grae-

67 1665 121 1705 cis
160 1665 182 1718 <
203 1678 244 1706 ut
265 1679 301 1705 n.
335 1666 399 1706 82.
428 1664 626 1717 vidimus)
656 1681 787 1707 verum
806 1667 922 1707 etiam
942 1679 988 1707 ex
1010 1667 1276 1708 vetustioribus
1296 1670 1443 1711 Latinis
1465 1674 1813 1730 corrigereaggres-

68 1720 127 1761 sus
145 1721 211 1760 est.
266 1720 312 1759 In
346 1721 489 1761 Matth.
517 1721 694 1762 XXVII.
728 1735 793 1761 22.
850 1752 877 1771 „
904 1721 1006 1761 Tres
1037 1722 1209 1762 Codices
1230 1749 1240 1766 ‚
1280 1724 1430 1778 inquit,
1469 1728 1630 1769 Latinos
1661 1723 1822 1783 habeos

69 1805 96 1825 ,‚
125 1789 212 1815 cum
246 1775 341 1815 haec
372 1789 593 1829 compono,
635 1778 674 1814 δε
701 1776 983 1829 nonnunquam
1012 1775 1106 1817 alios
1137 1776 1309 1818 Codices
1332 1779 1540 1823 'consulo’t
1595 1784 1646 1825 Et
1675 1785 1715 1825 in
1743 1786 1810 1841 Jo.

70 1829 225 1872 XVIII.
259 1831 322 1869 28.
378 1860 404 1880 „
436 1830 619 1871 Reddam
640 1829 808 1871 debitam
826 1830 979 1871 laudem
998 1831 1065 1881 iis,
1096 1832 1163 1885 qui
1186 1832 1358 1874 Codices
1379 1836 1632 1887 invenerunt;
1670 1841 1738 1882 etsi
1758 1843 1811 1884 ob

71 1917 97 1937 „
127 1884 329 1926 mirificum
358 1884 524 1925 studium
548 1886 749 1926 vliterarum
771 1885 1012 1940 antiquarum
1034 1887 1106 1925 viri
1124 1886 1267 1928 laudati
1291 1888 1397 1940 sunt,
1427 1891 1615 1945 Cyriacus
1636 1896 1813 1938 Anconi-

71 1968 97 1992 „
125 1954 234 1982 tanus
263 1941 433 1994 quinque
463 1940 683 1981 Mediolani
705 1945 744 1980 ὃ(
765 1940 846 1980 aliis
865 1941 1160 1991 circavurbibuffi
1193 1942 1583 2000 quibus'Augu'stinu's
1602 1949 1812 1994 diversatus

70 2027 97 2047 ‚,
125 1996 201 2042 est,
230 1995 329 2036 duos
349 1996 504 2036 Romae
518 1995 691 2049 Joannes
712 1995 855 2036 Tiburs
877 1995 1177 2048 praedicatori-ae
1195 1997 1437 2050 profeffionis
1456 2001 1506 2042 ad
1529 2003 1664 2044 aedem
1683 2006 1812 2063 Chry-

71 2078 99 2100 „
129 2050 266 2106 sogoni
294 2053 333 2090 ὃς
355 2051 587 2102 Servatoris,
617 2064 716 2106 quos
735 2065 811 2106 ego
828 2050 995 2105 inspexi,
1026 2050 1186 2092 mirifica
1207 2056 1247 2092 «Sc
1268 2055 1416 2096 vetusta
1438 2056 1544 2098 litera
1568 2059 1738 2113 invenit,
1769 2074 1813 2104 ut

72 2136 100 2158 „
128 2106 223 2147 alios
251 2106 465 2160 complures
485 2106 559 2147 effe
579 2106 779 2147 verisimile
795 2106 851 2148 fit.

130 2162 283 2215 Magno
312 2173 436 2202 autem
458 2161 525 2202 suo
545 2162 673 2202 labore
693 2175 872 2217 magnam
892 2161 959 2202 fibi
978 2162 1082 2216 apud
1101 2162 1333 2219 Theologos
1347 2169 1590 2221 *comparavit
1611 2170 1821 2224 invidiam,

73 2228 117 2259 ut
137 2217 333 2267 Erasmus,
364 2217 498 2260 Vallae
518 2218 804 2259 Annotationes
824 2219 944 2258 Anno
972 2231 987 2257 1
1002 2230 1093 2269 504.
1121 2219 1159 2258 in
1171 2220 1364 2261 ‘coenobio
1374 2221 1546 2264 Parcenfi
1558 2256 1568 2275 ,
1582 2234 1704 2280 prope
1719 2229 1815 2270 Bru-

75 2272 187 2313 xellas
201 2285 411 2326 ,repertas‚
441 2273 544 2328 typis
568 2273 748 2313 Badianis
765 2275 831 2314 ΑΟ.
866 2286 881 2312 1
896 2287 945 2323 50
955 2287 986 2322 ς.
1014 2273 1340 2330 Parisiisin'folio
1360 2277 1550 2330 editurus,
1580 2283 1727 2324 necesse
1748 2285 1816 2325 ha·

76 2328 202 2377 beret,
231 2327 466 2381 praefatione
494 2328 574 2368 illas
601 2329 750 2370 munire
773 2359 786 2379 ,
825 2332 866 2368 &
897 2328 946 2368 ad
969 2329 1356 2383 varias‘objeffiones
1375 2329 1629 2387 respondere:
1659 2339 1810 2388 „Num

76 2413 104 2434 ,‚
132 2383 246 2423 etiam
268 2414 279 2433 ‚
308 2384 433 2437 inquit
451 2410 463 2430 ‚
498 2383 660 2424 nostros'
677 2397 822 2424 errores
848 2383 896 2423 ad
928 2383 1110 2441 Spiritum
1130 2385 1326 2426 austorem
1344 2384 1573 2431 referemus?
1604 2393 1816 2436 Esto-bene

78 2469 104 2489 „
134 2437 315 2479 verterint
345 2439 596 2493 Interpretes,
626 2439 691 2479 sed
718 2441 815 2480 bene
831 2438 1244 2493 versapervertuntu'r3
1274 2441 1507 2485 Emendavit
1528 2446 1813 2504 Hieronymus:

78 2523 106 2544 „
134 2504 172 2534 at
203 2493 323 2534 rursus
350 2494 605 2548 depravantur
625 2495 837 2536 emendata.
894 2494 938 2535 N
942 2494 985 2534 isr
1006 2494 1105 2535 forte
1126 2507 1235 2536 nuuc>
1248 2508 1312 2537 aut
1332 2499 1460 2539 minor
1477 2500 1634 2543 audacia
1652 2503 1817 2546 semido-

80 2579 106 2598 ‚‚
136 2549 284 2590 &orum
301 2580 312 2599 ,
326 2561 388 2589 aut
411 2550 545 2603 peritia
567 2550 945 2605 linguarumwmajm,
958 2562 1021 2591 aut
1041 2547 1128 2591 non‘
1144 2550 1321 2592 facillima
1342 2549 1569 2608 depravatio
1591 2571 1750 2613 propter
1759 2573 1818 2601 ar-

80 2634 108 2654 „
135 2615 213 2644 tem
234 2603 613 2658 chalcographicam,
632 2618 743 2659 ‘quae
762 2605 921 2646 unicum'
938 2605 1122 2646 mendum
1142 2604 1304 2660 repente
1318 2608 1358 2648 in
1379 2610 1483 2652 mille
1494 2625 1681 2666 propagat
1691 2629 1817 2656 exem-

82 2688 108 2708 „
139 2659 266 2713 plaria.
323 2662 378 2700 At
401 2659 456 2700 fas
477 2674 557 2700 non
577 2661 654 2711 est,
684 2661 953 2715 inquiuntsin
968 2676 970 2680 ’
987 2662 1120 2717 Sacris
1141 2662 1344 2716 Scripturis
1369 2666 1579 2721 quicquam'
1595 2659 1818 2723 immutare,

82 2744 108 2764 „
136 2715 243 2768 quod
276 2714 352 2755 illic
380 2729 430 2755 ne
456 2716 595 2770 apiculi
616 2716 773 2770 quidem
796 2714 1153 2771 mysterio'vacant:
1182 2717 1264 2758 imo
1282 2730 1393 2761 tanto
1412 2722 1534 2778 magis
1548 2723 1656 2765 nefas
1674 2725 1729 2766 est
1750 2726 1818 2767 de-

81 2798 108 2818 „
137 2783 316 2822 pravare,
346 2781 532 2825 tantoque
558 2772 739 2812 attentius
767 2771 1037 2826 corrigendum
1057 2787 1078 2813 a
1100 2771 1246 2824 doffis,
1275 2774 1384 2828 quod
1413 2790 1481 2830 per
1501 2778 1687 2830 inscitiam
1706 2781 1761 2821 est
1779 2795 1819 2821 a-

82 2853 109 2873 „
136 2824 386 2876 dulteratum,
415 2840 459 2866 ea
486 2839 614 2867 tamen
646 2828 824 2868 cautione
851 2829 1200 2884 temperantiaque,
1229 2843 1331 2883 quae·
1356 2842 1475 2884 quum
1493 2834 1671 2876 omnibus
1691 2835 1819 2883 libris,

83 2907 109 2927 ,‚
139 2891 218 2920 tum
253 2880 363 2921 sacris
384 2882 558 2935 inprimis
577 2881 745 2923 debetur.
775 2882 929 2923 Verum'
942 2896 1024 2923 non
1044 2884 1166 2934 reste,
1193 2883 1322 2938 ajunt,
1349 2885 1421 2926 'fibi
1441 2887 1554 2929 sumit
1569 2889 1821 2942 Laurentius,

85 2958 112 2981 :a
140 2935 245 2982 quod
267 2937 532 2991 Hieronymus
553 2937 762 2978 mandante
784 2937 954 2978 Damaso
974 2938 1154 2992 suscepit:
1185 2949 1235 2980 n‘e
1258 2942 1498 2995 propositum
1516 2943 1674 2998 quidem
1687 2945 1818 2995 simile,

84 3017 112 3037 „
141 2988 402 3046 Hieronymus
424 3004 592 3033 veterem
611 2992 837 3034 Editionem
855 3005 958 3035 nova
977 2994 1518 3052 sustulit‚Laurentius,quod
1541 3002 1819 3050 annotavit‚in

86 3069 113 3091 ‚›
143 3044 312 3103 privatos
331 3046 646 3088 Commentarios
665 3047 811 3099 refert,
829 3061 955 3104 neque
975 3050 1162 3105 postulat,
1193 3062 1235 3091 ut
1255 3050 1347 3092 hinc
1367 3054 1572 3108 quicquam
1594 3055 1634 3094 in
1656 3068 1724 3096 tuo
1733 3057 1818 3095 Co-

87 3126 114 3146 „
143 3097 228 3138 dice
256 3099 436 3143 demutcs.
491 3104 728 3158 Qianquam
755 3104 1077 3158 ipsa'nostrorum·
1093 3106 1366 3159 exemplarium
1386 3109 1548 3149 varietas
1568 3109 1655 3149 satis
1674 3110 1820 3162 arguit,

86 3182 112 3201 ‚,
142 3166 186 3193 ea
208 3167 288 3194 non
309 3170 434 3198 carere
457 3158 618 3201 mendis.
672 3160 796 3201 Porro
816 3171 859 3202 ut
880 3171 1052 3204 veterum
1073 3161 1255 3203 librorum
1276 3161 1374 3204 fides
1393 3163 1443 3205 de
1453 3161 1641 3205 Hebraeis
1658 3164 1821 3204 volumi-

1707 3247 1735 3271 ,‚
1763 3218 1823 3259 ni-
