1976 3519
432 227 1460 279 .P'R0‘LOGOMENA.
1741 249 1822 289 105

102 341 108 347 -
143 321 327 363 Tandem
347 317 521 362 Erasmus
537 315 711 362 omnium
731 314 936 360 doeto'ruin
959 322 999 359 «Sc
1018 320 1222 373 praecipue
1241 323 1414 362 omnium
1434 322 1727 367 protestantium
1756 323 1818 378 ju*

86 376 196 417 dicio
215 378 306 417 vicit
328 376 474 418 causam
494 375 619 425 suam,
646 374 698 414 ita
719 373 945 414 utstudium
968 374 1066 423 hoc,
1096 374 1203 428 quod
1225 376 1264 414 in
1283 377 1509 430 colligendis
1535 390 1650 433 atque
1674 380 1816 420 exami-

88 432 224 472 nandis
255 433 366 473 variis
391 431 615 472 le&ionibus
639 428 698 469 N.
725 428 776 469 T.
805 429 949 469 Latinis
977 429 1035 469 vel
1065 430 1222 469 Graecis
1243 431 1420 484 ponimus
1439 462 1450 482 ,
1489 435 1660 475 certatim
1687 433 1814 476 dostis

86 486 444 535 commendaretur,
473 498 596 537 neque
618 483 840 538 quisquam,
872 485 938 537 qui
963 483 1233 524 existimationi
1265 484 1350 525 suae
1371 487 1584 528 consultum
1612 489 1811 543 cupiebat,

87 555 156 596 per
175 541 253 583 duo
274 541 366 582 inde
384 538 505 592 elapsa
524 538 643 579 secula
663 538 756 579 illud
774 551 903 591 aperte
920 551 1145 592 oppugnare
1164 539 1329 580 auderet.
1771 562 1774 566 -

141 598 206 637 ΑΟ.
239 609 356 648 1524..
385 593 581 634 Robertus
612 592 830 647 Stephanus
857 593 979 633 Bibiia
1007 593 1142 633 Latina
1171 608 1218 633 ex
1249 595 1437 636 veteribus
1467 597 1741 650 exemplaribus
1771 613 1811 640 e-

86 651 263 692 mendata
280 649 423 694 edidit,
452 661 568 702 quam
587 647 798 689 editionem
819 646 909 688 dein
936 647 1081 701 saepius
1102 650 1295 690 revocavit
1322 649 1387 690 sub
1410 652 1599 705 praelum:
1629 666 1810 708 annoque

89 719 208 755 1539.
237 706 338 746 auxit
367 703 595 746 variantibus
624 702 870 744 Lectionibus
887 729 900 748 ,
928 713 1015 743 cum
1047 703 1248 745 notatione
1277 704 1472 746 Codicum
1502 707 1615 747 MSS.
1646 710 1809 762 margini

85 760 202 801 adseri
232 761 288 801 tis.

138 774 356 867 A⁰.p1537.
386 811 628 865 Sebastianus
662 810 884 861 lisunslerus
914 810 1180 866 Evangelium
1208 814 1415 856 Matthaei
1446 815 1687 857 Hebraicum
1717 832 1738 858 a
1769 816 1808 860 se

82 869 216 910 alicubi
242 879 431 923 repertum
451 867 593 908 edidit:
621 867 715 908 illud
733 880 858 908 autem
878 881 925 907 ex
948 868 1164 908 incorresto
1186 869 1326 910 Latino
1346 871 1570 912 conversum
1590 873 1664 912 effe
1691 886 1736 913 ex
1754 888 1805 914 eo

81 935 258 977 apparet,
290 921 397 976 quod
427 924 577 977 quoties
607 922 743 963 eadem
771 935 848 962 vox
879 922 1027 962 Graeca
1047 922 1154 963 aliter
1172 924 1215 963 in.
1235 925 1376 965 Latino
1398 926 1588 973 redditur,
1616 929 1733 968 etiam
1764 930 1805 968 in

81 979 272 1019 Hebraico
291 977 435 1019 diversa
454 991 657 1019 occurrunt
676 977 859 1031 vocabula
877 991 885 1016 ε
915 989 1048 1017 contra
1068 978 1131 1018 ubi
1151 978 1318 1027 diversae
1340 995 1455 1021 voces
1477 983 1645 1023 Graecae
1664 983 1804 1024 eodem

82 1033 200 1074 modo
220 1034 260 1074 in
277 1033 417 1074 Latino
434 1044 652 1083 vertuntur,
681 1032 721 1072 in
739 1032 935 1072 Hebraico
954 1032 1088 1073 eadem
1110 1047 1186 1073 vox
1208 1035 1384 1084 recurrit·‚
1406 1048 1448 1076 ut
1469 1036 1612 1077 Matth.
1639 1036 1688 1078 11.
1709 1051 1755 1089 7,
1770 1040 1805 1079 8.

78 1087 284 1142 dilzgenter
314 1086 454 1128 didicit
473 1107 487 1132 5
527 1087 594 1127 111.
637 1101 672 1128 2.
703 1089 974 1140 paenitentiam
1005 1090 1121 1140 agite.
1161 1089 1255 1131 XV.
1295 1102 1359 1142 32.
1399 1089 1541 1131 triduo,
1571 1092 1704 1133 XVII.
1739 1106 1801 1145 14.

67 1143 188 1197 saepe
215 1142 262 1188 &⁶
292 1141 426 1183 crebro.
456 1140 609 1183 XVIII.
642 1154 704 1182 12.
734 1155 818 1180 eam
845 1155 940 1196 quae
967 1145 1136 1183 erravit.
1171 1156 1232 1193 24..
1262 1146 1330 1199 qui
1350 1143 1511 1185 debebat
1537 1149 1581 1186 ei.
1605 1147 1710 1187 XX.
1746 1161 1804 1199 13.

72 1197 183 1251 facio
214 1196 287 1238 tibi
317 1197 514 1251 injuriam.
544 1196 678 1238 XXII.
711 1200 774 1236 26.
803 1209 923 1250 usque
952 1196 1004 1236 ad
1024 1198 1245 1252 septimum.
1275 1198 1430 1239 XXIV.
1463 1213 1525 1250 24.
1555 1211 1601 1241 ut
1632 1205 1674 1242 in
1703 1216 1802 1242 erro-

78 1266 155 1293 rem
183 1252 438 1302 inducantur,
454 1250 498 1302 st
500 1250 595 1304 fieri
611 1249 744 1304 potest.
772 1251 948 1293 XXVII.
984 1265 1015 1295 ς.
1043 1251 1175 1306 laqueo
1192 1253 1458 1307 sesuspendit.
1487 1255 1581 1296 XX.
1616 1269 1649 1297 1.
1672 1260 1799 1310 primo

79 1320 210 1358 mane,
240 1307 289 1348 ad
317 1307 495 1357 verbum,
525 1307 705 1347 Latinum
727 1306 883 1360 sequens
903 1306 1116 1353 Codicem,
1146 1309 1347 1350 convertit.

130 1363 193 1403 ΑΟ.
229 1365 346 1414 1546.
375 1361 547 1415 Synodus
578 1361 810 1401 Tridentina
839 1361 1008 1403 decrevit
1029 1392 1040 1412 ,
1080 1375 1121 1402 ut
1152 1363 1311 1415 posthac
1339 1364 1451 1404 Sacra
1478 1365 1669 1417 Scriptura
1688 1398 1699 1416 ‚
1729 1382 1801 1421 po-

78 1417 255 1458 tissimum
283 1431 374 1460 vero
404 1417 496 1458 haec
528 1416 606 1471 ipsa
635 1416 758 1459 Vetus
789 1420 828 1456 ὃ(
858 1416 1025 1472 Vulgata
1050 1417 1170 1458 editio
1198 1432 1312 1472 quam
1342 1420 1640 1462 emendatisfime
1668 1423 1800 1477 impri-

77 1483 210 1514 matur.
639 1493 643 1496 ’

129 1529 194 1569 A⁰.
228 1539 346 1580 1547,
374 1525 553 1582 Joannes
583 1526 808 1568 Hentenius
835 1527 954 1582 jussu,
983 1528 1228 1569 instructione
1258 1543 1302 1569 ac
1327 1530 1474 1583 judicio
1502 1530 1798 1587 Theologorum

77 1580 368 1624 Lovanienfium
388 1583 438 1624 ad
452 1583 620 1623 Codices
639 1583 822 1637 Stephani
843 1583 1011 1637 aliosque
1032 1584 1114 1638 plus
1135 1585 1259 1625 minus
1279 1585 1415 1639 viginti
1434 1586 1546 1628 MSS.
1576 1587 1698 1628 Biblia
1717 1586 1799 1629 edi-

78 1635 136 1676 dit
156 1652 241 1678 cum
262 1638 461 1693 privilegio
482 1638 617 1679 Caroli
638 1639 688 1679 V.
707 1638 962 1692 Imperatoris.

129 1691 252 1733 Iidem
278 1692 475 1748 Theologi
503 1692 780 1743 Lovanienses,
810 1694 1012 1747 praecipue
1044 1708 1134 1734 vero
1167 1689 1405 1735 Francis-cus
1439 1696 1573 1737 Lucas
1595 1693 1800 1752 Brugensz‘s

76 1760 124 1787 ex
145 1747 346 1787 collatione
367 1747 524 1787 aliorum
552 1747 820 1800 exemplarium
849 1748 961 1788 MSS.
993 1749 1109 1788 multa
1128 1749 1361 1790 addiderunt
1384 1753 1449 1792 ΑΟ.
1478 1766 1491 1790 1
1505 1764 1593 1802 574.
1615 1756 1654 1792 δε
1678 1766 1694 1792 1
1708 1757 1800 1801 580.

81 1815 244 1854 quorum
265 1801 460 1842 confilium
480 1801 539 1855 his
560 1801 682 1841 verbis
701 1803 820 1855 aperit
839 1801 1028 1843 Praefatio
1046 1802 1093 1842 ad
1108 1803 1353 1844 Cardinalem
1367 1805 1560 1847 Sirletum:
1592 1807 1667 1848 Sed
1689 1820 1800 1850 erunt

77 1855 132 1897 sat
162 1856 260 1906 scio,
289 1856 354 1910 qui
386 1857 480 1897 haec
502 1857 626 1896 nostra
653 1856 829 1897 ridebunt
846 1888 857 1907 ‚
887 1869 1000 1910 atque
1018 1869 1059 1897 ut
1079 1857 1213 1897 frivola
1233 1859 1549 1911 aspernabuntur,
1578 1863 1605 1902 ii
1636 1877 1798 1917 nempe,

77 1911 145 1964 qui
165 1923 228 1952 aut
249 1911 475 1964 Scripturam
506 1911 624 1964 ipsam
645 1911 815 1961 Sacram,
848 1924 911 1951 aut
930 1912 1026 1951 illius
1048 1914 1247 1965 praecipue
1265 1914 1470 1966 Vulgatam
1491 1916 1627 1957 Latine
1649 1918 1800 1960 Editio-

77 1979 189 2012 nem,
217 1966 268 2006 ob
297 1966 382 2021 styli
412 1965 663 2006 humilitatem
692 1978 805 2020 atque
832 1966 1047 2019 incomptas
1074 1981 1116 2006 ac
1135 1968 1280 2007 nativas
1302 1968 1453 2021 phrases
1475 1973 1580 2023 parvi
1601 1973 1799 2025 pendunt,

76 2033 148 2060 nec
175 2035 285 2062 curae
313 2020 401 2074 ipfis
429 2021 534 2070 sunt,
563 2034 661 2075 quae
681 2033 884 2061 occurrunt
905 2020 1061 2061 subinde
1088 2021 1283 2062 Codicum
1304 2025 1554 2065 varietatulae.
1583 2030 1637 2067 At
1664 2041 1810 2071 eorum

76 2088 151 2129 ego
180 2075 274 2116 nihil
304 2076 488 2117 movebor
517 2074 729 2125 sententiis,
759 2076 825 2129 qui
855 2079 893 2115 ‹Sc
923 2075 1154 2129 Scripturam
1176 2077 1294 2128 ipsam
1323 2078 1496 2130 Sacram,
1528 2083 1567 2120 &
1592 2080 1805 2136 Vulgatam‘

77 2130 173 2170 illius
202 2131 375 2171 Latinam
401 2130 645 2180 Verfionem,
674 2129 965 2184 antiquissimam
986 2130 1088 2170 illam
1111 2135 1150 2170 &
1178 2132 1240 2172 SS.
1269 2132 1523 2175 Tridentinae
1555 2137 1703 2191 Synodi
1732 2138 1809 2180 de-‘

77 2184 278 2226 clai-atione
306 2199 396 2239 prae
422 2186 554 2226 ceteris
585 2185 763 2226 universis
790 2186 1069 2236 authenticam,
1100 2200 1148 2227 eo
1176 2186 1386 2241 prosequor
1414 2189 1583 2240 honore,
1614 2204 1655 2233 ut
1680 2192 1806 2248 longe

79 2237 212 2280 faciam
230 2240 365 2294 pluris,
394 2254 511 2280 unum
533 2240 595 2280 hic
613 2242 727 2280 etiam
749 2242 949 2281 minimum
968 2241 1052 2281 suae
1072 2242 1279 2297 integritati
1298 2244 1424 2284 locum
1444 2245 1659 2297 restituisse,
1681 2262 1799 2301 quam

78 2294 300 2345 Ciceronis,
330 2295 509 2344 Sallustii,
538 2294 716 2350 Virgilii,
746 2296 923 2345 Horatii,
953 2308 1016 2336 aut
1038 2297 1296 2351 cujuscunque
1317 2298 1466 2339 alterius
1492 2300 1604 2353 hujus
1629 2302 1798 2354 ordinis,

78 2350 361 2404 quinquaginta.
388 2351 438 2391 Et
458 2350 484 2390 fi
506 2351 572 2404 qui
592 2350 693 2390 laudi
712 2350 778 2390 sibi
794 2351 938 2391 ducunt
951 2382 962 2400 ,
980 2351 1118 2391 horum
1141 2351 1338 2393 Editiones
1359 2368 1380 2393 a
1402 2355 1554 2396 mendis
1569 2357 1798 2408 vindicasse,

78 2404 192 2458 longe
220 2419 294 2459 ego
324 2406 458 2459 majori
486 2405 648 2459 dignum
676 2405 786 2446 laude
813 2405 971 2455 censeo,
1002 2407 1067 2460 qui
1087 2407 1149 2446 hic
1168 2407 1208 2447 id
1231 2421 1371 2461 operae
1391 2409 1596 2452 collocarit.
1625 2411 1724 2453 Non
1745 2414 1799 2454 ita

78 2473 170 2499 vero
200 2459 240 2499 id
267 2474 404 2513 operae
436 2460 498 2500 hic
526 2460 719 2509 desidero,
748 2460 851 2513 quafi
874 2461 1065 2514 Scriptura
1087 2461 1186 2502 sacra
1205 2463 1391 2504 erroribus
1412 2464 1579 2506 obnoxia
1605 2466 1672 2513 fit,
1700 2480 1800 2522 quae

79 2514 238 2567 aprima
257 2514 428 2556 Veritate
447 2514 616 2569 profeEta
636 2516 803 2556 veritatis
822 2515 948 2570 regula
968 2516 1022 2556 est
1034 2546 1045 2565 ‚
1075 2516 1140 2557 sed
1162 2517 1269 2571 quod
1287 2519 1327 2557 in
1346 2518 1516 2560 Codices
1534 2520 1610 2561 five
1637 2536 1801 2579 apogra-

79 2568 177 2622 pha,
207 2569 354 2610 Graeca
383 2571 545 2610 maxime
577 2573 616 2609 δε
645 2570 780 2610 Latina
800 2601 812 2620 ,
841 2584 908 2624 per
939 2569 1175 2624 frequentem
1204 2573 1475 2627 exemplarium
1504 2576 1544 2615 in
1573 2578 1811 2630 exemplaria'

80 2623 365 2665 transfusionem
385 2655 397 2674 ,
425 2639 526 2665 nunc
555 2625 789 2666 librariorum
822 2639 924 2666 nunc
953 2625 1136 2667 leuorum
1165 2626 1363 2669 oscitantia
1380 2659 1391 2679 ,
1429 2630 1572 2670 incuria
1591 2665 1602 2682 ‚
1630 2631 1799 2683 inscitia,

80 2680 309 2729 temeritate,
337 2680 543 2730 labeculae‚
572 2692 714 2730 errata,
743 2680 1110 2734 depravationesque
1131 2681 1287 2723 subinde
1308 2683 1522 2737 irrepserint
1540 2718 1551 2735 ‚
1580 2700 1677 2741 quae
1707 2687 1800 2731 alio-

81 2746 163 2773 rum
192 2734 386 2775 Codicum
409 2734 484 2774 sive
502 2735 811 2790 apographorum
831 2735 1034 2775 collatione
1057 2737 1216 2783 mutari,
1246 2739 1407 2790 corrigi,
1437 2738 1596 2790 auferri,
1624 2741 1809 2784 debeant„

80 2785 128 2826 Id
153 2802 238 2828 cum
263 2789 303 2829 in
334 2789 416 2843 ipso
444 2789 656 2843 Scripturae
686 2788 794 2831 fonte
822 2790 1001 2831 acciderit
1031 2789 1286 2845 (perspicuum
1315 2793 1370 2833 est
1399 2794 1439 2833 in
1465 2795 1521 2835 N.
1549 2795 1801 2838 Testamento

85 2840 251 2883 Graeco:
279 2858 367 2885 nam
387 2844 437 2884 de
456 2845 574 2885 veteri
596 2844 777 2886 Hebraeo
797 2844 894 2886 nihil
913 2845 1038 2886 dicere
1067 2845 1264 2901 volumus)
1285 2847 1400 2903 longe
1431 2850 1551 2906 magis
1579 2851 1619 2891 in
1647 2852 1801 2892 transla-

84 2896 189 2936 tione
207 2898 379 2939 accidiffe
399 2900 534 2953 potuit.

138 2951 267 3003 Qare
286 2953 392 3006 quod
413 2954 523 2994 nobis
540 2955 734 3007 obJeEtant
754 2955 837 3006 alii,
866 2970 953 2998 cum
972 2968 1079 2998 vetus
1099 2956 1221 2998 editio
1244 2958 1380 2998 Latina
1400 2973 1421 2999 a
1436 2957 1673 3001 Tridentino
1692 2961 1804 3002 Con-

83 3003 173 3044 cilio
192 3007 366 3058 probata‚
394 3021 506 3062 atque
528 3010 745 3051 authentica
768 3012 1018 3064 pronunciata
1037 3012 1104 3059 fit,
1133 3013 1233 3053 nulla
1256 3013 1417 3066 amplius
1434 3028 1534 3068 opus
1556 3015 1630 3056 effe
1648 3017 1805 3072 castiga-

85 3059 211 3108 tione,
240 3060 435 3102 ridiculum
455 3065 604 3116 prorsus
620 3065 685 3105 est.
716 3063 860 3120 Neque
878 3067 982 3106 enim
1003 3066 1223 3108 Concilium
1245 3067 1426 3109 editionis
1445 3070 1557 3122 hujus
1576 3072 1804 3125 exemplaria

84 3126 291 3154 erratorum
318 3118 485 3169 expertia
513 3119 587 3176 effe
611 3119 819 3173 judicavit,
850 3135 975 3175 neque
994 3122 1109 3162 etiam
1127 3134 1271 3163 certum
1295 3123 1452 3177 aliquod
1472 3124 1652 3165 editionis
1678 3138 1805 3165 exem-

85 3168 165 3221 plar
194 3168 425 3223 sequendum
453 3174 629 3216 omnibus
655 3175 874 3230 proposuit:
902 3176 967 3218 sed
985 3175 1198 3272 glitionem
1217 3177 1338 3232 ipsam
1356 3179 1806 3232 caeteris,›quaecunque

1744 3244 1809 3274 ex-
