1976 3519
159 249 237 277 202
516 225 1510 273 PROLEGOMENA.

156 324 268 364 trium
292 321 459 362 idearum
473 351 483 369 ,
497 333 613 373 quem
626 350 637 369 ‚
651 332 738 358 cum
759 331 826 371 per
847 316 971 370 plures
989 315 1119 370 postea
1141 326 1263 353 annos
1275 312 1519 367 Theologiae
1538 312 1698 358 dedisset
1714 320 1892 372 operam,

155 378 224 432 ipsi
239 376 437 432 Tlieologi
460 379 496 414 &
519 375 688 414 Pastores
709 373 758 412 ad
780 374 904 412 literas
925 370 1232 411 &Ministerium
1254 368 1290 408 S.
1313 382 1393 408 non
1415 367 1489 408 esse
1507 381 1638 422 aptum
1661 375 1890 425 pronuncia-

156 444 253 473 runt.
286 432 344 471 Hi
366 443 492 471 tamen
514 429 645 469 idonei
662 429 727 468 vifi
753 427 835 467 sunt
847 426 1058 480 Theologo
1078 423 1379 465 extraordinario
1388 424 1450 473 ,in
1473 425 1609 476 quibus
1627 439 1714 467 meo
1738 429 1885 483 pericu-

154 488 194 527 lo
214 486 370 527 luderet.
400 487 445 526 In
466 485 627 525 secunda
646 483 882 523 accusatione
896 481 1078 535 produxit
1097 490 1229 519 notata
1249 478 1437 532 quaedam
1455 479 1615 520 aliorum
1635 494 1796 534 quatuor
1815 484 1889 525 stu-

153 542 370 591 diosorum,
383 542 421 581 in
444 542 601 595 quibus,
614 538 720 593 quod
742 537 851 577 anxie
863 536 1095 590 quaesiverat
1109 532 1341 588 ‚reperit‚&
1361 534 1400 573 in
1418 534 1582 575 leffione
1602 538 1641 574 ὃ(
1654 537 1693 575 in
1705 537 1888 591 interpre-

154 599 300 639 tatione
323 610 530 651 paucorum
551 596 725 635 locorum
746 606 807 632 me
827 606 848 631 a
872 602 1023 643 recepta
1041 590 1227 643 opinione
1257 587 1461 629 disceffisse.
1493 589 1572 630 Sed
1593 605 1642 631 ne
1661 590 1711 631 fic
1731 592 1887 646 quidem

153 651 303 693 efficere
325 652 472 706 potuit,
486 663 525 691 ut
539 648 725 690 accusatio
747 648 869 701 prima
893 646 1003 699 culpa
1022 656 1146 685 careat
1169 658 1176 684 :
1196 643 1262 697 qui
1281 644 1384 683 enim
1404 645 1530 698 primo
1549 645 1718 696 accusat,
1741 650 1780 686 δε
1802 648 1888 701 post

154 708 300 749 menses
319 708 474 748 demum
496 702 886 760 argumenta,quibus
909 699 1187 741 accusationem
1210 699 1346 752 probet
1366 710 1480 752 atque
1501 698 1652 746 fulciat,
1681 703 1885 756 conquirit,

153 763 282 804 saltem
304 778 391 802 cum
415 761 585 802 accusare
606 759 811 811 inciperet,
840 756 1090 796 calumniator
1112 754 1202 802 fuit,
1234 757 1273 792 &
1306 753 1557 808 suspicionem
1577 756 1731 809 praebet
1757 757 1888 812 sophi-

153 819 229 858 stae
242 850 252 868 ‚
283 818 390 872 cujus
410 827 630 871 argumenta
655 826 734 852 non
755 823 896 852 temere
918 810 1043 859 credi,
1064 809 1128 850 sed
1150 819 1320 848 accurate
1342 809 1549 850 examinari
1568 810 1720 852 debent.

210 875 349 914 Dicam
368 873 541 926 apertius.
574 868 723 909 Multae
745 866 829 907 sunt
850 867 1077 921 opiniones,
1098 864 1281 904 lectiones
1300 875 1414 917 atque
1433 865 1787 919 interpretationes,
1807 867 1889 908 vul·

152 943 205 984 go
224 929 520 983 Theologorum
543 928 580 963 &
602 922 741 976 majori
767 922 923 975 quidem
955 920 1223 961 Ministrorum
1253 920 1351 972 parti
1387 919 1569 972 probatae
1584 954 1595 970 ‚
1625 920 1690 961 sed
1711 922 1812 962 nulla
1832 935 1888 963 ta-

153 998 241 1023 men
260 984 343 1037 lege
364 977 402 1022 in
423 993 504 1021 tota
527 978 690 1019 Ecclesia
717 976 945 1017 Reformata
967 975 1150 1023 sancitae,
1181 987 1305 1027 neque
1326 973 1372 1013 ab
1392 974 1570 1016 omnibus
1591 975 1737 1030 semper
1757 991 1886 1032 recep-

150 1051 211 1079 tae
240 1052 249 1076 :
279 1038 372 1091 quin
403 1036 450 1076 ab
470 1035 528 1075 his
552 1034 660 1087 saepe
691 1032 874 1072 recedunt
900 1031 1031 1085 magni
1062 1030 1229 1070 nominis
1247 1028 1471 1083 Theologi,
1500 1033 1540 1069 ὃς
1561 1030 1746 1071 clarissimi
1773 1033 1888 1073 intet-

150 1104 295 1145 pretes‚
318 1105 513 1145 nunquam
535 1089 624 1129 ideo
646 1087 839 1133 damnati,
871 1089 908 1125 &
931 1085 1076 1139 semper
1093 1099 1172 1124 non
1196 1083 1316 1124 solum
1344 1083 1493 1124 tolerati
1530 1084 1594 1125 sed
1616 1086 1656 1126 in
1678 1087 1803 1140 pretio
1822 1088 1889 1128 ha-

149 1149 218 1188 biti
241 1151 279 1187 &
302 1147 453 1187 laudati.
493 1146 597 1185 Cum
618 1144 678 1184 his
699 1142 830 1197 passim
859 1153 995 1182 contra
1027 1141 1110 1181 illos
1131 1154 1192 1180 me
1213 1138 1337 1179 fecisse
1359 1141 1399 1177 ὃ(
1420 1138 1542 1180 facere
1561 1141 1727 1195 ingenue
1753 1141 1887 1184 fateor.

150 1203 240 1243 Nec
263 1204 397 1243 mirum
412 1234 423 1252 ,
452 1215 537 1241 cum
559 1214 639 1239 non
658 1213 704 1238 ex
728 1196 987 1251 systematibus
1008 1207 1071 1236 aut
1087 1194 1309 1249 Theologia
1330 1193 1572 1245 scholastica,
1594 1196 1660 1235 sed
1678 1210 1725 1236 ex
1746 1196 1890 1239 affidua'

149 1258 315 1298 leffione
335 1270 416 1298 tum
440 1257 652 1309 Scripturae
675 1253 818 1299 sacrae,
848 1263 929 1292 tum
941 1251 1096 1291 Parrum
1118 1250 1470 1299 Graecorum,tum
1489 1250 1886 1304 praestantiffimorum

149 1314 384 1353 Criticorum
407 1312 531 1366 sapere
553 1308 764 1349 didicissem
1694 1314 1697 1316 ·
1885 1304 1892 1308 ”

316 1367 472 1408 Nullius
494 1364 667 1406 addiffiius
689 1364 813 1417 jurare
834 1363 873 1402 in
907 1361 1022 1402 verba
1042 1360 1222 1415 magistri.

148 1423 258 1464 Licet
279 1434 404 1463 autem
429 1421 528 1462 nulla
558 1421 640 1474 lege
670 1419 831 1459 vetitum
852 1417 896 1457 sit
929 1416 988 1456 vel
1019 1430 1161 1456 novam
1183 1416 1338 1468 alicujus
1359 1415 1435 1456 loci
1465 1416 1820 1470 interpretationem
1845 1418 1886 1458 in

150 1479 319 1523 medium
343 1477 512 1532 proferre
526 1476 607 1526 ,vel
629 1487 819 1520 veterem,
842 1473 880 1512 in
894 1486 969 1525 qua
978 1471 1177 1525 Theologi
1198 1471 1354 1524 quidam
1375 1483 1640 1524 argumentum
1659 1472 1708 1512 ad
1728 1473 1888 1527 aliquod

149 1533 292 1587 dogma
312 1531 554 1587 probandum
576 1530 642 1570 fibi
661 1527 843 1569 invenisse
864 1526 929 1567 visi
954 1525 1057 1575 sunt,
1070 1525 1509 1579 rejicere3consideratis
1532 1539 1658 1568 tamen
1679 1529 1888 1569 accuratius

149 1589 265 1634 locis,
296 1603 392 1642 quae
414 1602 460 1628 cx
481 1586 621 1627 notatis
644 1583 913 1637 discipulorum
941 1594 1114 1621 meorum
1134 1592 1310 1634 excerpta
1329 1593 1458 1632 erant,
1489 1580 1728 1636 deprehendi
1748 1613 1760 1633 ,
1790 1583 1817 1623 si
1848 1599 1889 1624 u-

148 1645 277 1684 nicum
299 1644 486 1696 excipias,
506 1641 636 1681 omnia
657 1639 800 1692 reliqua
821 1651 868 1677 ex
887 1636 1080 1676 autoribus
1101 1635 1368 1690 probatiffimis
1389 1637 1508 1689 petita
1530 1636 1684 1685 effe3ex
1706 1637 1887 1692 Erafmo‚

148 1698 285 1743 Beza,
320 1698 460 1736 Gratia
473 1724 483 1742 ‚
514 1694 775 1747 Sandersbno,
806 1689 1074 1740 Hammona'o,
1107 1689 1284 1730 Blakhal
1293 1721 1304 1740 ,
1336 1689 1507 1740 Lockio,
1539 1691 1759 1745 Hoadlcyffl
1781 1691 1888 1733 Stre-

135 1754 230 1807 fhne
244 1784 253 1802 ,
269 1753 347 1792 Bos
359 1784 368 1802 ,
380 1751 564 1804 Infantia
578 1781 588 1799 ,
606 1749 803 1789 Battierio
827 1749 864 1785 &
879 1744 1063 1785 Gernlero
1075 1775 1086 1795 ‚
1101 1744 1180 1790 &a
1194 1772 1206 1791 ‚
1237 1744 1344 1799 quod
1365 1758 1428 1786 me
1448 1745 1792 1788 demonstraturum
1811 1747 1887 1790 effi:

149 1809 362 1861 cuicunque
385 1807 496 1847 vellet
517 1803 671 1860 promisi
685 1831 695 1849 ‚
708 1805 746 1842 ὃς
767 1803 906 1856 partim
925 1799 1091 1854 praestiti
1112 1800 1151 1840 in
1172 1800 1374 1854 colloquiis
1395 1801 1597 1841 multarum
1617 1801 1797 1843 horarum
1819 1818 1884 1844 co·

150 1877 230 1904 ram
253 1863 448 1918 Delegatis
469 1876 490 1901 e
512 1862 651 1900 Senatu
679 1872 766 1897 cum
787 1856 1002 1896 accusatore
1023 1869 1110 1896 meo
1141 1854 1178 1895 d.
1210 1868 1273 1906 24.
1295 1858 1334 1895 &
1358 1855 1420 1895 28.
1453 1853 1597 1910 Aprilis
1630 1870 1749 1911 1733.
1780 1859 1886 1899 habi..

151 1920 219 1968 tis,
241 1919 377 1972 partim
399 1916 641 1970 praestiturus
660 1926 761 1954 eram
776 1943 786 1960 ‚
818 1911 885 1951 nisi
906 1911 963 1950 vir
984 1910 1048 1949 Cl.
1068 1909 1199 1950 causae
1219 1910 1303 1950 suae
1323 1920 1494 1951 metuens
1516 1911 1781 1962 collationem,
1811 1913 1885 1955 sae-

153 1973 299 2028 pissime
320 1972 460 2012 iteratis
480 1968 709 2023 Amplissimi
732 1966 894 2007 Ordinis
915 1966 1090 2006 Decretis
1108 1964 1240 2005 frustra
1256 1964 1391 2018 jussam
1411 1999 1421 2014 ,
1451 1965 1733 2022 subterfugisset.
1780 1968 1886 2010 Scili-

151 2040 211 2069 cet
230 2029 310 2081 ejus
323 2041 455 2081 ,quem
480 2025 546 2065 {ibi
567 2021 834 2064 debellandum
855 2019 1002 2070 sumsit,
1015 2018 1253 2074 congressum
1265 2019 1422 2060 sollicite
1442 2021 1583 2068 vitare,
1596 2024 1633 2062 ὃς
1647 2023 1884 2078 triumphum

151 2097 307 2134 canere,
329 2082 575 2132 refutationes
598 2080 745 2133 ineptas
767 2080 805 2116 ὃ(
827 2077 962 2130 impias
989 2075 1347 2129 interpretationum
1378 2089 1399 2115 a
1421 2077 1574 2117 nemine
1594 2091 1764 2132 unquam
1794 2093 1883 2133 pro-

152 2140 308 2179 latarum
329 2137 423 2177 mihi
443 2135 670 2183 adscribere,
702 2145 816 2186 quam
839 2142 1005 2181 autores,
1023 2132 1158 2184 quibus
1180 2144 1242 2170 me
1262 2130 1367 2171 usum
1384 2130 1458 2172 effe
1479 2143 1659 2179 noverat,
1691 2136 1728 2173 δε
1748 2135 1886 2188 quibus

154 2196 192 2234 ὃς
214 2194 291 2246 ipse
311 2193 395 2232 usus
415 2191 534 2232 fuerat
547 2189 782 2241 ,consulere‚
812 2197 926 2241 atque
944 2200 987 2226 ex
1009 2186 1081 2226 illis
1101 2186 1259 2239 abrupta
1280 2185 1551 2239 discipulorum
1581 2201 1751 2229 meorum
1774 2202 1886 2230 nota·

153 2261 188 2289 ta
211 2249 398 2302 explicare
429 2247 569 2287 maluit.
626 2246 677 2286 Et
704 2242 812 2298 quod
833 2242 1008 2282 omnium
1030 2241 1228 2296 peslimum
1257 2241 1311 2281 est
1332 2268 1343 2286 ‚
1374 2254 1414 2282 ut
1440 2241 1478 2282 se
1497 2243 1706 2296 genuinum
1727 2244 1884 2286 Calvini

153 2303 376 2357 discipulum
396 2302 469 2342 effe
492 2300 699 2349 simularet,
730 2299 769 2338 δὲ
788 2313 809 2337 a
827 2297 863 2337 se
882 2296 964 2350 ipso
987 2300 1026 2335 &
1051 2296 1098 2337 ab
1119 2296 1228 2336 omni
1246 2295 1512 2337 moderatione
1533 2311 1648 2351 quam
1668 2298 1882 2353 longissime

151 2359 365 2408 recederet,
396 2368 464 2397 eos
493 2357 558 2411 qui
581 2355 723 2396 nullum
740 2352 942 2393 dissensum
966 2350 1062 2392 ferre
1081 2363 1281 2406 poterant,
1312 2356 1351 2392 &
1372 2351 1633 2393 distentientes
1661 2353 1708 2394 Β.
1738 2354 1883 2395 Bekke-

153 2427 260 2464 rum,
290 2413 338 2454 G.
357 2412 616 2466 Whistonum,
653 2410 692 2462 J.
715 2409 857 2449 ‘Peirce
877 2411 913 2446 &
940 2406 1013 2448 Th.
1034 2406 1246 2460 Emlynum
1264 2406 1435 2461 indignis
1455 2406 1602 2457 modis,
1625 2407 1651 2448 fi
1670 2423 1757 2449 vera
1777 2408 1882 2457 sunt,

155 2484 253 2524 quae
272 2480 397 2509 narrat
417 2483 453 2522 p.
479 2482 496 2507 2
510 2481 593 2518 52.‚
614 2475 842 2506 vexaverant
860 2461 1130 2513 ‚laudavit-‚ex
1151 2461 1321 2516 Epistola
1341 2463 1392 2502 G.
1413 2463 1552 2503 Wakii
1570 2463 1882 2519 Archiepiscopi,

154 2530 197 2566 ut
208 2525 387 2564 Senatum
408 2522 627 2568 incenderet
639 2520 814 2575 ,protulit
834 2518 928 2558 haec
940 2518 1053 2558 verba
1067 2517 1163 2559 Aa.
1174 2531 1211 2571 p.
1228 2518 1321 2569 278.
1340 2532 1349 2557 :
1370 2529 1538 2568 „contra
1552 2519 1716 2559 Arianos
1727 2522 1766 2559 δε
1778 2520 1884 2561 Soci.

154 2614 178 2630 ‚‚
210 2580 345 2619 nianos
355 2578 488 2632 eadem
501 2577 668 2632 provisio
681 2591 688 2615 ς
701 2577 821 2614 etiam
833 2573 979 2628 legibus
990 2572 1128 2626 nestris
1140 2572 1435 2626 municipalibus
1448 2581 1582 2612 contra
1598 2587 1742 2614 omnem
1753 2574 1884 2629 huj'ufi

155 2665 180 2685 ,‚
213 2634 313 2674 modi
327 2633 602 2690 blastjhemiam
622 2628 866 2682 sbveriſjimis
869 2630 1004 2683 poenis
1024 2631 1288 2676 cavetur”-‚&
1310 2628 1384 2668 alio
1397 2629 1544 2668 Libello
1556 2629 1797 2684 Magistratui
1818 2644 1883 2671 ex-

156 2689 281 2729 hibito
300 2703 380 2729 non
402 2690 542 2729 veritus
562 2688 614 2728 est
635 2686 790 2727 scribere
801 2699 837 2739 p.
860 2696 975 2735 447.:
1006 2714 1030 2732 ‚,
1051 2683 1177 2736 Qiod
1194 2697 1287 2724 vero
1309 2683 1358 2723 ad
1376 2697 1564 2736 poenam,
1585 2698 1700 2737 quam
1723 2685 1881 2737 meruit,

156 2775 182 2796 „
212 2746 370 2794 attinet,
383 2747 476 2793 &c.,
497 2743 744 2796 relinquimus
760 2740 898 2782 Pietati
912 2737 1139 2791 Ampliffimi
1158 2737 1380 2782 ordinis,ea
1393 2737 1458 2791 spe
1479 2736 1565 2778 freti
1583 2752 1669 2778 eum
1682 2752 1746 2789 ,ut
1755 2740 1824 2780 Ma
1855 2741 1885 2781 i.

156 2827 182 2850 ,‚
205 2800 365 2841 'stratum
387 2799 654 2838 'Christianum
675 2797 786 2836 decet
803 2827 814 2845 ,
844 2793 969 2834 studio
990 2796 1029 2833 &
1050 2806 1180 2833 amore
1201 2792 1347 2832 Christi
1374 2791 1528 2846 ejusque
1556 2792 1755 2835 doctrinae
1783 2754 1853 2836 at}

156 2886 181 2906 „
212 2869 295 2895 rum
307 2857 338 2894 '’.
387 2854 523 2909 Longe
541 2854 677 2893 restius
699 2851 883 2891 sentiente
906 2849 944 2902 J
972 2850 1020 2889 A.
1038 2847 1266 2888 Turrettino
1293 2848 1333 2886 in
1358 2846 1502 2888 Histor.
1527 2848 1666 2889 Eccles.
1713 2880 1739 2900 ,‚
1768 2850 1883 2904 Quae

155 2936 183 2957 ‚,
214 2909 370 2964 quidem
388 2908 643 2954 ‘Haereticidii
672 2906 876 2960 specimina
907 2903 1009 2944 haud
1043 2903 1114 2943 alia
1142 2902 1274 2942 melius
1304 2902 1452 2943 ratione
1478 2903 1643 2943 excusari
1671 2904 1849 2947 videntur
1867 2936 1880 2956 ,

156 2996 182 3017 „
214 2980 329 3019 quam
351 2965 377 3005 s1
396 2964 543 3005 dicatur
562 2977 648 3003 cum
667 2962 756 3002 viris
776 2959 1071 3015 graviffimis,&
1091 2956 1361 2998 Orthodoxiae
1387 2956 1665 3010 addietiffimis,
1696 2959 1882 3017 reliquias

154 3047 180 3072 „
210 3021 395 3074 Papatus
412 3018 562 3060 fuiss'0”.

214 3076 361 3131 Augiae
382 3075 565 3115 stabulum
587 3073 695 3112 citius
714 3074 751 3110 ὃ(
771 3069 912 3109 minori
932 3068 1102 3109 molestia
1125 3081 1325 3121 purgarem
1344 3098 1356 3118 ,
1386 3081 1500 3121 quam
1533 3069 1805 3125 vitilitigatoris
1823 3071 1880 3110 in-

156 3130 283 3172 finitas
300 3135 338 3170 &
360 3131 502 3172 centies
521 3129 698 3182 repetitas
726 3124 964 3178 objeffiones
985 3155 996 3174 ,
1025 3123 1086 3163 vel
1108 3123 1336 3176 suspiciones
1356 3124 1483 3176 potius
1505 3126 1545 3163 &
1570 3124 1882 3175 declamationes,

145 3187 353 3228 'affectibus
370 3181 744 3228 uniet-‚concitandis
763 3183 803 3220 &
821 3179 985 3220 tenebris
1010 3177 1262 3220 effundendis
1280 3191 1412 3231 aptas,
1443 3178 1637 3221 diluerem.
1674 3180 1773 3221 Non
1797 3179 1882 3234 pos:

150 3263 155 3266 .
176 3255 205 3267 ,c
251 3263 254 3265 Α
1803 3235 1883 3275 sum
