1976 3519
497 234 1490 285 PROLEG·OMENA.
1765 255 1845 296 115

112 334 177 377 ubi
205 333 396 385 Interpres
421 330 579 371 Latinus
608 329 757 368 Graeca
786 336 850 368 aut
880 335 1011 378 parum
1032 337 1202 367 accurate
1221 337 1285 367 aut
1309 341 1506 382 perperam
1536 327 1672 374 vertit,
1701 326 1842 370 eodem

111 388 234 431 modo
253 388 366 429 vertit
383 386 499 426 etiam
522 383 689 425 Gothus.
711 381 855 423 Matth.
876 379 946 422 VI.
972 394 987 421 1
1001 392 1033 422 1.
1056 392 1197 435 panem
1218 382 1498 436 quotidianum.
1522 386 1582 424 16.
1612 381 1752 433 tristes.
1778 396 1844 435 27.

111 444 168 484 ad
180 443 381 493 staturam.
409 440 480 480 IX.
507 439 576 491 38.
604 439 758 478 mittat.
787 436 909 477 Marc.
934 436 965 476 1.
983 436 1060 488 38.
1088 438 1200 475 vicos
1220 434 1268 481 ὅγ’
1285 438 1482 476 civitates
1512 435 1599 477 VII.
1638 452 1676 491 3.
1703 436 1842 480 crebre.

111 491 225 540 XIV.
257 499 291 538 8.
319 495 565 550 sepulturam.
585 492 677 533 Luc.
705 492 733 531 I.
765 504 800 544 3.
831 505 855 530 a
875 492 1080 545 princzpio.
1109 492 1223 543 Quae
1239 491 1371 531 omnia
1393 492 1507 532 toties
1525 505 1735 546 congruere
1755 494 1841 536 casu

111 553 272 595 fortuito
302 545 382 592 non
411 547 575 603 potuisse
602 546 787 588 videntur.
815 545 939 599 Quod
967 559 1060 585 vero
1079 547 1325 600 praecipuum
1345 546 1424 596 est,
1454 544 1593 588 Variae
1612 547 1841 600 Leaiones,

111 610 153 649 in
182 608 317 662 quibus
347 604 503 645 Gothus
520 601 688 642 a·Textu
710 602 862 641 Graeco
892 611 1048 654 recepto
1075 601 1174 651 abit,
1205 601 1405 655 pleraeque
1431 614 1567 642 omnes
1587 615 1675 642 cum
1695 603 1843 646 Latinis

111 662 384 706 consentiunt3
413 657 517 699 unde
548 656 731 710 consequi
762 656 958 706 existimo,
989 655 1069 695 illas
1099 670 1146 696 ex
1174 656 1360 697 Versione
1389 656 1527 696 Latina
1557 657 1597 696 in
1629 657 1842 700 Gothicam

58 715 61 717 ’
111 717 305 760 translatas
324 713 440 754 fuisse.
470 711 612 753 Matth.
643 711 752 751 VIII.
786 712 848 750 18.
878 719 992 751 trans
1011 710 1168 764 fretum
1196 712 1391 765 praecepit
1417 710 1620 764 discipulis
1637 712 1739 765 sicis.
1768 712 1843 755 IX.

115 774 150 813 8.
178 769 365 812 timebant
391 769 588 808 mirantes.
626 766 679 807 X.
711 779 776 816 29.
803 764 890 817 fine
920 763 1129 806 voluntate
1156 768 1289 819 patris
1319 764 1452 818 vestri.
1484 766 1556 807 XI.
1599 780 1636 807 2.
1674 768 1842 808 mittens

110 824 316 880 distipulos
333 823 438 876 fitos.
468 822 594 862 Marci
623 822 652 861 Ι.
679 834 713 873 7.
741 820 871 874 Esaja
893 819 1092 875 propheta.
1127 833 1188 860 10.
1220 820 1333 861 vidit
1354 820 1465 860 coelos
1484 829 1649 874 apertos.
1677 822 1749 864 ΙΙΙ.
1774 837 1838 864 21.

111 879 161 927 όν
180 877 486 930 cumaudiiffi’nt
506 876 552 915 de
570 889 610 915 eo
631 874 786 916 scribae
804 874 852 921 ὠ·
874 875 957 915 alii.
987 875 1078 916 XV.
1113 877 1148 915 8.
1178 890 1264 915 cum
1283 875 1548 930 adscendififfet.
1571 877 1663 917 Luc.
1692 876 1741 917 II.
1778 891 1839 929 ¹4·

109 936 227 977 bonae
247 933 482 975 voluntatis.
502 932 575 972 IX.
603 943 671 985 43.
701 930 810 971 addit
831 944 919 971 cum
929 929 1142 971 Codicibus
1154 931 1299 972 Latinis
1320 931 1413 971 teste
1425 930 1675 972 Correstorio
1697 933 1841 974 Biblio-

111 1005 212 1033 rum:
243 989 353 1030 Dixit
382 987 537 1037 Petrus:
564 985 743 1026 Domine
769 1015 782 1036 ,
809 998 928 1040 quare
954 997 1028 1025 'nos
1056 998 1130 1024 non
1152 988 1349 1039 potuimus
1379 986 1517 1041 ejicere
1546 986 1650 1027 illud
1666 985 1690 1027 ?
1716 987 1843 1041 Jefias

110 1054 238 1087 autem
268 1044 400 1093 dixit,
431 1042 521 1082 Hoc
539 1054 665 1095 genus
686 1053 759 1080 non
786 1039 979 1094 egreditur
1000 1039 1075 1093 nffi
1090 1041 1328 1081 orationibus
1351 1041 1399 1086 &¹
1421 1040 1579 1096 jejunio.
1609 1042 1742 1086 XVII.
1777 1057 1792 1084 1
1806 1057 1839 1095 5.

90 1099 329 1142 mundatus.
359 1098 417 1150 Ῑο.
446 1097 499 1138 Χ.
534 1110 595 1146 14.
623 1095 851 1150 cognostunt
872 1108 928 1134 me
948 1108 1061 1136 meae.
1089 1096 1180 1136 XII.
1211 1110 1277 1146 32.
1307 1097 1445 1136 omnia.
1474 1100 1547 1137 Sec.

163 1155 244 1197 Hic
264 1146 460 1194 Versionis
482 1151 638 1192 Latinae
657 1163 772 1204 atque
792 1150 987 1191 Gothicae
1005 1151 1044 1190 in
1067 1151 1237 1204 plurimis
1259 1151 1503 1193 Leffionibus
1525 1153 1726 1195 consensus
1751 1169 1839 1195 cum

111 1211 224 1252 nimis
244 1209 289 1250 fit
306 1206 543 1256 manifestus,
572 1219 686 1260 quam
708 1217 749 1246 ut
772 1207 902 1260 negari
925 1204 1061 1260 possit,
1091 1207 1293 1246 noluerunt
1314 1218 1440 1247 tamen
1465 1207 1535 1247 viri
1566 1207 1674 1250 doffi
1702 1210 1840 1251 admit-

111 1277 209 1316 tere,
239 1262 346 1318 quod
374 1276 463 1303 meo
488 1261 636 1316 judicio
664 1260 800 1315 sponte
830 1260 922 1301 inde
959 1260 1224 1314 consequitur,
1254 1261 1433 1302 nimirum
1453 1260 1679 1304 Versionem
1699 1265 1841 1305 Gothi-

108 1334 192 1361 cam
221 1319 271 1360 ad
303 1319 481 1359 Latinam
510 1316 617 1357 fuisse
646 1315 889 1356 reformatam
919 1315 995 1356 five
1016 1315 1268 1362 deformatam
1289 1316 1428 1370 potius.
1456 1317 1585 1359 Verba
1608 1317 1680 1358 Th.
1704 1320 1840 1360 illare-

97 1373 249 1430 schalli
275 1373 525 1428 produximus
551 1386 588 1426 p.
618 1377 681 1412 26.
711 1371 788 1412 His
815 1370 1007 1426 subjungit
1031 1372 1080 1411 R.
1108 1372 1302 1414 Simonias
1335 1371 1436 1412 Hist.
1457 1370 1564 1414 Vers
1591 1387 1625 1416 c.
1657 1374 1771 1415 XIX.
1802 1389 1838 1429 p.

113 1444 205 1472 222.
234 1460 260 1480 ,‚
282 1430 385 1470 Sicut
407 1427 608 1468 ridiculum
635 1425 735 1467 foret
762 1425 934 1467 accusare
971 1437 1117 1467 veteres
1149 1426 1308 1467 Gothos
1339 1430 1379 1466 &
1411 1427 1566 1481 Coptos
1595 1440 1761 1470 mutatae
1789 1430 1840 1471 ad

110 1512 137 1537 ,‚
166 1485 356 1539 vulgatam
383 1483 550 1524 nostram
567 1481 765 1523 Verfionis
786 1480 841 1522 N.
863 1481 915 1520 T.
937 1502 949 1529 3
979 1481 1087 1520 nihili
1114 1480 1286 1534 facienda
1315 1481 1370 1522 est
1401 1482 1570 1536 objeffio
1596 1484 1840 1538 quorundam

110 1574 134 1591 ,‚
163 1540 280 1580 nostri
310 1538 421 1580 seculi
449 1538 684 1579 Criticorum
714 1535 1053 1586 contendentium,
1083 1536 1253 1577 Codices
1281 1537 1453 1578 Graecos
1484 1539 1597 1580 MSS.
1620 1565 1631 1586 ‚
1659 1540 1726 1594 qui
1752 1555 1839 1581 cum

110 1625 138 1646 „
166 1595 286 1636 veteri
297 1595 448 1649 vulgata
468 1593 639 1634 versione
658 1591 920 1642 consentiunt,
934 1590 983 1632 ad
1006 1591 1104 1631 hanc
1123 1592 1240 1646 ipsam
1255 1592 1481 1634 Verfionem
1502 1605 1668 1635 mutatos
1688 1594 1794 1636 fuisse
1806 1599 1836 1636 ''.

109 1651 288 1703 Denique
311 1649 348 1704 J.
370 1647 531 1688 Millzus
565 1647 660 1702 prol.
679 1659 819 1697 ¹14oo.
876 1647 967 1697 „Et
1000 1647 1109 1696 licet,
1151 1647 1298 1701 inquit,
1328 1647 1465 1688 Verlio
1496 1649 1666 1690 Gothica
1698 1650 1737 1690 in
1759 1651 1841 1704 plu-

110 1735 138 1756 „
159 1705 270 1747 *simis
289 1703 497 1744 consentiat
516 1717 604 1743 cum
625 1701 778 1742 Codice
796 1700 1101 1755 Cantabrigiensi
1114 1732 1125 1751 ,
1155 1703 1258 1742 unde
1287 1702 1446 1756 l'uspicio
1465 1715 1567 1754 erat,
1597 1719 1640 1744 ex
1671 1705 1841 1760 interpo-

112 1769 150 1811 „'
167 1759 250 1800 latis
277 1759 321 1799 iis
352 1757 480 1806 fuisse,
510 1771 607 1811 quae
638 1757 678 1796 in
699 1755 916 1796 Occidente
945 1755 1130 1812 descripta
1160 1756 1328 1810 fuerant,
1357 1771 1402 1798 ex
1435 1759 1614 1810 penitiori
1636 1770 1764 1800 tamen
1785 1761 1842 1800 in-

111 1845 138 1866 „
168 1814 360 1868 speffione
380 1812 550 1866 patebat,
580 1810 717 1851 diversi
735 1810 898 1851 omnino
915 1811 1062 1865 generis
1084 1809 1190 1851 fuiss‘e
1211 1812 1286 1851 hoc
1305 1812 1518 1865 exemplar,
1541 1817 1579 1853 ὅ(
1600 1814 1757 1867 quidem
1772 1829 1841 1856 no-

111 1899 138 1921 „
166 1881 226 1910 tae
241 1869 451 1922 optimae”.
483 1869 538 1907 At
558 1867 625 1906 ista
645 1866 759 1906 trium
779 1865 962 1908 Virorum
981 1899 992 1916 ‚
1021 1865 1198 1907 Verfioni
1228 1867 1380 1906 Italicae
1412 1868 1572 1909 nimium
1606 1869 1839 1920 faventium,

111 1923 345 1965 confidentia
362 1935 442 1963 non
461 1934 641 1969 moveor3
660 1921 754 1974 quin
773 1920 972 1960 contendo
990 1921 1140 1973 potius,
1164 1921 1272 1974 quod
1295 1921 1347 1960 illi
1365 1921 1563 1962 ridiculum
1582 1926 1620 1961 ὃ(
1641 1923 1842 1966 absurdum

110 1989 271 2024 vocant,
300 1978 396 2018 mihi
413 1989 544 2018 verum
565 1986 808 2029 certumque,
832 1978 896 2023 &‚
926 1974 994 2014 nisi
1027 1975 1156 2024 fallor,
1188 1975 1319 2029 paffim
1338 1977 1378 2016 in
1400 1976 1459 2017 his
1480 1977 1767 2032 Prolegomenis
1788 1979 1843 2020 sa-

109 2034 159 2075 tis
188 2033 388 2088 probatum
417 2032 659 2084 mitiumque
688 2030 832 2080 videri,
861 2029 1035 2070 Codices
1058 2030 1236 2070 nimirum
1269 2030 1532 2072 vetustiffimos
1561 2033 1733 2075 Graecos
1751 2048 1840 2077 cum

112 2088 358 2130 Versionibus
376 2087 466 2127 hinc
487 2086 578 2126 inde
597 2085 648 2126 ad
667 2085 895 2139 exemplaria
914 2085 1050 2124 Latina
1072 2096 1238 2127 mutatos
1258 2085 1374 2128 fuisse.

165 2143 302 2184 Unum
321 2142 509 2196 adjiciam.
522 2141 626 2182 Cum
638 2142 802 2195 primum
815 2139 1041 2182 Venfionem
1054 2141 1278 2192 Gothicam,
1290 2156 1405 2196 quam
1426 2157 1505 2183 non
1529 2158 1614 2184 cum
1635 2148 1842 2201 exemplari

90 2205 99 2213 ‘
112 2199 252 2240 Latino
271 2198 335 2239 sed
354 2211 440 2240 cum
453 2197 606 2238 Graeco
625 2196 881 2246 contuleram,
892 2196 1146 2237 examinarem
1158 2231 1167 2246 ,
1182 2199 1383 2251 praecipue
1400 2197 1488 2239 ante
1505 2200 1638 2240 oculos
1648 2201 1842 2242 versaban-

112 2254 381 2296 turVariantes
399 2253 480 2306 ejus
491 2252 713 2302 Leffiones,
734 2251 841 2306 quod
865 2252 904 2291 in
926 2252 1097 2308 examine
1111 2252 1306 2293 Codicum
1326 2253 1547 2308 plerumque
1568 2254 1757 2301 fit‚&vix
1778 2257 1843 2298 ali-

112 2321 168 2350 ter
190 2308 270 2349 fieri
289 2309 435 2362 potest3
464 2322 550 2348 cum
571 2308 686 2361 igitur
708 2308 906 2362 plerasque
924 2320 1058 2348 omnes
1079 2320 1166 2348 cum
1186 2308 1322 2348 Latina
1350 2308 1523 2350 vers10ne
1544 2310 1756 2352 consentire
1776 2312 1842 2353 de-

111 2364 409 2418 prehenderem,
439 2363 549 2404 statui
569 2362 793 2404 Verfionem
814 2362 990 2402 Latinam
1011 2361 1084 2403 esse
1108 2363 1242 2403 harum
1263 2363 1518 2404 Gothicarum
1535 2365 1743 2407 leetionum
1764 2369 1839 2408 ori-

112 2420 242 2473 ginem
267 2431 380 2474 atque
411 2417 558 2459 fontem
572 2444 583 2463 ,
613 2417 787 2471 adeoque
807 2417 909 2457 illam
930 2431 1010 2458 non
1030 2418 1249 2459 immediate
1264 2446 1274 2463 ,
1304 2422 1414 2459 unice
1432 2422 1472 2458 &
1492 2418 1598 2458 κατὰ.
1619 2420 1721 2460 πόδα
1739 2423 1844 2464 Tex-

113 2486 193 2514 tum
226 2474 415 2516 Graecum
443 2473 557 2526 sequi.
587 2473 679 2514 Hoc
709 2476 748 2512 &
776 2486 911 2513 omnes
939 2484 1027 2514 ante
1056 2487 1118 2513 me
1148 2485 1401 2527 negaverant,
1432 2477 1471 2514 &
1503 2474 1582 2527 ipse
1614 2474 1842 2530 Bengelius,

112 2530 226 2570 etiam
253 2529 358 2570 leeris
386 2528 665 2582 objeffionibus
684 2528 800 2577 meis,
828 2529 982 2582 negavit
1003 2554 1014 2573 ,
1045 2541 1086 2568 ut
1117 2542 1164 2568 ex
1188 2529 1311 2570 verbis
1341 2531 1557 2582 Apparatus
1585 2529 1693 2583 supra
1725 2532 1843 2573 allatis

113 2584 295 2624 vidimus:
316 2584 445 2638 postea
468 2597 581 2632 ver0‚
611 2583 706 2623 statu
726 2583 955 2636 quaestionis
974 2583 1198 2632 immutato,
1229 2584 1267 2623 in
1291 2583 1525 2637 ‘Defenfione
1550 2585 1662 2626 Novi
1691 2586 1745 2626 sui
1764 2587 1843 2628 Te-

114 2639 287 2680 stamenti
315 2637 475 2693 operose
506 2638 665 2692 probare
685 2638 865 2687 instituit,
894 2638 1144 2691 Interpretem
1168 2638 1382 2679 Gothicum
1402 2637 1618 2692 frequenter
1639 2640 1743 2695 sequi
1762 2642 1845 2683 Co-

115 2693 217 2734 dices
238 2695 424 2743 Graecos‚
446 2694 560 2734 etiam
579 2704 712 2733 contra
732 2693 956 2733 Latinorum
982 2693 1216 2733 Lettionem.
1246 2707 1282 2746 p.
1317 2707 1379 2735 27.
1409 2724 1434 2743 ,‚
1454 2695 1666 2748 Interpres,
1696 2698 1844 2751 inquit,

115 2779 141 2799 ,‚
171 2749 326 2790 Gothus
356 2750 503 2791 Graeca
534 2748 736 2803 praecipue
768 2747 912 2788 secutus
929 2747 1003 2788 est:
1034 2747 1097 2788 sed
1118 2748 1326 2788 cumidem
1350 2749 1486 2789 Latine
1504 2748 1635 2800 sciret,
1666 2752 1842 2791 Latinam

116 2834 142 2854 „
169 2804 454 2845 translationem
482 2805 522 2843 in
550 2804 643 2844 locis
676 2801 802 2850 arduis
829 2802 1026 2843 consuluit.
1084 2803 1198 2853 Quae
1230 2804 1401 2844 Graecae
1432 2804 1667 2858 Latinaeque
1695 2806 1846 2861 linguae

117 2888 142 2908 „
168 2859 488 2912 conjunc'tio&in
501 2858 746 2899 translatione
767 2860 806 2896 ὃ(
826 2858 865 2899 in
886 2857 1074 2898 literatura
1087 2857 1258 2898 Gothica
1270 2859 1454 2899 idoneum
1472 2860 1626 2913 praebet
1645 2874 1847 2914 argumen-

118 2943 142 2962 „
170 2924 270 2964 tum,
300 2913 583 2954 translationem
603 2927 784 2953 coaevam
805 2911 879 2953 esst:
900 2913 1111 2953 literaturae
1126 2915 1158 2957 '’.
1187 2913 1255 2953 Ne
1274 2924 1401 2953 tamen
1421 2929 1444 2954 a
1463 2928 1525 2954 me
1546 2928 1627 2954 non
1653 2914 1847 2957 dissentire

118 2966 327 3018 videretur,
355 2968 462 3009 addit
492 2983 527 3022 p.
561 2981 624 3017 29.
654 2998 680 3018 ,‚
702 2968 790 3009 Sive
811 2968 950 3021 ubique
971 2967 1142 3008 Gothica
1161 2967 1210 3008 ad
1227 2969 1398 3018 Graeca,
1426 2981 1469 3010 ut
1497 2983 1633 3009 omnes
1662 2984 1750 3012 ante
1776 2972 1847 3010 hac

117 3048 145 3068 „
173 3036 429 3075 agnoverunt,
460 3023 535 3066 five
566 3024 712 3076 aliquot
740 3022 924 3063 duntaxat
951 3023 991 3062 in
1020 3022 1113 3063 locis
1143 3022 1381 3064 conformata
1402 3023 1468 3074 fit,
1497 3024 1666 3078 legitima
1696 3025 1750 3065 est
1777 3038 1848 3078 op·

115 3107 142 3126 „
172 3076 310 3129 positio
319 3091 402 3119 mea
412 3091 545 3120 contra
555 3078 749 3119 censorem
760 3080 794 3117 ''.
827 3079 880 3118 At
892 3091 940 3126 ,o
958 3077 1060 3117 bone
1075 3077 1122 3128 ,si
1135 3078 1204 3118 tibi
1219 3077 1327 3119 licuit
1347 3078 1532 3119 sententia
1552 3091 1697 3119 mutata
1717 3079 1846 3128 fateri,

117 3132 276 3171 Latinae
295 3131 488 3173 Versionis
507 3133 553 3173 ab
570 3134 775 3185 interprete
795 3132 936 3173 Gotho
956 3133 1143 3173 rationem
1172 3132 1280 3174 fuisse
1308 3133 1498 3183 habitam,
1529 3133 1636 3187 quod
1657 3145 1766 3172 antea
1784 3146 1847 3172 ne-

115 3199 293 3243 gaveras,
322 3199 387 3228 cur
415 3200 494 3228 non
523 3190 562 3229 ὃ(
588 3187 685 3230 mihi
702 3187 836 3240 liceat,
865 3187 910 3229 iis
929 3200 1029 3241 quae
1062 3186 1182 3228 obiter
1212 3188 1251 3228 in
1272 3188 1397 3242 capite
1424 3187 1475 3229 de
1500 3187 1685 3231 Verfione
1712 3187 1851 3229 Latina

1008 3241 1040 3284 P
1073 3255 1092 3281 2
1736 3240 1852 3299 scrip-
