1976 3519
436 234 1435 283 PROLEGOMENA.
1720 256 1800 296 207

69 326 184 381 ροῖσθαι
205 353 217 374 ,
248 323 302 366 τοὶ
324 323 389 373 »μὲν
416 323 494 365 οἴκοι
523 321 718 372 Φιλοσοφᾶν
735 354 746 373 ,
779 320 833 362 τοὶ
861 322 895 361 δ’
920 321 986 376 ’ἔξω
1014 322 1210 369 Φιλομυθῶν
1229 355 1241 375 ,
1270 325 1295 364 εἰ
1325 324 1372 373 μὴ
1400 325 1564 368 διδάσκων
1583 359 1595 380 ,
1624 327 1717 368 ἀλλ’
1742 328 1800 370 ἐδὲ

68 381 178 434 μέντοι
204 378 490 431 nemachium,
519 377 614 430 μένειν
641 376 676 417 δὲ
699 376 752 417 {gv
768 373 829 417 {orl
859 377 920 419 τ’ἤς
941 377 1165 431 τῖςολίιψεως.
1187 402 1235 411 --·-
1265 375 1294 419 ἓν
1315 384 1408 421 τὲτο
1428 382 1518 431 μόνον
1547 387 1605 436 ἐχ
1631 382 1804 437 ὑποκρῖνὸ.

66 466 154 497 μαι,
184 444 261 486 ἐπεὶ
290 447 316 497 ³5}
346 442 603 492 Φιλοπσιῖγμων
624 437 663 481 cliv
686 452 749 484 χλ.
780 446 818 482 &
838 456 875 496 p.
899 455 961 495 73.
984 440 1004 481 ⁷3
1022 443 1125 490 δῆμος
1134 466 1183 475 .-.
1204 440 1243 484 τὸ
1262 445 1372 497 popl—0„
1399 448 1712 498 marmandae-raa·
1740 449 1804 491 δεῖ.

67 520 130 543 ται
151 500 191 552 ’ῥ’
219 499 411 554 τερατείας·
438 497 519 540 πᾶς
546 494 582 536 δὲ
604 498 627 536 ε’
653 496 809 547 μέλλει,
838 496 942 544 Σῖμος
969 515 1012 547 γε
1040 494 1077 547 (ἓν
1100 521 1108 545 ;
1140 500 1257 554 Epist.
1288 514 1321 552 5.
1351 515 1484 542 contra
1514 500 1579 546 τὲς
1600 503 1639 544 ἐκ.
1667 506 1730 549 τῖς
1759 506 1804 546 ἐι-

66 556 255 604 Sem-01:025
285 554 433 609 ἇιςέσεως
452 549 578 601 {monia
589 571 642 583 --‘-
670 550 857 600 μετ-ἔλθετε
885 547 951 594 τὲς
979 551 1099 606 <pogna
1117 557 1362 604 ρινηλατῧντες·
1391 557 1561 609 ζηλωταί
1585 557 1710 608 ’γίνεσθε
1739 561 1802 604 τῗγς

67 611 233 663 εὐλογίας
251 611 313 654 ‘rig
333 608 526 650 Μωσαιὶόιῖς
536 605 588 659 ,ἢν
608 606 774 656 εὐλέγησε
799 605 864 649 ‘reis
884 607 1027 661 ἄνδρας,
1057 607 1082 647 aa
1104 608 1209 649 κατὰ
1229 609 1296 650 τεῖν
1316 610 1527 657 ἦσεβηκότων
1547 613 1575 653 ἒν
1594 615 1641 665 ‘rii
1661 627 1802 668 παρεμ-

67 671 161 714 βολῖῐ
189 670 215 720 ²3*
246 665 377 716 γνῶμην
395 666 420 716 ag)
451 662 569 716 χεῗςσις
589 660 736 708 ἐκίνησαν
757 683 808 693 ·--
835 660 944 702 καλὸν
964 663 1220 717 παςαβαῖνεσιν
1241 664 1450 717 ἐπάρασθαι
1469 691 1515 699 ---
1534 666 1629 718 κᾷθ’
1647 665 1738 713 {ssa-cof
1758 668 1805 709 ἐί-

69 711 162 771 'scutit
190 722 258 764 τᾶν
279 718 526 767 Πτολεμᾶῑὸος
555 718 628 769 ’ὅρων
646 716 961 764 ἇςτεληλοίσθωσοιν.
992 722 1029 757 &
1052 720 1125 773 Ep.
1162 735 1175 760 1
1189 722 1252 762 28.
1279 717 1322 761 τὸ
1355 720 1427 775 ’γὰρ
1445 719 1522 765 ἔθνος
1542 723 1724 777 θεὸμαχον
1740 725 1803 780 ἇς-

70 779 192 832 χαῖον,
220 779 246 829 ²5¹,
275 773 459 827 πατςοίσιν
480 772 590 823 ἑιγῖοις
611 771 787 821 πολέμιον.
818 774 951 815 Ovum
974 788 1053 815 ovo
1074 789 1154 815 non
1173 777 1228 816 est
1250 777 1401 818 similius
1421 792 1536 832 quam
1558 781 1606 832 J.
1629 780 1682 822 L.
1703 780 1801 837 Frey

67 833 235 891 Synefio.
264 831 448 885 Injuriam
471 828 611 870 faceret
628 828 777 881 judicio
800 827 849 869 V.
867 830 940 879 C.‚
969 829 996 870 fi
1017 830 1102 883 quis
1133 831 1324 883 crederet,
1354 833 1460 873 illum
1490 848 1538 875 ex
1560 835 1690 876 animo
1713 851 1803 891 por-

67 889 236 931 tentosas
256 887 359 936 illas,
389 885 439 926 de
460 885 597 939 quibus
616 883 876 939 conquerebar
894 915 906 935 ‚
935 884 1120 938 loquendi
1143 885 1323 928 formulas
1342 919 1355 939 ,
1383 903 1497 943 quas,
1510 901 1552 931 ut
1571 891 1667 931 mihi
1686 905 1802 933 noce-

68 957 149 995 ret,
176 944 215 984 se
234 942 396 997 probare
415 940 610 981 fimulabat
622 966 634 986 ,
654 940 846 993 probafle,
870 951 935 980 aut
948 940 1162 980 Consilium
1184 956 1311 983 meum
1331 943 1381 984 de
1400 944 1557 986 edendo
1578 947 1704 988 Novo
1723 948 1800 988 Te-

69 1001 257 1042 stamento
273 1028 285 1048 ,
313 1008 356 1038 ut
375 994 647 1050 periculosum,
678 994 774 1035 serio
803 994 1033 1048 improbasse
1054 1016 1068 1041 ς
1101 996 1141 1035 id
1162 998 1265 1037 enim
1294 1013 1380 1039 cum
1410 1010 1495 1040 toto
1514 1002 1588 1041 viri
1609 1002 1802 1043 characte-

69 1071 131 1106 re,
150 1053 301 1109 qualem
322 1052 436 1092 initio
456 1050 742 1104 descripsimus,
771 1064 793 1090 e
813 1049 1003 1090 diametro
1023 1064 1179 1106 pugnat.
1232 1054 1333 1102 Quis
1355 1068 1473 1107 porro
1494 1055 1561 1096 fibi
1583 1057 1803 1110 persuaserit

68 1111 176 1152 illurn
195 1105 601 1164 qui'Remonstrontes
621 1117 735 1159 atque
754 1104 1103 1155 Latitudinarios‚
1136 1106 1245 1161 saepe
1275 1109 1440 1162 quaefita
1469 1112 1668 1153 occafione
1685 1144 1697 1163 ,
1726 1113 1805 1154 lau-

69 1165 200 1214 davit,
228 1162 324 1204 serio
343 1162 469 1203 literas
489 1159 772 1215 ‘Tigurinorum
793 1171 907 1214 atque
926 1160 1291 1214 Scaphufianorum‚
1321 1177 1362 1204 ut
1384 1163 1569 1219 ὁμοδόξων,
1582 1168 1804 1221 protulisse?

69 1252 96 1273 „
125 1219 220 1261 Aa.
248 1231 286 1272 p.
320 1221 413 1270 326.
444 1216 548 1256 Cum
575 1224 622 1255 'ex
654 1215 767 1256 MSS.
798 1216 928 1255 vestris
949 1216 1047 1256 clare
1068 1217 1233 1270 patescat
1253 1219 1322 1259 W.
1350 1234 1371 1259 a
1402 1220 1522 1275 longo
1553 1234 1727 1276 ternpore
1755 1238 1802 1264 ex

69 1307 96 1328 „
124 1273 453 1324 Arminianifm0‚
473 1270 775 1321 Socinianismo‚
805 1283 920 1325 prout
940 1271 1229 1325 p‘rocliviffimus
1246 1273 1300 1313 est
1318 1277 1358 1313 &
1379 1277 1575 1329 proximus
1594 1291 1641 1318 ex
1661 1292 1741 1318 uno
1761 1280 1802 1319 in

68 1362 94 1383 „
123 1330 280 1370 alterum
302 1322 447 1382 lapsus,
478 1326 633 1380 aliisque
655 1326 786 1376 Γεξὶίς,
824 1326 924 1367 velut
954 1328 1151 1367 venenatis
1175 1328 1345 1369 fontibus
1365 1344 1554 1372 venenum
1577 1331 1682 1373 suum
1711 1334 1805 1375 hau-

68 1417 94 1438 „
123 1383 258 1434 fiss‘e''‚
287 1386 326 1423 &
346 1391 384 1437 p.
412 1389 506 1435 337.
544 1381 644 1422 Non
665 1392 867 1436 negamus,
887 1395 959 1422 nos
981 1382 1074 1423 haec
1103 1383 1191 1423 talia
1221 1384 1389 1438 legentes
1408 1390 1448 1426 δε
1478 1387 1676 1429 audientes
1695 1419 1707 1439 ‚
1737 1391 1802 1430 vix

70 1468 97 1488 „
125 1439 244 1481 oculis
263 1465 273 1484 ‚
301 1439 365 1479 vix
384 1438 534 1478 auribus
554 1437 692 1477 nostris
711 1436 878 1477 habuiffe
907 1436 1022 1477 fidem
1036 1470 1045 1485 ,
1058 1453 1105 1477 an
1127 1438 1206 1479 fieri
1229 1441 1377 1492 potuit,
1398 1453 1440 1481 ut
1456 1441 1550 1483 haec
1569 1443 1803 1485 inculcaren-

71 1527 96 1548 „
125 1506 185 1536 tur
202 1496 249 1535 ab
268 1493 427 1535 homine
447 1492 752 1542 Christian0‚ab
773 1492 932 1532 homine
952 1493 1164 1549 Theologo
1175 1518 1222 1525 -·-
1241 1507 1283 1534 ut
1303 1495 1478 1550 religioni
1501 1497 1567 1538 s1bi
1587 1512 1668 1539 non
1689 1499 1804 1541 duce·

71 1579 97 1599 ‚,
126 1562 181 1591 ret
199 1548 353 1590 tranfire
372 1549 411 1589 in
420 1547 588 1588 infelicia
608 1548 783 1588 castra---
797 1546 1186 1588 Latitudinariorum
1199 1550 1251 1590 '’r''
1283 1551 1433 1602 Quisin
1455 1553 1625 1594 animum
1645 1555 1803 1596 inducat

70 1605 224 1647 credere
242 1635 254 1654 ‚
282 1604 388 1644 illum
405 1635 415 1653 ‚
447 1603 514 1657 qui
533 1602 661 1642 dicere
683 1602 811 1643 solitus
840 1608 946 1652 erat,
977 1604 1127 1643 unicam
1157 1607 1194 1644 in
1228 1604 1449 1661 Theologia
1477 1607 1552 1649 effe
1581 1622 1805 1651 controver-

72 1662 186 1709 fiam,
217 1669 313 1713 quae
334 1658 361 1699 fi
383 1653 483 1699 reete
506 1657 739 1710 dijudicetur
758 1688 769 1707 ‚
798 1671 934 1697 omnes
963 1659 1053 1698 alias
1084 1660 1190 1699 tollat
1213 1675 1220 1699 :
1249 1674 1374 1701 utrum
1406 1663 1587 1704 nimirum
1619 1665 1803 1706 Christia-

72 1717 112 1756 ni
133 1716 229 1755 inter
249 1713 285 1754 se
305 1712 524 1753 diffidentes
545 1711 581 1751 se
599 1724 732 1752 mutuo
754 1712 913 1751 tolerare
934 1712 1121 1762 debeant,
1135 1723 1264 1753 annon
1290 1718 1303 1755 ἒ
1331 1717 1497 1757 cundem
1510 1749 1520 1768 ‚
1541 1720 1720 1773 inquam,
1742 1736 1804 1762 me

74 1784 155 1811 non
188 1769 355 1809 simulate
385 1767 449 1808 sed
471 1766 635 1807 candide
662 1765 766 1820 apud
797 1765 1078 1819 Ampliffimum
1107 1768 1283 1809 ordinem
1307 1771 1488 1812 accusasse
1507 1803 1517 1822 ‚
1550 1774 1659 1827 quod
1689 1782 1804 1817 voces

72 1825 246 1866 obscuras
267 1818 352 1873 ᾅδου
379 1825 417 1862 &
437 1817 703 1874 δαιμονιζομένων
725 1821 850 1866 aliter,
873 1835 988 1875 quam
1009 1822 1126 1876 vulgo
1148 1823 1369 1872 fit‚fuiffem
1392 1829 1682 1880 interpretatus?
1703 1832 1805 1884 Qu's

73 1881 241 1933 denique
257 1912 267 1929 ,
297 1889 338 1918 ut
356 1878 427 1917 alia
453 1886 620 1926 taceam,
642 1877 749 1917 facile
771 1877 900 1916 credet
920 1911 930 1925 ‚
962 1877 1066 1917 illum
1087 1892 1132 1917 ex
1152 1879 1268 1918 animi
1299 1880 1351 1920 sui
1373 1881 1556 1923 sententia
1585 1884 1804 1927 doctrinam

74 1935 124 1975 de
131 1933 451 1989 subordinatione
474 1931 737 1985 pronunciasse
757 1931 1005 1979 haereticam,
1035 1933 1122 1985 qui,
1152 1948 1238 1973 cum
1259 1935 1393 1975 librum
1418 1937 1600 1991 Episcopi
1638 1940 1805 1982 Hiberni

73 1990 158 2032 The
181 1988 361 2041 Religion
385 1985 567 2041 0fMan‚
587 1988 627 2026 in
658 2000 737 2039 quo
765 1985 901 2026 diserte
932 1986 1072 2027 dicitur
1110 2015 1135 2038 ‚,
1168 1988 1307 2029 Filium
1331 1991 1405 2031 Dei
1426 2006 1447 2031 a
1477 2005 1584 2046 patre
1606 1996 1773 2047 pendere
1790 2027 1803 2048 ‚

73 2076 98 2096 ‚,
128 2048 166 2084 &
186 2044 273 2084 licet
294 2047 332 2083 &
354 2054 459 2096 pater
478 2045 516 2081 &
538 2041 634 2082 filius
656 2041 864 2095 appelletur
885 2041 1013 2091 Deus,
1043 2055 1123 2082 non
1146 2054 1273 2084 tamen
1295 2045 1394 2085 hanc
1413 2048 1708 2102 appellationem
1722 2082 1732 2100 ,
1753 2051 1805 2094 de

73 2127 99 2152 ,‚
126 2111 288 2152 utroque
305 2097 518 2152 usurpatam
530 2128 541 2146 ‚
560 2096 721 2137 eandem
744 2110 810 2149 per
828 2098 958 2136 omnia
979 2097 1116 2138 habere
1135 2097 1451 2152 significationem
1464 2134 1474 2153 ‚
1496 2102 1560 2144 sed
1572 2105 1708 2158 majori
1726 2121 1804 2148 ema

68 2186 98 2207 ‚‚
127 2154 232 2209 phasi
244 2154 347 2194 Patri
368 2167 483 2207 quam
505 2151 606 2193 Filio
629 2155 664 2191 &
684 2152 842 2205 'Spiritui
868 2152 1008 2192 Sanno
1029 2154 1142 2194 tribui
1156 2157 1199 2204 '',
1231 2155 1463 2198 Germanice
1484 2159 1598 2212 paulo
1620 2174 1708 2202 ante
1731 2163 1805 2202 Ba-

72 2209 180 2251 fileae
210 2208 371 2258 excudi,
402 2211 440 2247 &
460 2208 506 2248 ab
525 2207 654 2247 amicis
677 2207 747 2247 suis
770 2207 1033 2260 commendari
1054 2235 1064 2253 ‚
1093 2220 1208 2263 atque
1227 2210 1265 2250 in
1288 2213 1461 2253 omnium
1484 2216 1656 2256 manibus
1666 2217 1802 2258 versari

73 2264 214 2315 nosset,
242 2265 302 2305 vel
323 2264 400 2317 ipse
419 2263 460 2303 id
480 2273 674 2304 curaverat
695 2262 754 2302 vel
776 2262 841 2303 suo
864 2262 992 2303 saltem
1015 2263 1162 2306 silentio
1194 2266 1496 2319 approbaverat?

125 2320 263 2360 Unum
283 2319 445 2372 superest
467 2345 477 2364 ,
506 2328 587 2371 quo
607 2318 808 2371 praecipue
825 2318 861 2358 se
877 2318 996 2370 jactat
1026 2320 1082 2359 vir
1103 2320 1341 2369 Cl.,scilicet
1369 2353 1394 2374 ,‚
1408 2338 1471 2364 me
1498 2339 1578 2366 non
1601 2326 1720 2368 solum
1733 2327 1803 2381 Ju-

72 2406 98 2427 ‚,
129 2375 233 2415 dicio
257 2374 484 2414 Conventus
503 2373 750 2413 Ecclefiastici
771 2373 981 2414 Basiliensis
1001 2374 1246 2426 damnatum,
1276 2392 1408 2419 verum
1436 2381 1551 2420 etiam
1583 2382 1675 2423 illud
1699 2383 1802 2438 judi-

73 2461 99 2481 „
126 2431 225 2471 cium
256 2430 302 2468 ab
330 2430 506 2469 omnibus
525 2428 698 2468 Ecclesii's
731 2428 966 2469 Reformatis
989 2429 1191 2471 Helvetiae
1211 2432 1464 2485 approbatum
1494 2434 1646 2478 fuisse’ss
1700 2439 1801 2480 Non

71 2486 149 2538 jam
171 2484 323 2540 agitabo
344 2485 603 2538 quaestionem
622 2483 742 2535 Jurjs
756 2511 766 2529 ‚
797 2497 867 2524 nec
899 2484 1024 2524 dicam
1045 2516 1055 2535 ‚
1074 2486 1192 2539 ¹fluod
1215 2487 1469 2531 Protestantes
1497 2491 1643 2546 semper
1665 2494 1704 2533 in
1734 2507 1801 2536 ore

73 2539 235 2590 habent,
264 2540 377 2580 etiam
391 2539 569 2580 Concilia
589 2550 711 2579 errare
733 2539 859 2592 posse,
889 2542 927 2578 &
949 2553 1144 2594 nunquam
1167 2553 1243 2582 tam
1266 2544 1363 2584 bene
1383 2546 1445 2599 agi
1466 2560 1552 2587 cum
1574 2562 1712 2602 genere
1732 2549 1802 2591 hu-

75 2609 211 2645 mano,
241 2607 282 2635 ut
303 2594 343 2634 id
362 2594 508 2648 semper
529 2608 659 2634 verum
679 2597 717 2632 &
735 2594 875 2648 justum
897 2594 941 2634 fit
960 2626 971 2644 ,
1000 2595 1106 2649 quod
1130 2596 1256 2638 multis
1276 2599 1399 2651 placet
1419 2623 1431 2649 3
1461 2615 1532 2642 nec
1553 2603 1664 2644 verba
1695 2605 1802 2646 Eras-

75 2651 130 2690 mi
149 2650 300 2691 duriora
318 2650 357 2689 in
372 2650 540 2703 eos‚qui
560 2650 639 2689 aliis
658 2662 799 2690 nomen
821 2649 1016 2690 haereseos
1036 2661 1177 2692 temere
1198 2653 1417 2708 impingunt
1435 2683 1445 2701 ‚
1476 2656 1584 2711 supra
1605 2672 1641 2712 p.
1664 2662 1730 2708 98.
1749 2661 1803 2701 ala

73 2705 265 2755 lata‚mea
283 2704 441 2745 faciam:
474 2705 536 2745 sed
558 2705 709 2758 agitabo
731 2716 878 2746 tantum
901 2706 1160 2758 quaestionem
1179 2708 1289 2759 faHi
1312 2732 1320 2755 ;
1350 2714 1388 2750 &
1410 2712 1535 2764 primo
1565 2714 1723 2767 quidem
1750 2716 1801 2757 de

73 2761 346 2813 approbatione
366 2760 591 2814 reliquarum
612 2759 814 2814 Helvetiae
835 2760 1102 2811 Ecclefiarum,
1124 2762 1172 2802 ad
1194 2777 1362 2817 quas‚ut
1377 2780 1508 2807 verum
1532 2769 1701 2820 resciret,
1730 2772 1802 2812 Pa-

72 2825 130 2853 ter
147 2829 249 2855 meus
271 2829 307 2868 p.
329 2829 376 2855 m>
397 2813 605 2869 Epistolam
627 2815 664 2855 d.
700 2828 733 2867 7.
766 2816 886 2868 April.
915 2824 1035 2869 1733.
1067 2829 1276 2866 exaratam,
1306 2823 1345 2859 δε
1366 2822 1503 2863 eodem
1528 2838 1632 2865 anno
1650 2826 1800 2867 Amste-

79 2868 222 2909 lodami
239 2871 340 2924 typis
361 2871 502 2911 editam
525 2870 692 2912 dederat.
723 2870 1010 2925 Rescripserunt
1032 2873 1157 2925 primo
1174 2874 1413 2927 Mulhnstni,
1431 2891 1477 2918 ex
1499 2892 1572 2933 qua
1593 2880 1684 2920 urbe
1702 2879 1801 2922 duos

75 2922 277 2975 discipulos
297 2956 309 2975 ,
346 2939 446 2965 nunc
475 2925 615 2966 ibidem
646 2926 765 2967 Verbi
794 2926 918 2966 divini
946 2926 1169 2978 Ministros‚
1201 2928 1405 2982 habueram
1425 2963 1437 2984 ‚
1468 2933 1508 2974 in
1535 2935 1658 2975 Afris
1689 2935 1800 2991 saepe

74 2978 221 3018 citatos.
329 2977 481 3021 Deinde
514 2980 788 3035 Neocomenses
824 2992 938 3036 atque
958 2981 1142 3023 Geneven
1163 2997 1212 3023 es.

240 3062 313 3104 Vir
336 3052 469 3105 Vener.
489 3075 606 3122 atque
626 3056 865 3120 ‘Digniffi'me
884 3099 895 3117 ,
925 3066 1124 3116 Domine,
1141 3070 1286 3124 fautor
1317 3081 1438 3128 atque
1455 3074 1594 3128 frater
1620 3077 1663 3116 in
1684 3075 1800 3115 Chri-

356 3119 419 3171 sto
441 3121 660 3174 honorattff
691 3122 894 3176 ‘Dileci‘iſjt
1574 3132 1577 3134 '

138 3202 369 3247 Uavissimas
388 3213 493 3255 tuas,
519 3207 672 3247 nonnisi
699 3205 906 3250 fraternum
923 3219 1013 3264 erga
1034 3223 1106 3250 nos
1131 3211 1310 3253 affeekum
1341 3213 1525 3267 spirantes
1550 3214 1800 3309 testantespue

1741 3282 1801 3309 ae-
