1976 3519
131 287 211 327 168
508 278 1511 324 PROLEGOMENA.

131 371 186 412 do
205 384 266 411 me
285 370 382 410 intra
402 382 609 423 paucorum
630 368 814 410 mensium
835 367 994 421 spatium
1014 367 1224 420 pugnantia
1244 364 1420 419 scripsisse
1439 364 1594 406 accusat.
1648 367 1762 418 Dixi,
1792 367 1862 409 fm-

132 426 243 480 gulos
263 425 434 466 Codices
457 425 628 465 Graecos
647 437 828 478 tanquam
848 422 1011 463 totidem
1034 423 1144 462 testes
1162 419 1235 460 esse
1252 420 1544 474 producendos:
1574 420 1637 461 sed
1666 437 1862 475 nunquam

132 480 260 534 scripfi
277 480 404 520 SINE
433 479 736 520 DISCRIMIN
745 479 800 527 E,
832 478 908 518 sine
925 478 1119 526 examine,
1150 475 1361 529 promiscue
1381 490 1534 525 omneS,
1562 476 1676 516 etiam
1697 476 1806 517 falsos
1823 482 1862 517 &

133 535 267 586 fistos,
296 535 346 576 ad
365 535 622 576 testimonium
642 533 848 573 dicendum
869 532 943 573 esse
964 531 1235 572 admittendos¹
1294 533 1358 571 An
1397 531 1594 585 Bengelius
1621 543 1685 572 aut
1715 533 1866 586 ignora-

134 591 213 635 vit,
243 602 307 631 aut
326 605 388 631 me
406 591 580 644 ignorare
600 588 849 638 existimavit,
878 587 973 642 quid
997 588 1098 640 leges
1117 586 1246 626 civiles
1268 585 1519 639 praescribant
1542 601 1550 625 ε
1580 584 1746 638 Tcstium
1771 586 1868 635 fides

134 645 346 699 diligenter
366 644 628 685 examinanda
647 642 699 696 est
714 658 726 682 .·
758 641 805 687 ὅγ’
827 642 913 682 tdeo
934 641 1043 689 testes
1058 675 1067 690 ,
1098 643 1165 696 qui
1185 641 1373 690 adverfits
1384 640 1505 693 fidem
1515 642 1632 695 fitam
1650 640 1870 694 testationis

136 701 358 746 vacillant,
387 699 572 740 audiendi
591 712 664 738 non
675 698 775 752 fient
805 698 844 738 ff.
875 697 924 738 de
941 697 1120 737 Testibus
1149 699 1164 736 ?
1196 697 1252 736 Ex
1275 696 1491 736 Codicibus
1508 697 1596 747 plus
1619 706 1773 735 centum
1791 724 1802 741 ,
1831 699 1873 738 in

133 756 306 796 editione
336 754 549 797 Oxoniensi
583 768 699 807 parva
730 756 768 792 &
800 753 839 792 in
867 752 1040 792 editione
1070 751 1361 791 Mastrichtiana
1392 751 1567 792 adduffis
1598 782 1609 801 ,
1646 752 1874 793 intestabiles

131 810 304 865 judicavi
344 812 651 865 quinquaginta,
681 807 789 862 quod
819 808 877 848 vel
902 820 1098 860 nunquam
1129 808 1170 845 in
1201 820 1323 846 rerum
1359 819 1489 847 natura
1516 808 1721 847 extiterunt
1741 838 1752 857 ‚
1783 808 1874 853 vel,

136 880 224 906 curn
244 866 347 907 idem
368 864 491 906 codex
512 865 591 905 duo
613 864 770 903 nomina
792 863 964 912 haberet,
994 874 1067 901 aut2
1087 861 1178 902 alter
1198 860 1320 901 codex
1350 861 1498 901 alterius
1526 862 1790 916 apographum
1819 862 1874 902 es-

136 921 210 967 set,
241 933 421 975 tanquam
439 919 520 960 duo
538 919 648 959 testes
669 917 805 958 diversi
826 918 909 958 sunt
930 917 1107 971 produffi
1129 948 1140 967 ,
1170 916 1228 956 vel
1257 916 1307 955 ad
1335 916 1546 956 versionem
1580 917 1760 956 Latinam
1790 916 1876 958 sunt

137 976 367 1028 interpolati.
422 975 498 1014 His
524 974 801 1028 quinquaginta
830 972 975 1026 possem
1004 986 1105 1011 nunc
1137 971 1278 1011 addere
1308 975 1346 1010 ὃ(
1376 971 1469 1011 alios
1499 970 1607 1024 supra
1638 970 1875 1024 descriptOS,

136 1045 184 1071 ex
214 1030 400 1072 Versione
428 1029 565 1069 Latina
594 1029 732 1082 paritet
762 1029 984 1068 immutatos
1002 1058 1013 1077 ,
1055 1030 1094 1065 &
1124 1028 1311 1067 variantes
1342 1026 1546 1067 Leffiones
1575 1026 1610 1066 S.
1642 1026 1878 1074 Curcellaei‚

135 1099 233 1139 quae
270 1086 388 1126 etiam
426 1084 501 1124 alio
535 1095 649 1138 atque
688 1083 762 1123 alio
807 1083 964 1123 nomine
986 1113 998 1132 ‚
1038 1093 1221 1136 tanquam
1250 1080 1486 1123 diversorum
1526 1080 1744 1131 Codicum,
1772 1082 1880 1122 exhi·

138 1141 288 1181 bentur.

197 1210 260 1247 25.
292 1196 396 1237 Cum
426 1195 599 1244 sentiret,
629 1194 701 1235 hac
721 1196 782 1235 via
813 1193 1012 1248 negotium
1040 1206 1120 1233 non
1144 1192 1229 1234 satis
1249 1191 1454 1247 expediri,
1484 1192 1595 1233 aliam
1622 1191 1805 1249 ingressus
1823 1192 1879 1234 est

138 1266 175 1305 p.
193 1265 253 1302 50.
286 1251 534 1292 ‘Pluralitati
551 1250 673 1292 MSS.
702 1250 874 1290 codicum
884 1248 1031 1302 favere
1053 1262 1132 1298 me,
1161 1248 1331 1302 absolute
1349 1257 1465 1302 negat
1482 1249 1635 1301 Censor.
1664 1271 1713 1279 -—-
1739 1248 1880 1301 Quare

123 1305 316 1360 spondeo,
338 1306 485 1346 nullam
505 1311 608 1359 typis
625 1305 752 1345 adhuc
780 1306 958 1357 excusam
989 1302 1232 1354 recenfionem
1263 1313 1451 1357 repertum
1480 1305 1554 1354 iri,
1583 1316 1680 1357 quae
1700 1312 1783 1343 toto
1802 1304 1878 1355 fito

135 1370 264 1402 tenore
293 1375 377 1401 cum
408 1361 553 1414 majore
584 1373 737 1400 numero
768 1359 942 1399 codicum
967 1371 1084 1413 aeque
1111 1360 1320 1398 conveniat
1350 1389 1361 1408 ,
1400 1366 1520 1412 atque
1551 1371 1643 1397 mea.
1702 1357 1796 1397 Non
1825 1357 1878 1411 est

135 1417 231 1456 haec
251 1415 507 1469 controvetfia
529 1424 612 1455 tam
631 1414 755 1464 levis,
784 1428 900 1469 quam
923 1415 1052 1467 prima
1063 1414 1194 1466 specie
1216 1413 1411 1454 videatur.
1469 1413 1580 1454 Haec
1601 1417 1640 1453 &
1662 1424 1804 1453 temere
1835 1417 1875 1453 &

136 1473 312 1527 ambigue
331 1471 519 1512 dicuntur.
576 1471 681 1511 Cum
710 1471 814 1510 enim
847 1468 1048 1522 Bengelius
1071 1482 1151 1508 non
1172 1468 1391 1521 ignoraret,
1419 1480 1601 1522 quantam
1629 1468 1779 1508 testium
1810 1482 1881 1509 nu-

134 1527 222 1568 bem
241 1525 522 1581 produxissem,
553 1540 625 1566 nec
642 1524 873 1579 exspefflivit
894 1536 1048 1573 tamen,
1076 1523 1203 1563 donec
1235 1522 1386 1563 fuissent
1415 1523 1561 1573 auditi,
1589 1537 1714 1577 neque
1745 1524 1877 1576 petiit,

134 1594 178 1623 ut
210 1582 426 1623 testimonia
455 1595 542 1622 curn
569 1580 636 1620 illo
666 1580 1038 1620 communicarentur
1060 1609 1072 1628 ,
1102 1577 1167 1618 sed
1191 1604 1201 1622 ‚
1230 1579 1339 1620 tertia
1369 1578 1520 1619 testium
1549 1577 1879 1632 parte-neglesta,

131 1638 240 1692 juxta
271 1651 436 1691 paucos,
465 1636 532 1690 qui
561 1635 630 1689 ipsi
662 1635 840 1684 aderant,
871 1634 1162 1687 pronunciavit,
1193 1636 1232 1673 &
1255 1634 1503 1687 pronunciat,
1532 1632 1635 1673 suam
1665 1632 1878 1674 editionem

134 1707 221 1733 cum
242 1693 377 1745 majori
398 1691 576 1731 codicum
596 1703 756 1729 numero
778 1689 995 1728 convenite.
1052 1689 1136 1740 Qui
1167 1686 1253 1738 scit,
1287 1688 1381 1741 quid
1413 1688 1593 1729 testentur
1622 1687 1675 1727 illi
1701 1687 1878 1734 codices,

133 1761 233 1801 quos
255 1760 326 1787 nec
348 1746 465 1795 vidit,
496 1759 566 1785 nec
584 1743 717 1784 videre
738 1744 887 1783 voluit?
916 1743 966 1782 Et
987 1742 1082 1796 quid
1105 1742 1131 1782 fi
1160 1743 1242 1793 isti,
1272 1756 1369 1796 quos
1389 1756 1470 1783 non
1497 1742 1617 1792 vidit,
1647 1742 1758 1783 testes
1786 1757 1879 1783 con-

134 1803 316 1844 sentirent
334 1815 424 1842 eum
446 1799 685 1855 paucioribus
705 1812 861 1847 eorum,
891 1811 990 1852 quos
1020 1796 1138 1847 vidit,
1171 1812 1302 1838 annon
1332 1797 1411 1838 fieri
1443 1797 1587 1851 posset,
1617 1809 1658 1838 ut
1688 1809 1780 1838 tunc
1800 1812 1880 1839 ma-

129 1859 259 1913 jorem
278 1857 428 1897 suorum
450 1855 598 1896 testium
619 1867 820 1894 numerum
841 1867 1002 1893 numero
1024 1853 1242 1901 vincerent,
1272 1867 1351 1906 quo
1377 1852 1479 1893 fausto
1498 1884 1510 1901 ,
1540 1867 1655 1906 quam
1687 1852 1766 1906 ipse
1795 1853 1878 1906 plu-

135 1915 234 1954 rium
254 1911 449 1952 Codicum
471 1921 584 1951 vocat
603 1909 806 1949 leffifionem
821 1939 831 1958 ,
845 1922 974 1948 revera
996 1921 1075 1946 non
1094 1907 1184 1948 esset
1205 1907 1320 1948 leffio
1340 1908 1525 1960 plurium,
1547 1907 1611 1947 sed
1631 1909 1878 1961 pauciorum?

136 1970 260 2010 Porro
274 1967 299 2007 si
313 1981 380 2021 per
400 1964 658 2006 recensionem
679 1963 781 2003 suam
805 1963 981 2016 intelligit
992 1962 1231 2002 Contextum
1242 1976 1286 2002 ex
1309 1962 1542 2003 editionibus
1562 1962 1880 2016 praestantissimis

134 2038 156 2064 a
177 2023 215 2063 se
233 2023 529 2069 concinnatum,
557 2019 652 2059 nihil
674 2018 827 2058 habebit
845 2029 1045 2057 contextus
1064 2017 1150 2066 iste,
1182 2016 1290 2070 quod
1313 2031 1392 2057 non
1414 2019 1453 2057 in
1477 2017 1546 2058 illis
1577 2017 1812 2058 editionibus
1833 2018 1880 2059 si·

137 2078 214 2119 mul
236 2077 365 2118 sumtis
385 2076 610 2130 reperiatur:
640 2074 824 2127 majorem
843 2087 935 2113 vero
958 2072 1121 2125 plurium
1144 2071 1339 2113 Codicum
1363 2074 1549 2113 rationem
1576 2086 1663 2112 eum
1692 2071 1878 2124 habuisse,

137 2147 253 2188 quarn
283 2132 499 2173 editionum
530 2128 839 2184 praecedentium
869 2127 1030 2181 singulas
1051 2158 1062 2176 ,
1094 2127 1268 2167 nondum
1301 2128 1502 2180 probatum
1533 2128 1620 2174 est·,
1651 2131 1688 2167 ὅ(
1709 2154 1720 2172 ,
1750 2127 1878 2169 donec

135 2189 337 2242 probetur,
366 2186 539 2227 dubitare
570 2185 668 2224 licet.
723 2184 789 2223 Sin
820 2193 945 2223 autem
978 2195 1045 2236 per
1073 2182 1330 2223 recensionem
1359 2182 1461 2223 suam
1489 2182 1666 2237 intelligit
1691 2182 1878 2236 judicium

135 2244 244 2284 suum
275 2242 325 2283 de
354 2244 453 2283 veris
481 2239 732 2289 lestionibus,
763 2239 786 2279 i.
816 2252 848 2279 e.
877 2251 957 2278 non
986 2249 1063 2277 tam
1094 2249 1317 2278 contextum
1344 2237 1487 2288 solum,
1517 2251 1633 2292 quam
1653 2238 1878 2288 Leffiones,

136 2312 218 2340 non
249 2298 288 2338 in
321 2298 423 2338 notis
452 2295 630 2351 prolixis,
660 2306 701 2335 ut
727 2294 829 2334 Beza
849 2292 957 2342 fecit,
987 2304 1049 2332 aut
1070 2292 1109 2332 in
1130 2292 1436 2346 prolegomenis,
1464 2305 1506 2334 ut
1537 2292 1684 2333 Millius
1703 2323 1714 2342 ,
1743 2294 1879 2334 teffius

135 2353 322 2395 exhibitas
341 2356 380 2393 &
405 2351 646 2406 paucioribus
669 2350 807 2399 lectas,
839 2347 903 2388 sed
924 2347 1086 2402 margini
1102 2348 1148 2387 ab
1168 2362 1217 2388 eo
1235 2348 1426 2402 appositas
1447 2378 1458 2397 ,
1486 2362 1535 2388 eo
1555 2347 1738 2393 consilio,
1766 2360 1808 2389 ut
1839 2352 1879 2389 &

134 2408 314 2450 omnibus
343 2421 463 2462 aeque
491 2405 609 2446 essent
638 2403 887 2458 conspicuae,
919 2406 958 2442 &
987 2401 1055 2456 ipsi
1076 2403 1219 2443 Textui
1248 2403 1309 2443 vel
1339 2401 1640 2456 praeferrentur,
1671 2402 1730 2443 vel
1751 2404 1879 2457 aequi-

134 2475 379 2519 pararentur‚
409 2461 579 2517 Spondeo
609 2459 758 2499 nullam
790 2461 893 2511 typis
929 2457 1056 2497 adhuc
1087 2458 1268 2510 excusam
1301 2458 1545 2505 recenfionem
1575 2467 1764 2513 repertum
1802 2460 1878 2508 iri,

132 2533 234 2574 quae
263 2526 345 2559 toto
359 2518 432 2571 fito
465 2525 592 2557 tenore
622 2528 707 2555 cum
739 2514 884 2571 majore
905 2525 1057 2553 numero
1075 2513 1259 2554 Codicum
1280 2511 1483 2556 MINUS
1502 2515 1733 2565 conveniat,
1763 2527 1878 2569 quam

136 2573 434 2628 Bengelianam.

194 2633 257 2669 26.
286 2642 324 2681 p.
357 2642 420 2680 52.
451 2626 664 2683 ‚Quicquid
692 2626 830 2680 Censor
858 2625 985 2666 adhuc
1012 2622 1213 2678 dfflruit,
1243 2638 1300 2663 me
1319 2626 1446 2675 petit,
1475 2637 1533 2664 me
1565 2626 1689 2678 igitur
1721 2623 1878 2664 eundem

125 2686 236 2739 petit
265 2685 307 2723 in
338 2692 530 2723 extremo:
570 2710 594 2733 ‚,
627 2684 682 2723 Ex
714 2681 920 2731 omnibus,
949 2694 1046 2734 quae
1076 2680 1257 2721 hasten&
1285 2679 1387 2720 dista
1412 2679 1518 2725 sunt,
1547 2679 1646 2719 hanc
1675 2678 1879 2720 inferamus

133 2770 160 2790 „
189 2737 493 2788 conclusionem,
524 2738 627 2778 viros
656 2739 801 2791 probos
825 2736 962 2777 debere
984 2748 1062 2776 tam
1091 2734 1256 2775 miserari
1276 2748 1431 2784 eorum,
1461 2735 1550 2787 qui,
1580 2748 1620 2774 re
1644 2747 1716 2787 pro
1740 2734 1879 2775 viribus

134 2824 162 2845 „
189 2793 423 2841 examinata,
447 2792 646 2833 infeliciter
666 2808 687 2832 a
709 2806 804 2833 vero
825 2791 962 2832 alicubi
981 2791 1271 2835 aberraverunt,
1301 2803 1417 2842 quam
1439 2788 1597 2829 aversari
1620 2800 1709 2838 e09,
1731 2789 1796 2842 qui
1819 2803 1880 2829 ae-

137 2876 164 2900 ,‚
193 2863 259 2903 gre
279 2848 441 2889 ferentes
460 2882 470 2895 ‚
499 2848 593 2887 alios
612 2848 666 2888 uti
688 2847 759 2888 suis
780 2847 923 2896 oculis,
951 2845 1095 2885 summa
1116 2845 1155 2885 vi
1174 2856 1288 2897 atque
1302 2844 1486 2884 violentia
1504 2843 1660 2897 exigunt
1686 2875 1697 2893 ‚
1727 2856 1767 2884 ut
1797 2858 1881 2884 om-

136 2931 163 2954 „
193 2917 260 2944 nes
280 2916 414 2943 eorum
436 2903 534 2943 stent
551 2901 721 2955 judicio,
750 2914 933 2955 tanquam
956 2900 982 2941 si
1003 2899 1072 2954 ipfi
1094 2900 1256 2939 omnino
1288 2897 1365 2939 falli
1396 2912 1477 2938 non
1505 2898 1701 2952 posl‘ent''.
1757 2897 1879 2953 Nego

135 2958 455 3011 consequentiam.
513 2958 574 2997 De
605 2957 791 3011 Bengelio
815 2957 877 2995 hic
910 2970 959 2996 ne
991 2956 1225 3009 cogitaverat
1254 2953 1412 3007 quidem
1441 2953 1573 2994 censor
1595 2984 1606 3003 ,
1636 2952 1702 2994 sed
1736 2953 1785 2994 de
1816 2968 1879 2994 me

136 3014 309 3066 meisque
328 3011 568 3061 adversariis,
598 3012 637 3051 in
659 3012 794 3064 quibus
817 3010 1022 3064 Bengelius
1044 3022 1135 3050 tunc
1155 3009 1343 3049 numerari
1375 3022 1455 3049 non
1487 3020 1646 3062 poterat.
1706 3008 1757 3049 Et
1783 3022 1880 3062 quo-

137 3068 282 3118 modo,
313 3066 473 3121 quaeso,
503 3066 553 3106 de
583 3080 662 3106 uno
693 3066 908 3118 eodemque
943 3065 1100 3104 homine
1129 3063 1206 3103 dici
1235 3063 1433 3117 potuisset,
1464 3063 1625 3119 dignum
1648 3063 1745 3113 esse,
1776 3064 1882 3116 cujus

135 3124 208 3164 viri
229 3123 339 3176 probi
357 3121 464 3162 simul
485 3122 736 3172 miserentur,
767 3123 804 3158 ὃ(
828 3134 943 3173 quem
963 3120 1197 3171 averfhntur
1220 3117 1241 3158 ,ἲ
1271 3119 1320 3159 Et
1341 3119 1426 3173 quis
1444 3117 1553 3159 sanae
1574 3119 1711 3159 mentis
1733 3118 1881 3173 Be'nge-

136 3179 178 3220 lii
196 3177 390 3220 fortunam
410 3188 503 3218 tunc
523 3175 780 3227 miseraretur,
807 3189 922 3229 quern
942 3186 1079 3215 notum
1100 3186 1180 3215 erat
1205 3184 1362 3228 propter
1381 3173 1528 3216 editum
1548 3173 1608 3215 N.
1627 3173 1679 3216 T.
1698 3186 1779 3213 non
1802 3185 1884 3228 tan-

1799 3239 1880 3268 tum
