1976 3519
496 197 1493 244 PROLEGOMENA.
1827 200 1871 252 7'

120 309 124 312 ·
172 305 234 346 13.
268 291 325 331 Ex
344 290 523 331 omnibus
545 290 623 331 fene
641 287 837 328 codicibus
858 286 1077 341 praesertim
1096 285 1365 328 vetustioribus>
1378 285 1469 325 folia
1490 283 1679 344 quaedam
1694 274 1850 331 ,ir-no&

107 347 314 402 quaternio
343 360 439 386 unus
461 346 601 385 alterve
622 344 681 384 vel
702 355 919 396 temporum
941 342 1078 394 injuria
1097 341 1156 382 vel
1178 342 1384 382 hominum
1402 340 1514 393 culpa
1531 342 1743 393 perierunt.
1800 339 1848 380 In

112 402 379 444 Alexandrino
407 399 559 440 Codice
591 413 626 440 v.
657 412 711 453 gr.
742 397 877 452 desunt
895 397 1053 439 XXIV.
1083 399 1211 451 priora
1231 395 1425 442 Matthaei
1447 396 1615 448 Capita3
1643 395 1761 435 miror
1781 395 1851 449 igi-

111 469 193 507 tur,
222 457 316 511 quid
340 456 378 509 J.
409 453 585 505 Eriecio,
613 454 698 495 viro
718 453 807 493 alias
827 452 866 492 in
886 452 963 492 hoc
983 451 1193 492 studiorum
1213 465 1353 506 genere
1372 458 1462 490 cu‘m-
1478 449 1590 490 laude
1607 450 1777 499 versato,
1802 450 1850 490 'in'

110 525 280 553 mentem
309 511 480 559 venerit,
510 521 552 550 ut
575 523 698 562 nuper
727 508 882 562 publico
910 508 1051 561 scripto
1082 522 1161 548 non
1179 519 1370 551 vereretur
1391 503 1617 555 asseverare,
1645 502 1850 558 ὃοξολογῗαν

112 568 314 608 Orationis
343 565 575 606 Dominicae
602 565 717 605 etiam
748 564 793 610 in,
818 563 890 602 isto
922 562 1075 603 Codice
1105 568 1255 610 extare3
1286 560 1356 601 nifi
1378 559 1499 610 forte,
1529 574 1650 614 quum
1670 560 1711 599 in
1731 560 1851 600 Minii

113 621 358 664 collectione
388 620 480 662 Var.
509 620 614 660 [σᾶ.
643 618 904 671 testi-monium
935 617 1098 658 Codicis
1126 616 1384 658 Alexandrini
1414 616 1454 655 in
1485 615 1575 656 loco
1603 614 1749 656 Matth.
1777 615 1849 655 VI.

116 690 179 730 13.
209 675 458 725 defideratet‚
488 689 534 715 ex
566 689 614 714 eo
636 674 760 714 statim
780 673 933 723 intulit,
962 672 1170 713 necessario
1191 686 1278 720 cum
1299 671 1431 712 Textu
1451 670 1669 711 convenire.
1723 670 1775 710 Et
1795 669 1851 709 sa*

111 747 162 773 ne
190 731 346 771 memini
375 731 416 770 in
449 729 586 784 Belgio
605 730 735 779 audire
757 729 916 769 Gallum
935 727 1129 782 quendam
1147 742 1221 781 pro
1243 726 1452 767 Concione
1467 725 1687 774 dicentem,
1717 724 1848 765 locum

117 800 151 827 ι.
172 786 236 840 Jo.
267 787 317 828 V.
347 798 384 838 7.
412 786 452 825 in
475 785 628 825 Codice
647 783 977 838 Cantabrigienfi,
1009 783 1076 837 qui
1096 784 1224 823 Bezae
1243 782 1338 832 fuit,
1366 794 1520 831 extare,
1551 781 1619 835 qui
1640 779 1770 823 tamen
1792 778 1852 819 st)-

110 842 147 882 la
168 840 240 882 lv.
270 840 479 895 Evangelia
494 854 581 880 curn
602 840 710 880 Astis
730 837 1067 892 comphrehendit.

168 908 230 948 14.
258 897 386 936 Etiam
416 894 650 936 vetustiffimi
677 894 849 934 Codices
876 893 1056 948 plurimas
1076 892 1218 934 habent
1239 892 1514 933 Correcfi‘iones.
1567 890 1760 932 Delebant
1783 903 1848 931 au-

111 964 209 1001 tem,
239 966 337 1005 quae
366 950 506 991 sublata
534 950 759 1004 cupiebant,
791 949 852 990 vel
873 950 1020 1004 punito
1042 948 1195 989 cuilibet
1214 948 1346 989 literae
1364 947 1501 988 vocive
1519 945 1707 987 delendae
1726 945 1856 999 super-

109 1008 259 1061 posito,
288 1006 347 1046 vel
379 1006 494 1046 obelo
513 1007 618 1045 tenui
638 1005 717 1045 illas
734 1003 982 1059 transfigente
1001 1019 1023 1044 a
1044 1004 1176 1044 dextra
1195 1003 1245 1043 ad
1267 1003 1476 1048 finistram‚
1507 1001 1590 1052 vel,
1615 1001 1724 1056 quod
1746 999 1852 1055 pessi-

111 1076 217 1103 mum
237 1075 356 1116 aeque
373 1073 489 1115 atque
507 1059 848 1115 frequentissimum
867 1060 945 1110 est,
967 1059 1154 1114 scalpello.
1185 1059 1295 1099 Hinc
1314 1058 1392 1108 est,
1421 1056 1532 1112 quod
1561 1057 1750 1110 prioribus
1771 1056 1854 1096 lite-

110 1119 162 1158 ris
187 1117 319 1166 erafis,
348 1115 564 1156 substitutae
591 1129 717 1156 novae
745 1127 955 1169 apparent3
982 1116 1034 1155 ita
1055 1127 1185 1156 tamen
1203 1125 1246 1154 ut
1275 1114 1381 1167 prior
1411 1113 1593 1166 script-ura
1615 1113 1657 1151 in
1678 1111 1759 1152 aliis
1782 1110 1849 1150 sub

111 1172 234 1213 rasura
261 1171 388 1212 adhuc
417 1171 493 1226 legi
512 1170 648 1225 poffit‚
676 1171 715 1210 in
738 1171 820 1211 aliis
840 1184 933 1211 vero
953 1169 1151 1224 dispareat.
1207 1168 1482 1218 Cassiodorus,
1514 1166 1690 1208 Divi-nar.
1745 1166 1850 1206 Le&

113 1227 163 1268 C.
192 1227 286 1269 XV.
314 1227 489 1281 integro,
519 1238 721 1280 praecepta
740 1225 1035 1266 Emendationis
1055 1225 1259 1278 scripturae
1287 1223 1427 1274 tradit,
1458 1235 1623 1277 quorum
1649 1220 1748 1262 istud
1766 1235 1850 1260 non

66 1291 80 1302 ·
111 1282 344 1337 postremum
372 1282 446 1322 est:
478 1313 503 1332 ,‚
531 1281 671 1321 Precor
699 1281 815 1321 etiam
845 1294 936 1330 vos,
966 1281 1032 1334 qui
1060 1292 1190 1320 tamen
1212 1279 1420 1320 emendare
1441 1277 1702 1332 praesumitis,
1730 1288 1774 1316 ut
1794 1275 1851 1316 su-

112 1369 138 1389 „
167 1337 402 1391 peradjestas
430 1337 556 1377 literas
583 1337 636 1376 ita
665 1336 938 1390 pulcherrimas
967 1336 1090 1376 facere
1110 1335 1315 1386 studeatis,
1345 1347 1388 1376 ut
1408 1334 1538 1388 potius
1557 1330 1856 1386 abAntiquariis

111 1424 138 1445 „
167 1393 324 1445 scriptae
344 1391 451 1432 fuisse
466 1391 694 1445 judicentur.

167 1449 351 1489 Ceterum
379 1458 463 1488 utut
492 1459 596 1487 extra
623 1446 781 1487 dubium
811 1445 879 1496 fit,
909 1446 1184 1488 Correffiones
1205 1445 1394 1488 &lituras
1415 1443 1491 1485 esst:
1511 1443 1764 1499 posteriores,
1795 1441 1853 1482 ine

111 1516 257 1544 certum
285 1515 413 1543 tamen
444 1516 492 1541 an
523 1502 669 1556 semper
699 1502 772 1542 sint
802 1502 923 1556 prio'ri
953 1501 1136 1556 scriptura
1159 1501 1359 1552 meliores,
1389 1499 1659 1545 multominus
1681 1510 1854 1546 certum,

111 1573 162 1599 an
182 1558 231 1598 ad
250 1558 367 1599 fidem
389 1557 548 1598 aliorum
570 1557 765 1598 Codicum
783 1571 996 1612 eorumque
1014 1557 1299 1612 antiquiorum,
1330 1568 1458 1597 utrum
1479 1555 1573 1596 item
1593 1554 1640 1594 ab
1650 1552 1786 1609 eadem
1801 1566 1853 1592 an

109 1613 264 1668 juniore
283 1627 398 1654 manu
419 1612 614 1667 profefitae
636 1612 734 1653 fint?
764 1612 896 1653 Nobis
916 1613 1020 1653 enim
1043 1626 1124 1653 non
1146 1613 1313 1670 contigit
1332 1610 1409 1654 effi:
1428 1622 1508 1651 tam
1529 1609 1670 1661 acutis,
1700 1619 1744 1651 ut
1758 1607 1857 1649 divi-⁴

112 1683 204 1709 nare
224 1682 429 1723 queamus,
457 1683 647 1722 quaenam
669 1681 802 1709 manus
821 1668 921 1708 hanc
941 1667 1001 1709 vel
1021 1667 1124 1719 illam
1145 1667 1326 1723 syllabam
1347 1666 1511 1710 erastrirj.

173 1737 190 1763 1
203 1737 235 1771 ς.
264 1723 444 1763 Solebant
472 1724 588 1762 etiam
617 1723 780 1762 Librarii
809 1734 977 1763 veterem
1009 1722 1231 1775 scripturam
1252 1723 1425 1774 spongia
1439 1720 1595 1769 delere,
1632 1721 1674 1758 ὅτ
1692 1719 1766 1764 alia
1797 1717 1857 1757 su·>

118 1778 355 1833 perscribere.
385 1777 479 1818 Hoc
509 1791 589 1816 non
619 1777 686 1816 uni
710 1787 858 1817 tantum
881 1776 1011 1816 literae
1031 1787 1095 1817 aut
1115 1775 1205 1817 voci
1226 1774 1412 1830 contigit,
1433 1775 1543 1827 cujus
1557 1774 1613 1816 rei
1632 1772 1791 1827 vestigia
1812 1773 1856 1812 in

115 1833 269 1873 Codice
297 1831 603 1886 Cantabrigiensi
633 1842 785 1881 extant,
813 1830 879 1872 std
909 1831 1068 1884 integris
1088 1831 1204 1870 etiam
1226 1829 1340 1873 libris.
1400 1828 1572 1872 Cautum
1590 1827 1751 1882 quidem
1771 1837 1856 1868 erae

114 1889 280 1929 Canone
301 1889 367 1927 68.
399 1887 569 1926 Concilii
601 1886 726 1938 Quini
754 1885 855 1925 Sexti
885 1882 964 1935 περὶ
993 1884 1054 1924 τοῦ
1084 1880 1132 1932 μὴ
1161 1879 1275 1936 ἐξιέναι
1294 1880 1357 1922 ‘rivi
1376 1880 1446 1922 ὧν
1463 1880 1610 1922 πάντων
1631 1880 1772 1927 βιὲλῖων
1791 1881 1856 1930 τῖς

114 1942 288 1984 wanda
318 1938 378 1982 καὶ
404 1941 512 1983 καινῗῆς
538 1939 688 1984 ὣαθῆκης
709 1938 916 1992 ὃιαφθεῖςειν.
946 1966 972 1989 „
1002 1953 1053 1980 ne
1070 1939 1134 1980 cui
1152 1938 1304 1985 liceret,
1334 1952 1381 1979 ex
1401 1937 1585 1982 univerfis
1605 1937 1713 1979 libris
1730 1937 1782 1979 V.
1813 1940 1857 1977 &¹

114 2028 140 2049 „
168 1999 225 2040 N.
253 1999 304 2039 T.
333 1998 537 2052 quicquam
567 1999 845 2051 corrumpere''.
900 1995 995 2034 Hoc
1021 2006 1152 2036 tamen
1180 2008 1263 2034 non
1289 1992 1466 2037 obstante
1491 1991 1692 2034 Balsambn
1716 2006 1853 2047 quere-

113 2054 187 2094 lam
219 2053 380 2095 eandem
404 2052 562 2107 repetit:
617 2049 706 2094 Τίνες
735 2050 769 2090 δι’
797 2047 1046 2103 αι’χροκὲςδὲιαν
1071 2047 1211 2095 βιζλῖων
1240 2047 1308 2089 τῶν
1337 2046 1434 2088 &2wa
1461 2047 1604 2101 ’γςειφὲἷν
1625 2045 1858 2098 ἓμπορεύμενοὲ

115 2107 308 2156 ἀπῆλειφον
329 2123 364 2163 p.
385 2122 420 2161 p.
453 2104 648 2153 Σημεῖωσαι
670 2107 794 2147 ταῦτα,
811 2105 868 2146 διὰ,
887 2104 965 2148 τοὺς
983 2102 1282 2151 βιξλιοκαπῆλους
1302 2103 1379 2146 τοὺς
1390 2103 1667 2152 &wamiam-<25
1679 2100 1856 2144 τδνθεῖων

114 2163 270 2215 γραφῶν.
329 2195 354 2214 ,,
431 2164 559 2203 uidam
576 2163 695 2216 turpis
712 2163 804 2202 lucri
825 2162 945 2217 gratia
965 2161 1082 2202 libros
1101 2162 1317 2216 Scripturae
1337 2160 1373 2201 S.
1403 2162 1561 2203 mercati
1580 2160 1855 2205 deleverunt-a

116 2250 142 2269 „
171 2220 282 2260 Nota
313 2220 407 2259 haec
439 2231 595 2272 propter
624 2218 835 2272 Caupones
863 2218 1069 2268 librorum,
1107 2218 1174 2272 qui
1195 2216 1434 2258 membranas
1455 2216 1489 2256 S.
1519 2215 1556 2255 S.
1585 2216 1751 2258 delent”.
1781 2215 1855 2258 Pa-

115 2274 360 2329 laeographia
381 2288 417 2327 p.
454 2276 543 2314 186.
571 2274 703 2314 talium
729 2273 910 2313 librorum
929 2273 1167 2313 mentionem
1188 2271 1303 2321 facit3
1330 2271 1448 2312 Tales
1469 2272 1554 2313 sunt
1576 2272 1618 2312 in
1641 2272 1853 2315 Bibliothe-

115 2344 162 2370 ca
183 2331 310 2383 Regia
331 2329 502 2370 Codices
530 2342 649 2380 1905.
679 2333 718 2368 &
744 2341 864 2380 2245.
894 2328 993 2368 infra
1013 2327 1262 2368 describendi.

178 2389 239 2425 16.
269 2384 492 2438 Aliquando
522 2385 670 2438 integra
701 2383 792 2423 folia
824 2384 864 2423 in
886 2383 1199 2440 Supplementnm
1220 2383 1509 2437 deperditorum
1532 2397 1553 2423 a
1570 2382 1716 2436 juniori
1734 2398 1852 2425 manu

117 2440 303 2493 adscripta
338 2439 558 2480 inseruntur.
613 2439 737 2493 Qiod
764 2438 979 2479 notandum
1007 2439 1084 2489 est,
1114 2452 1164 2479 ne
1190 2438 1312 2479 leitor
1342 2438 1465 2493 specie
1483 2438 1639 2491 majoris
1659 2439 1855 2480 vetustatis

116 2495 349 2548 decipiatur,
380 2495 487 2548 quod
507 2510 527 2535 a
550 2495 654 2535 Beza
676 2507 790 2548 atque
811 2494 987 2535 Simonio
1007 2493 1150 2537 fastum
1167 2494 1244 2544 est,
1275 2494 1343 2548 qui
1363 2493 1451 2534 talia
1471 2493 1680 2538 affumenta
1698 2507 1744 2535 ex
1770 2495 1854 2535 Co-

116 2549 202 2590 dice
225 2550 528 2604 Cantabrigiensi
550 2553 588 2589 &
610 2550 646 2590 S.
677 2550 865 2590 Germani
884 2564 956 2604 pro
974 2550 1151 2605 genuinis
1169 2549 1425 2592 venditarunt.

177 2618 238 2655 17.
270 2605 502 2645 Notandum
525 2606 639 2645 etiam
660 2605 714 2645 est
726 2636 737 2655 ‚
768 2606 832 2645 ubi
851 2620 871 2645 a
891 2605 1013 2660 prima
1034 2605 1094 2646 vel
1122 2605 1169 2645 ab
1190 2604 1262 2646 alia
1283 2619 1423 2655 manu,
1441 2604 1624 2657 hujusvel
1650 2604 1734 2646 illus
1740 2605 1851 2659 festi,

117 2674 197 2714 quo
227 2672 328 2700 certa
358 2661 557 2710 Euangelii
596 2671 660 2700 aut
688 2660 883 2713 Epistolae
916 2658 1091 2714 πεςικοπῖι
1123 2659 1286 2715 legenda
1306 2660 1382 2711 est,
1412 2659 1456 2700 fit
1478 2660 1651 2710 mentio;
1679 2662 1772 2701 item
1787 2661 1854 2702 ubi

117 2716 220 2757 varia
240 2716 417 2756 Nomina
438 2716 629 2766 Urbium,
660 2716 943 2757 Coenobiorum
956 2747 967 2766 ‚
999 2716 1280 2771 hominumque
1297 2727 1522 2757 occurrunt:
1553 2714 1648 2756 haec
1658 2717 1762 2757 enim
1779 2729 1854 2758 nos

118 2770 273 2823 poffunt
302 2770 493 2812 deducere
533 2772 570 2811 in
602 2771 779 2812 notitiam
811 2771 870 2812 vel
901 2772 1106 2825 temporis,
1135 2785 1215 2825 quo
1246 2770 1404 2825 scriptus
1432 2770 1503 2812 fuit
1522 2770 1638 2823 liber,
1667 2771 1727 2812 vel
1751 2771 1858 2822 loci,

117 2825 182 2865 ubi
211 2826 335 2866 usibus
366 2826 524 2880 publicis
545 2825 734 2874 inserviit·,
765 2827 804 2866 in
822 2841 898 2882 qua
920 2827 1170 2881 indagatione
1189 2826 1352 2868 multum
1375 2840 1448 2867 nos
1466 2826 1616 2880 juvaret
1638 2827 1850 2868 accuratior

120 2881 255 2920 notitia
285 2892 364 2921 tum
395 2881 642 2923 institutionis
672 2881 851 2922 festorum
882 2882 1250 2933 Ecclesiasticorum‚
1280 2894 1363 2923 tum
1383 2895 1597 2933 annorum,
1627 2881 1765 2938 quibus
1785 2881 1849 2922 hic

123 2934 182 2973 vel
211 2935 295 2985 ille,
326 2937 433 2990 cujus
453 2938 598 2978 mentio
619 2936 684 2986 fit,
714 2937 981 2991 Magistratum
1001 2937 1120 2993 gestit.
1178 2971 1180 2975 ,

180 2991 239 3028 18.
266 2991 446 3045 Inprimis
474 2992 712 3042 notandum,
744 2994 829 3047 quis
856 2993 900 3033 fit
914 2992 1087 3046 peffeffor
1109 2993 1266 3047 alicujus
1285 2992 1449 3034 Codicis
1469 2996 1510 3034 δε
1531 2993 1617 3048 quis
1633 2991 1745 3034 fuerit
1758 2996 1774 3033 ?
1789 3006 1851 3041 ne,

119 3044 229 3106 quod
262 3044 403 3097 saepius
434 3047 594 3097 accidit,
621 3047 788 3088 eundem
819 3048 952 3092 testem
971 3061 1044 3103 pro
1063 3048 1182 3089 tribus
1202 3061 1267 3089 aut
1288 3061 1452 3103 quatuor
1471 3049 1640 3092 citemus.
1696 3048 1789 3101 Qia
1810 3048 1852 3086 in

121 3112 162 3138 re
190 3099 380 3140 Simonius
407 3101 663 3147 deVersion.
694 3103 750 3144 N.
779 3103 829 3145 T.
858 3118 890 3143 c.
926 3117 989 3157 32.
1020 3103 1275 3145 Amelottium
1303 3103 1392 3144 salse
1423 3102 1547 3154 ridet,
1576 3100 1853 3159 qui'Stephani

122 3152 313 3195 Codicem
336 3158 528 3209 primum,
556 3161 596 3197 &
629 3157 956 3213 Complutensem‚
987 3161 1028 3200 ὃς
1049 3158 1269 3200 Cardinalis
1292 3158 1465 3200 Ximenii
1484 3193 1496 3210 ,
1526 3162 1571 3198 Se
1586 3157 1850 3252 Cisnerii‚A8lc
