1976 3519
451 221 1448 269 PROLEGOMENA:
1780 235 1831 273 61

92 326 160 355 cae
179 311 282 365 regis
301 309 484 361 Galliae,
511 309 676 352 totidem
705 309 832 362 Regis
854 307 1080 363 Hispaniae
1102 307 1278 360 codices,
1309 315 1350 351 δε
1370 324 1443 367 pro
1464 312 1650 355 Editione
1671 312 1835 369 Stepha-

92 370 136 409 m·
161 381 209 407 ex
226 365 398 421 sedecim
427 365 622 406 codicibus
644 364 692 404 ab
723 378 771 404 eo
799 374 947 412 curata,
966 362 1137 416 sedecim
1166 365 1320 406 codices
1350 380 1448 420 quos
1472 370 1646 410 marchio
1672 370 1835 423 Velefius

92 422 314 476 inspexerit,
344 420 614 462 substituerent.
643 418 746 459 Casu
763 420 868 459 enim
886 417 1047 459 fortuito
1069 418 1151 459 fieri
1175 421 1238 460 vix
1259 422 1407 474 potuit,
1436 435 1478 464 ut
1493 438 1671 466 numerus
1689 425 1833 480 duplex

91 476 290 518 Codicum
309 475 625 530 Stephanicorum
645 478 685 514 ὅ(
708 473 998 516 Velefianorum
1018 473 1111 514 estet
1129 473 1257 526 idem,
1285 475 1456 518 Codices
1482 490 1609 520 autem
1637 480 1757 522 essent
1775 481 1835 522 di-

119 532 200 573 erfi.

91 546 117 575 v
150 599 239 627 112.
267 585 437 627 Codices
466 583 640 624 Romam·
666 583 812 624 XXII.
841 583 901 623 Ex
928 583 1002 623 illis
1033 584 1085 624 X.
1112 584 1292 627 exhibere
1311 585 1491 628 dicuntur
1510 588 1740 642 Evangelia,
1770 591 1834 632 alii

90 640 202 683 VIII.
233 642 332 681 Asta
347 644 386 680 &
407 638 616 693 Epistolas,
645 638 813 693 denique
834 638 902 679 1V.
934 639 1219 694 Apocalypsm‚
1249 640 1448 682 contulisse
1475 657 1541 684 eos
1559 643 1658 697 juffu
1682 646 1836 687 Urbani

90 695 202 738 VIII.
230 696 356 749 Papae
377 695 532 735 Romae
550 694 774 748 conquisitis
798 693 910 734 MSS.
941 694 1139 735 codicibus
1160 696 1401 737 venerandae
1423 699 1661 752 antiquitatis
1681 715 1704 741 e
1723 700 1836 743 Vati-

89 766 186 793 cana
205 748 438 805 potiffimum
457 753 498 788 &
515 750 702 803 primariis
726 750 766 789 in
790 749 903 790 Urbe
926 749 1176 791 Bibliothecis
1202 751 1393 802 Joannem
1414 752 1672 794 Matthaeum
1692 756 1835 805 Carya-

81 806 256 862 philum‚
285 804 511 845 Cretensem
539 818 588 845 eo
617 804 716 855 fine,
744 816 787 845 ut
817 803 1015 845 inserviret
1043 804 1208 847 editioni
1239 806 1412 848 Graecae
1431 807 1545 848 Novi
1571 809 1833 863 Testamenti,

89 862 187 903 circa
207 873 349 900 annum
373 863 494 909 1625.
521 860 627 900 Cum
644 874 738 901 vero
756 858 957 900 consilium
977 859 1077 900 istud
1105 860 1156 900 ad
1177 861 1321 902 exitum
1345 862 1571 916 perdu&um
1593 879 1673 905 non
1697 865 1834 918 fuiffet,

90 915 264 957 Collatio
280 914 532 969 Caryophili,
561 915 704 956 mortui
724 917 790 955 ΑΟ.
818 917 892 965 163
906 926 937 961 ς.
949 945 961 965 ,
975 915 1015 954 in
1038 915 1279 957 Bibliotheca
1299 917 1493 959 Francisci
1513 918 1730 961 Cardinalis
1743 922 1836 962 Bar-

88 971 230 1020 berini,
261 970 416 1011 Urbani
434 970 561 1024 Papae
580 971 751 1024 nepotis,
780 968 945 1024 repofita
969 982 1084 1024 atque
1108 971 1160 1011 ibi
1181 972 1281 1012 circa
1301 986 1442 1014 annum
1473 977 1594 1025 1642.
1623 976 1671 1016 ab
1695 976 1833 1030 Isaaco

91 1025 211 1077 Voffi'o
225 1024 453 1079 conspesffl,
480 1024 637 1065 tandem
656 1027 722 1066 ΛΟ.
751 1029 871 1078 1673.
901 1039 923 1064 a
945 1024 998 1065 P.
1030 1025 1184 1076 ‘Poffino
1213 1026 1263 1067 ad
1289 1028 1432 1069 calcem
1455 1028 1629 1071 Catenae
1661 1031 1834 1075 Graecae

87 1082 130 1122 in
151 1079 350 1130 Marcum,
380 1081 534 1120 Romae
551 1081 698 1130 editae,
730 1079 926 1134 subjun&a
946 1079 1024 1127 est·,
1053 1094 1152 1135 quae
1173 1094 1261 1122 cum
1284 1082 1366 1122 sero
1386 1083 1426 1123 in
1456 1085 1640 1141 Angliam
1671 1086 1834 1129 advefiu

87 1136 201 1182 estet,
229 1136 376 1177 Editor
397 1134 629 1188 Oxonienfis
649 1138 716 1176 ΑΟ.
752 1142 830 1187 167
840 1148 872 1185 ς.
900 1148 981 1175 non
1003 1135 1073 1176 nifi
1095 1151 1116 1176 a
1138 1136 1281 1191 Capite
1303 1137 1436 1179 XXV.
1463 1138 1622 1181 demum
1644 1143 1834 1184 Ariorum

87 1191 401 1245 Apostolicorum
420 1205 465 1231 ea
484 1191 539 1230 uti
559 1191 708 1244 potuit:
737 1190 902 1231 Milltus
922 1204 1014 1231 vero
1037 1202 1160 1232 totam
1190 1193 1229 1232 in
1251 1191 1354 1233 suam
1379 1193 1594 1235 editionem
1626 1198 1835 1239 transtulit:

86 1246 199 1288 Haec
221 1246 310 1286 ideo
325 1246 508 1300 prolixius
527 1245 751 1300 exequenda
768 1245 865 1285 mihi
884 1244 998 1295 duxi,
1030 1260 1079 1286 ne
1096 1248 1201 1300 quis,
1220 1259 1262 1287 ut
1284 1262 1305 1287 a
1324 1249 1453 1289 multis
1474 1250 1618 1291 factum
1641 1252 1696 1292 est
1708 1284 1720 1302 ‚
1743 1267 1834 1293 con-

86 1300 264 1342 funderet
290 1300 392 1355 ipsos
424 1300 595 1342 Codices
622 1301 737 1342 MSS.
765 1314 853 1341 cum
875 1301 1086 1342 eorundem
1107 1302 1330 1343 Collatione
1351 1318 1372 1343 a
1392 1304 1637 1358 Caryophilo
1667 1308 1716 1347 ad
1741 1308 1834 1349 Edi-

86 1356 233 1397 tionem
248 1355 580 1410 Antwerpiensem
598 1357 689 1396 anni
715 1369 729 1396 ι
744 1368 836 1406 57²-
865 1356 1034 1397 instituta
1054 1359 1094 1396 &
1116 1370 1163 1398 ex
1187 1358 1425 1400 Bibliotheca
1448 1360 1643 1401 Barberini
1665 1362 1780 1405 edita.

142 1411 221 1452 Diu
249 1423 375 1452 autem
408 1414 449 1451 ὃς
477 1412 615 1452 merito
645 1411 740 1452 mihi
763 1411 926 1466 suspeEti
955 1411 1107 1453 fuerunt
1137 1413 1197 1453 isti
1216 1412 1390 1455 Codices
1413 1415 1609 1467 Romani,
1639 1419 1767 1470 primo
1796 1421 1836 1458 &

87 1467 290 1521 praecipue
307 1466 416 1521 quod
437 1466 662 1521 singularem
681 1466 922 1521 deprehendi
945 1466 1124 1508 historiae
1143 1468 1339 1509 Codicum
1363 1470 1521 1511 istorum
1552 1475 1592 1511 δε
1622 1472 1837 1525 Velcfiano-

87 1536 173 1562 rum
201 1530 322 1576 (quos
341 1521 486 1576 spurios
499 1521 597 1571 ess‘e,
619 1522 659 1562 ni
680 1521 790 1563 fallor
804 1552 815 1572 ,
837 1521 1121 1574 demonstravi)
1153 1525 1484 1576 convenientiam,
1513 1526 1613 1568 adeo
1634 1540 1676 1569 ut
1698 1529 1835 1570 eadem

88 1589 154 1618 aut
175 1576 301 1617 similis
321 1576 445 1618 fabula
464 1577 560 1617 mihi
577 1578 718 1617 narrari
741 1577 925 1618 videatur.
984 1578 1175 1619 Velefiani
1206 1579 1360 1620 codices
1389 1580 1485 1621 editi
1507 1581 1592 1622 sunt
1612 1584 1679 1626 ΑΟ.
1707 1589 1834 1628 1626:

86 1632 293 1673 Romanos
312 1633 451 1673 eodem
472 1644 647 1687 tempore
665 1631 865 1674 contulisse
892 1633 1032 1675 dicitur
1059 1633 1330 1689 Caryophilus.
1366 1635 1653 1679 Velefianarum
1686 1640 1836 1682 [εᾶἰο-

89 1700 182 1727 num
200 1687 321 1727 editio
340 1687 516 1728 dedicata
535 1688 588 1728 est
612 1689 644 1728 F
647 1688 819 1729 rancisco
842 1689 1043 1729 Cardinali
1068 1689 1303 1740 Barberino,
1336 1690 1489 1731 Urbani
1521 1694 1574 1733 P.
1596 1694 1650 1734 P.
1674 1694 1836 1736 Fratris

80 1741 172 1795 filio
193 1756 205 1780 .·
235 1743 466 1796 Caryophili
493 1756 592 1795 opus
605 1742 743 1797 juffu,
772 1754 815 1782 ut
842 1744 917 1791 ait,
943 1741 1181 1793 Santriffimi
1209 1745 1357 1784 domini
1385 1746 1502 1795 nostri
1525 1748 1678 1788 Urbani
1709 1750 1836 1793 VIII.

90 1808 285 1850 coeptum,
316 1800 354 1836 ὃ(
386 1798 427 1836 in
448 1797 687 1837 Bibliotheca
718 1797 987 1838 Barberiniana
1020 1797 1228 1851 repositum
1255 1799 1320 1839 est.
1375 1799 1600 1843 Velefianae
1628 1804 1835 1848 Leffiones

91 1852 218 1893 editae
239 1851 322 1892 sunt
341 1866 390 1892 eo
408 1851 591 1901 consilio,
622 1863 664 1892 ut
683 1852 866 1892 autoritas
893 1851 1087 1893 versionis
1114 1853 1276 1894 Latinae
1298 1854 1606 1897 confirmaretur:
1635 1859 1739 1901 idem
1763 1861 1836 1903 fuit

92 1907 324 1962 Caryophili
353 1907 572 1956 confilium,
601 1906 710 1959 quod
737 1907 893 1947 testatur
921 1906 1082 1947 Praefat.
1111 1907 1162 1946 ad
1183 1909 1397 1950 Lestorem.
1429 1940 1456 1960 ,‚
1478 1912 1639 1953 Summo
1667 1929 1836 1971 namque

92 1992 120 2014 ,‚
149 1963 225 2003 Dei
245 1961 432 2003 beneficio
451 1975 497 2002 ex
516 1961 588 2000 hac
607 1961 813 2001 collatione
829 1960 1067 2015 perspestum
1088 1962 1182 2002 illud
1200 1963 1255 2003 est
1267 1994 1278 2013 ‚
1300 1963 1507 2019 Vulgatam
1528 1967 1740 2011 editionem
1762 1973 1836 2012 La-

91 2047 120 2068 „
149 2017 293 2066 tinam,
323 2016 543 2057 testimonio
574 2016 815 2057 Graecorum
846 2014 1177 2058 vetustissimorum
1200 2018 1397 2060 Codicum
1427 2024 1466 2060 5<
1488 2023 1733 2076 Authorum,
1763 2027 1839 2069 esse

93 2102 121 2124 „
149 2071 422 2122 fidelissimam,
452 2075 490 2111 &
512 2072 666 2112 Graeco
684 2071 761 2117 illi,
789 2083 831 2112 ut
851 2071 888 2112 S.
908 2071 1174 2127 Hieronymus
1194 2086 1332 2120 vocat,
1354 2074 1453 2116 fonti
1474 2100 1542 2108 ----
1569 2091 1650 2118 non
1672 2081 1839 2124 immeri-

93 2157 121 2180 „
149 2138 192 2168 to
219 2127 584 2182 aequiparandam”.
613 2125 836 2168 Velefianae
854 2127 1078 2178 Lectiones,
1097 2141 1138 2168 ut
1162 2129 1350 2181 vidimus,
1365 2130 1576 2184 produitae
1596 2134 1680 2175 sunt
1702 2151 1723 2176 a
1749 2138 1839 2178 Ma-

95 2184 229 2233 riana,
258 2182 473 2233 Alcasare,
497 2185 537 2223 &
552 2181 603 2222 de
619 2181 661 2221 la
684 2181 830 2232 Cerda,
844 2183 1069 2224 &Societate
1079 2182 1179 2236 Jefit
1197 2199 1209 2223 :
1234 2186 1437 2227 Romanae
1460 2202 1553 2228 vero
1571 2204 1591 2228 a
1615 2191 1657 2230 P.
1681 2191 1837 2241 ‘Poffino

97 2252 144 2279 ex
163 2237 299 2278 eadem
319 2238 517 2279 Societate.
546 2238 650 2278 Cum
673 2252 766 2278 vero
787 2238 977 2278 constanti
1001 2237 1102 2278 fama
1125 2238 1288 2290 feratur,
1307 2254 1354 2281 ex
1371 2242 1432 2281 illa
1455 2242 1635 2286 societate
1656 2247 1839 2300 prodiisse

96 2293 325 2343 nonnullos,
338 2294 404 2348 qui
421 2309 444 2335 a
461 2294 534 2347 piis
551 2292 744 2333 staudibus
763 2305 844 2333 non
863 2292 975 2334 valde
995 2293 1243 2335 abhorrerent
1255 2325 1266 2346 ,
1279 2295 1397 2350 idque
1416 2297 1466 2338 de
1487 2299 1605 2340 tribus
1627 2303 1837 2356 prioribus,

98 2349 167 2403 qui
199 2348 415 2389 Velefianas
445 2349 649 2389 Leffiones
678 2349 956 2398 tractaverunt,
987 2349 1109 2390 modo
1142 2350 1345 2404 probatum
1366 2352 1433 2403 fit,
1464 2367 1545 2394 non
1576 2356 1768 2398 immerito
1786 2359 1837 2401 de

99 2404 225 2458 quarti
245 2404 360 2444 etiam
382 2403 459 2444 fide
478 2403 644 2444 dubitari
667 2403 773 2457 poffe
792 2404 1208 2460 existimamu33eoque
1230 2407 1493 2468 magis‚quod
1515 2424 1692 2453 numerus
1714 2414 1842 2455 Cocli·

99 2472 186 2499 cum
201 2458 480 2510 Romanorum,
496 2460 603 2500 uti&
620 2458 896 2511 Velcfianorum
908 2487 918 2505 ‚
931 2473 1017 2500 cum
1030 2473 1190 2501 numero
1203 2462 1400 2503 Codicum
1412 2462 1440 2502 S
1442 2463 1732 2519 tephant'corum
1745 2483 1840 2510 con-

100 2514 223 2567 gruit3
253 2528 343 2554 nam
369 2517 410 2554 ὃς
432 2514 648 2568 Stephanus
670 2515 709 2554 in
742 2514 926 2555 Editione
946 2515 1054 2556 tertia
1083 2515 1132 2555 ad
1165 2519 1377 2571 marginem
1398 2519 1492 2559 citat
1521 2520 1646 2560 decem
1668 2523 1841 2567 Codices

99 2569 215 2610 MSS.
244 2569 578 2623 Evangeliorum‚
608 2570 690 2609 oft‘o
714 2570 899 2610 Astorum
920 2573 958 2609 &
978 2570 1254 2624 Epistolarum‚
1282 2576 1323 2612 &c
1344 2582 1511 2629 quatuor
1530 2578 1839 2633 Apocalypseos:

102 2623 213 2676 (licet
232 2625 335 2665 enirn
356 2638 438 2664 non
464 2624 534 2665 nisi
554 2625 653 2665 duos
681 2624 969 2680 Apocalypseos
993 2625 1147 2667 codices
1176 2627 1331 2669 haberet
1352 2645 1385 2670 ιε.
1415 2633 1455 2669 &
1483 2646 1535 2673 ις’.
1564 2643 1692 2674 tamen
1713 2648 1842 2677 errore

100 2678 361 2734 Typographi
388 2679 500 2720 semel
528 2680 643 2720 etiam
669 2681 801 2720 tertius
832 2697 876 2720 aa..
906 2684 945 2720 &
971 2692 1124 2735 quartus
1143 2698 1166 2722 ε.
1198 2684 1386 2737 citantur)
1415 2688 1455 2724 &
1475 2686 1639 2728 totidem
1664 2689 1840 2741 Romae,

102 2747 174 2774 nec
189 2735 314 2788 plures
333 2748 404 2775 nec
424 2735 621 2788 pauciores
642 2738 681 2774 ὃ(
701 2735 998 2789 Evangeliorum
1020 2739 1059 2776 ὃ(
1079 2737 1334 2791 Epistolarum
1357 2743 1397 2779 ὃς
1420 2741 1711 2798 Apocalypseos
1731 2746 1841 2786 codi-

102 2800 164 2829 ces
188 2791 325 2844 reperti
350 2789 457 2831 fuisse
477 2790 679 2840 dicuntur,
710 2803 806 2845 quot
828 2791 1045 2845 Stephanus
1076 2792 1229 2842 habuit3
1258 2793 1366 2848 quod
1397 2795 1444 2835 ab
1471 2799 1581 2843 omni
1611 2800 1689 2839 veri
1716 2800 1844 2840 simili-

104 2843 238 2885 tudine
263 2845 464 2891 abhorret,
493 2846 563 2886 nisi
585 2846 612 2886 si
632 2847 718 2899 quis
738 2846 874 2900 probet
893 2876 906 2896 ,
936 2858 1010 2887 tres
1030 2847 1113 2888 illos
1134 2848 1320 2902 Stephani
1342 2863 1521 2892 numeros
1548 2866 1609 2894 ιο.
1642 2855 1677 2894 8.
1707 2867 1746 2905 4.
1778 2867 1843 2897 aut

105 2897 167 2938 sua
198 2911 330 2941 natura
359 2900 504 2951 sacros,
533 2913 597 2941 aut
625 2902 672 2941 ab
704 2900 860 2943 Urbano
893 2899 1020 2943 VIII.
1050 2902 1240 2945 Pontifice
1271 2905 1481 2958 Romano,
1510 2919 1551 2948 ut
1570 2909 1761 2951 honorem
1788 2911 1842 2951 R.

107 2951 298 3006 Stephano
321 2956 524 3005 tribueret,
552 2955 792 2997 consecratos
816 2955 933 2997 fuisse.

163 3008 283 3049 Porro
311 3011 581 3066 negligentiam
618 3010 763 3052 indicat
780 3040 792 3058 ,
826 3023 908 3053 tum
938 3011 1047 3067 quod
1077 3012 1127 3054 ad
1152 3027 1185 3054 1.
1205 3014 1300 3056 Cor.
1339 3015 1452 3057 XIII.
1488 3030 1521 3068 5.
1559 3031 1699 3059 novem
1737 3019 1844 3061 codi-

107 3075 196 3102 cum
214 3092 226 3112 ,
265 3067 304 3104 ὃς
341 3066 502 3119 Apocal.
531 3065 603 3106 IV.
635 3067 670 3107 8.
697 3069 748 3105 ’ὃς
786 3067 879 3109 VII.
921 3081 957 3121 3.
996 3071 1166 3124 quinque
1195 3069 1374 3111 codicum
1411 3072 1670 3116 testimonium
1709 3075 1841 3123 affert,

107 3130 194 3157 cum
214 3129 341 3159 tamen
365 3121 444 3174 ipse
463 3122 502 3161 in
531 3121 768 3175 praefatione
793 3121 966 3174 dixisset,
994 3124 1031 3164 se
1053 3125 1310 3178 Epistolarum
1332 3128 1484 3168 nonnisi
1518 3131 1551 3168 8.
1582 3133 1621 3169 δε
1650 3128 1844 3182 Apocaly-

107 3184 202 3225 peos
233 3174 383 3216 nonnisi
409 3188 448 3227 4.
477 3177 651 3223 Codices
679 3177 867 3220 habuisse:
898 3189 981 3220 turn
1008 3179 1126 3219 etiam
1160 3180 1276 3232 illud,
1305 3180 1414 3236 quod
1435 3195 1508 3224 nec
1525 3182 1678 3224 codices
1692 3196 1844 3224 eorum-

1001 3234 1046 3276 H
1078 3247 1098 3288 3
1767 3250 1844 3292 que
