1976 3519
471 265 1462 311 PRO-LEGOMENA.
1743 283 1817 322 173

149 358 203 398 At
222 355 314 404 alia,
343 353 554 407 eademque
571 353 732 406 duplex,
754 350 958 392 difficultas
975 366 1034 391 me
1054 351 1119 391 diu
1140 352 1368 405 impeditum
1389 354 1633 409 tenuitatque
1644 357 1818 397 vexavit:

98 412 200 452 Cum
220 411 322 451 enim
344 409 578 449 observarem
594 436 604 453 ‚
633 411 671 447 δε
693 421 772 448 non
793 420 931 460 paucas
952 406 1215 446 Curcellaeum
1237 409 1370 448 afferre
1386 410 1589 450 Leffiones
1611 410 1817 461 variantes,

96 481 193 521 quae
223 467 262 505 in
285 464 385 504 nulla
413 463 584 503 editione
603 466 640 502 &
663 463 702 501 in
724 461 833 502 nullis
856 460 1068 502 Codicibus
1089 461 1233 515 scriptis
1255 464 1512 516 reperiuntur,
1542 468 1581 503 ὃς
1604 465 1719 519 longe
1741 481 1819 506 rna-

95 523 236 562 ximam
265 520 513 566 Lectionum,
544 531 636 571 quas
665 517 795 566 affert,
826 514 1066 556 Variantium
1095 529 1241 569 partem
1271 518 1310 556 in
1331 532 1410 558 uno
1431 521 1470 557 ὅ(
1487 519 1568 558 solo
1589 521 1741 561 Codice
1763 524 1819 560 A-

96 576 318 618 lexandrino
346 574 520 626 reperiri,
548 572 774 625 quaerebam
795 570 900 624 apud
920 585 1003 620 me,
1024 572 1127 611 unde
1148 571 1389 612 Curcellaeus
1418 572 1588 614 haufiffet
1608 576 1813 626 lestiones,

95 647 193 687 quae
219 642 282 671 aut
308 628 491 682 nusquam
512 628 769 680 reperiuntur,
798 638 862 666 aut
880 626 1032 666 nonnisi
1051 626 1091 666 in
1110 626 1263 666 Codice
1283 627 1570 678 Alexandrino,
1600 643 1679 683 quo
1703 630 1739 670 se
1761 642 1816 671 ta-

94 701 182 728 men
202 699 280 725 non
300 683 405 724 fuisse
421 682 525 722 usum
547 682 822 722 affirmaverat?
851 708 875 731 ,‚
886 681 1062 735 Insuper,
1092 683 1246 734 inquit,
1269 681 1470 723 Variarum
1491 683 1700 724 lestionum
1721 684 1822 726 Col-

93 773 119 793 „
150 742 328 782 lectiones
346 738 495 778 Lutetia
517 736 668 777 fuerunt
687 736 786 776 mihi
806 736 853 776 ab
871 737 1001 776 animo
1022 737 1347 783 communicatae,
1376 737 1441 777 sed
1463 738 1659 791 aliquanto
1678 739 1815 791 serius,

94 828 121 848 „
151 809 236 836 cum
253 807 315 834 eas
334 793 485 846 reliquis
501 791 709 846 adjungere
728 805 810 830 non
831 790 922 843 ess‘et
939 792 1129 845 integrum
1157 815 1222 823 ----
1252 792 1383 834 Altera
1402 807 1450 832 ex
1460 793 1671 842 Bibliorum
1695 795 1816 836 Grae-

91 879 120 903 „
147 863 277 890 corum
298 847 450 888 Codice
470 846 635 887 Theclae
659 869 724 877 ----
753 845 899 887 Carolo
919 845 948 887 I.
980 844 1143 899 A'ngliae
1164 848 1244 901 regi
1269 862 1290 886 a
1310 847 1460 902 Cyrillo
1479 848 1817 903 Constantinopo-

93 934 120 957 „
149 906 228 945 leos
252 903 468 943 Patriarcha
500 901 608 942 dono
628 901 759 947 misso,
790 915 904 954 quem
924 901 1072 941 illustris
1092 903 1148 942 vir
1170 903 1292 956 Hugo
1311 903 1472 943 Grotius
1492 903 1535 949 in
1554 903 1627 943 suis
1650 917 1812 946 annota-

90 992 117 1013 ,‚
147 959 314 1002 tionibus
344 958 383 997 in
417 956 475 997 N.
501 957 552 997 T.
581 957 780 1011 aliquoties
797 956 863 996 sub
884 955 1038 1010 Anglici
1059 957 1203 997 codicis
1224 959 1381 998 nomine
1404 958 1507 1000 citat.
1536 982 1600 990 -—--
1628 959 1709 1007 Sed.
1727 962 1816 1014 quia

91 1044 116 1066 ,‚
145 1013 357 1067 grandioris
385 1012 469 1052 sunt
501 1012 634 1062 molis,
666 1025 781 1065 quam
807 1024 850 1052 ut
869 1011 909 1050 in
929 1011 1158 1065 Appendice
1173 1013 1343 1052 exhiberi
1364 1013 1535 1066 postem,
1564 1013 1628 1053 alii
1646 1014 1811 1055 editioni

88 1102 114 1123 ‚‚
144 1060 184 1109 in
206 1069 340 1121 majori
360 1067 484 1107 forma
503 1083 524 1107 a
544 1068 654 1107 nobis
674 1066 928 1116 reservantur,
959 1067 984 1107 fi
1005 1067 1112 1107 Deus
1129 1067 1301 1118 dederit,
1327 1079 1367 1108 ut
1389 1083 1471 1108 eam
1481 1068 1690 1122 aliquando
1702 1070 1814 1111 ador-

90 1157 117 1176 „
145 1139 234 1165 nare
262 1125 411 1163 vacet”.
469 1123 573 1162 Cum
600 1122 695 1162 haec
725 1136 812 1161 cura
833 1135 895 1162 me
913 1133 1095 1176 coqueret
1124 1134 1243 1176 atque,
1257 1123 1489 1169 sollicitaret,
1517 1137 1647 1177 ,eoque
1670 1127 1813 1179 magis,

91 1180 197 1235 quod
215 1178 263 1218 de
282 1178 352 1217 viri
372 1177 509 1231 optimi
532 1177 608 1216 fide
630 1191 709 1217 non
731 1176 973 1226 dubitabam,
1005 1176 1103 1217 forte
1125 1177 1278 1217 fortuna
1297 1179 1335 1217 in
1358 1178 1459 1231 ipsos
1482 1177 1678 1227 fasciculos
1699 1181 1815 1231 Lute—

87 1238 139 1277 tia
169 1239 207 1274 &
237 1232 418 1274 Londino
442 1231 490 1271 ad
512 1231 774 1272 Curcellaeum
797 1230 947 1281 missos,
978 1233 1044 1286 qui
1065 1232 1163 1272 inter
1183 1232 1340 1272 schedas
1362 1232 1433 1273 viri
1453 1234 1553 1282 Rev.
1583 1234 1769 1290 ‘Phihppi
1789 1235 1814 1275 a

89 1288 300 1330 Limborch
316 1287 382 1328 diu
395 1287 626 1328 delituerant
636 1314 646 1331 ,
659 1285 786 1326 incidi.
799 1286 909 1340 Quid
922 1287 1123 1340 repererim
1135 1317 1146 1336 ‚
1160 1288 1288 1340 paucis
1299 1301 1502 1341 exponam.
1515 1288 1728 1330 Fasciculus
1739 1293 1814 1343 pri-

87 1358 170 1386 mus
188 1343 360 1384 continet
377 1342 521 1392 literas,
551 1354 592 1382 ut
615 1341 825 1382 Curcellaei
852 1356 966 1383 manu
992 1354 1168 1382 notatum
1191 1343 1275 1392 est,-
1298 1343 1350 1383 E.
1370 1342 1611 1396 ,Ezggotigin
1622 1345 1756 1398 quibus
1767 1361 1814 1386 ex

83 1399 295 1440 Codicibus
315 1397 424 1451 supra
444 1411 480 1437 n.
497 1410 588 1448 103.
600 1400 639 1436 &
656 1410 758 1447 104..v
771 1396 968 1451 descriptis
979 1397 1130 1438 nonnisi
1145 1397 1403 1451 septendecim
1416 1398 1619 1452 Variantes
1632 1400 1814 1442 leffiones

87 1454 137 1496 ad
159 1453 400 1495 Matthaeum
422 1456 461 1492 &
482 1452 658 1493 Marcum
676 1464 784 1493 erant
800 1465 1021 1506 excerptae,
1052 1453 1410 1499 nimirumdllatth.
1438 1454 1486 1493 II.
1505 1467 1519 1492 1
1534 1467 1566 1493 1.
1591 1454 1714 1505 ⁴111.7.
1744 1457 1815 1498 IV.

90 1524 151 1550 10.
185 1511 244 1550 18.
285 1509 335 1549 X.
367 1509 402 1547 8.
442 1507 598 1548 XXIII.
630 1520 692 1558 25.
734 1506 891 1548 XXIV.
919 1520 986 1559 49.
1016 1508 1172 1549 XXVI.
1205 1521 1269 1559 71.
1302 1521 1365 1559 74.
1396 1507 1573 1549 XXVII.
1607 1523 1670 1562 35.
1700 1511 1811 1552 Mar.

86 1566 136 1606 ΙΙ-
169 1566 230 1605 18.
268 1564 339 1604 IV.
372 1564 408 1604 8.
446 1563 516 1604 VI.
551 1574 614 1611 ις.
648 1575 710 1616 33.
741 1562 812 1603 IX.
847 1576 910 1602 20.
942 1576 1010 1613 40.
1041 1563 1151 1605 XIV.
1188 1576 1247 1611 ῖς.
1305 1563 1697 1615 Secundus-'continet
1718 1565 1815 1606 ἀπέ-

85 1633 215 1674 γςαφον
246 1618 477 1659 Collationis
492 1618 577 1658 MS.
606 1618 931 1672 Cantabrigienfis
948 1633 969 1658 a
989 1619 1030 1658 P.
1052 1618 1173 1672 Junio
1194 1619 1408 1670 institutae,
1438 1634 1508 1671 nec
1529 1635 1610 1672 non
1635 1621 1809 1662 collatio-

84 1690 175 1717 nem
196 1685 405 1715 accuratam
424 1673 586 1713 Codicis
608 1673 878 1722 Alexandrini,
901 1674 1038 1726 partim
1060 1672 1361 1731 PatriciiJunii,
1380 1676 1518 1728 partim
1542 1676 1574 1716 F
1578 1675 1731 1716 rancisci
1745 1672 1813 1730 Ju-

84 1732 141 1771 nii
169 1744 283 1770 manu
313 1728 558 1781 descriptam3
589 1728 724 1780 quibus
752 1728 993 1772 Curcellaeus
1011 1729 1052 1768 in
1072 1729 1145 1768 hac
1163 1729 1339 1769 editione
1356 1730 1542 1783 ususnon
1561 1731 1624 1771 est.
1656 1732 1812 1773 Tertius

87 1798 202 1826 manu
230 1782 442 1824 Nlichaelis
466 1781 642 1820 Falcarii
662 1781 839 1834 scriptus,
872 1782 1042 1822 &Davidi
1069 1797 1160 1822 vero
1183 1782 1384 1823 Blondello
1406 1784 1605 1837 inscriptus
1626 1785 1814 1839 (quorum

86 1841 148 1881 ille
171 1841 236 1880 ΑΟ.
271 1842 389 1887 1657.
420 1837 486 1877 iste
506 1851 597 1877 vero
612 1836 776 1889 jamiA0.
812 1840 861 1875 16
868 1849 940 1887 55..
956 1837 1059 1881 diem
1079 1836 1246 1890 obierat)
1267 1838 1420 1886 exhibet
1433 1839 1696 1891 Collationem
1709 1839 1808 1881 duoss-

87 1909 171 1936 rum
200 1893 400 1937 codicum,
429 1893 496 1945 qui
525 1891 731 1945 aliquando
760 1891 886 1937 fimul,
916 1892 1131 1946 aliquando,
1156 1893 1307 1939 alternis
1333 1895 1518 1942 citantur,
1551 1895 1650 1947 *alter
1672 1896 1812 1937 Codex

87 1950 303 1990 constanter
325 1948 533 2001 appellatur
552 1947 782 1996 Puteanus,
810 1946 940 2000 estque
961 1947 1085 1991 codex
1107 1948 1433 1994 Claromontanus
1446 1950 1698 2002 epistolarum
1717 1950 1813 1992 Pau-

86 2007 134 2045 li:
162 2005 202 2044 in
233 2004 381 2045 alterius
411 2002 568 2042 nomine
600 2005 782 2042 variatum
812 2001 888 2048 est;
930 2014 986 2042 ter
1006 2002 1164 2056 quidem
1184 2003 1224 2042 in
1249 2004 1369 2055 prima
1388 2006 1527 2058 pagina
1549 2017 1707 2045 vocatur
1730 2005 1810 2046 Co-

85 2060 157 2100 dex
190 2057 373 2108 Theclae,
401 2058 456 2097 bis
486 2057 608 2097 codex
637 2056 859 2109 Anglicus,
886 2055 1027 2097 deinde
1046 2071 1113 2111 per
1140 2057 1264 2111 plures
1285 2060 1442 2112 paginas
1462 2060 1697 2112 compendio
1716 2057 1812 2108 5172,

77 2113 241 2156 ·tandem
260 2127 375 2157 vero,
404 2116 444 2152 δε
461 2113 502 2151 in
520 2111 599 2166 ipsa
616 2110 1000 2165 inscriptione,venit
1016 2114 1173 2153 nomine
1196 2114 1358 2154 Codicis
1381 2114 1583 2166 Thnanaet'
1593 2146 1606 2164 ,
1619 2116 1811 2169 quaesunt

85 2181 246 2225 quatuor
273 2169 382 2209 unius
407 2167 654 2221 ejusdemque
684 2166 846 2207 Codicis
871 2168 1123 2210 Alexandrini
1154 2169 1341 2217 nomina„
1379 2168 1508 2210 Facile
1524 2170 1604 2222 jam
1630 2171 1808 2226 intelligi-

82 2239 190 2274 mus,
222 2223 423 2279 quomodo
446 2223 617 2263 Falcario
638 2222 787 2261 homini
810 2222 926 2264 Gallo
946 2227 985 2261 &
1006 2223 1467 2273 EcclefiaekReformatae
1488 2225 1669 2276 Ministro
1680 2226 1743 2266 hic
1753 2242 1811 2267 er-

86 2295 149 2321 ror
176 2281 379 2333 obrepere,
409 2281 447 2317 &
478 2277 701 2318 Curcellaeo
722 2276 850 2317 fucum
875 2277 997 2320 facere
1025 2280 1201 2332 potuerit.
1257 2277 1422 2324 Accessic
1450 2278 1544 2333 alius
1574 2295 1679 2323 error
1708 2280 1811 2323 haud

86 2335 199 2390 paulo
216 2335 390 2390 gravior,
421 2334 486 2387 qui
505 2334 608 2373 enirn
627 2333 724 2372 duos
743 2333 834 2373 istos
854 2333 1006 2374 codices
1024 2335 1267 2379 contulerunt
1288 2349 1374 2386 cum
1394 2334 1528 2385 editis,
1544 2350 1685 2390 parum
1704 2352 1810 2378 accu-

86 2403 164 2431 rate
184 2405 262 2431 rem
292 2389 499 2442 gesserunt,
529 2402 618 2428 nam
638 2389 676 2427 in
706 2388 923 2443 Evangeliis
939 2403 986 2429 ex
1004 2389 1139 2430 codice
1158 2389 1422 2430 Alexandrino
1444 2391 1613 2442 nonnisi
1625 2391 1808 2433 tredecim

77 2446 288 2487 variantes
309 2445 490 2484 leffiones
510 2455 761 2492 notaverunt,
791 2447 851 2493 ὃς,
882 2443 988 2497 quod
1009 2445 1130 2485 multo
1152 2446 1258 2499 pejus
1278 2445 1352 2495 est,
1373 2460 1459 2497 cunm
1472 2447 1811 2503 parumexercitat'i

86 2501 204 2541 efl‘ent
231 2501 270 2539 in
300 2499 468 2552 legendis
498 2499 610 2539 MSS.
641 2498 756 2538 literis
777 2499 984 2539 uncialibus
1004 2500 1082 2540 fine
1102 2500 1346 2541 distinetione
1369 2515 1506 2540 vocum
1527 2503 1708 2550 exarttis,
1739 2500 1812 2543 fre-

89 2567 248 2609 quenter
266 2555 304 2594 in
325 2555 497 2594 Puteano
520 2557 558 2592 &
577 2552 838 2594 Alexandrino
858 2554 992 2599 codice
1016 2555 1191 2608 imperite
1213 2559 1251 2594 ὃ(
1273 2570 1468 2608 perperam
1488 2557 1679 2609 legerunt,
1711 2554 1809 2612 quae

89 2611 128 2650 in
160 2611 246 2664 ipsis
278 2609 490 2649 Codicibus
521 2623 600 2648 non
619 2609 875 2662 reperiuntur,
904 2609 1012 2663 quod
1034 2611 1233 2651 minimum
1255 2613 1397 2651 centies
1419 2610 1493 2650 fa&
1514 2626 1559 2650 :m
1590 2613 1671 2660 est,
1704 2614 1809 2666 prae-

89 2677 188 2706 terea
207 2665 268 2706 ubi
299 2665 337 2704 in
352 2679 430 2704 uno
449 2664 663 2718 eodemque
683 2676 875 2704 commate
892 2679 968 2704 vox
989 2665 1176 2719 quaedam
1198 2667 1253 2706 bis
1273 2667 1442 2715 extabat,
1476 2666 1693 2719 Collasores
1709 2683 1809 2709 non-

90 2721 157 2760 nisi
187 2734 339 2760 comma
368 2723 406 2758 ὅ(
435 2734 571 2761 vocem
601 2750 612 2769 ,
652 2719 758 2772 cujus
784 2720 992 2760 variantem
1022 2721 1224 2762 lechonem
1257 2721 1483 2762 exhibebant
1511 2752 1523 2771 ,
1553 2720 1806 2764 annotarunt:

88 2775 190 2815 unde
218 2775 357 2816 factum
377 2775 451 2824 est,
480 2786 522 2814 ut
542 2774 782 2814 Curcellaeus
812 2775 850 2813 in
874 2775 960 2814 loco
981 2773 1140 2816 varianti
1161 2776 1315 2815 'testium
1343 2775 1566 2830 al'zignando
1589 2778 1729 2832 passim*
1744 2777 1806 2817 ab·

86 2842 232 2870 erraret.
288 2831 345 2870 Ex
376 2829 447 2870 hac
478 2830 667 2883 postrema
697 2829 960 2870 observatione
990 2831 1252 2884 consequitur,
1298 2845 1383 2870 cum
1411 2833 1654 2872 Curcellaeus
1677 2833 1807 2888 <prae-

93 2896 150 2924 ter
171 2884 424 2938 septendecim
451 2885 531 2925 illas
549 2884 761 2925 Varietates
781 2899 826 2925 ex
850 2885 1060 2925 Codicibus
1085 2887 1352 2927 Mazariniano
1375 2890 1412 2925 ὃς
1433 2887 1469 2928 V
1474 2888 1694 2940 ignem-ano)
1725 2887 1806 2928 aliis

92 2938 282 2980 codicibus
302 2940 412 2980 MSS.
441 2940 526 2980 usus
554 2954 633 2980 non
661 2940 707 2980 fit
736 2940 802 2980 nisi
826 2940 1088 2981 Alexandrino
1118 2945 1156 2980 &
1181 2942 1511 2990 Claro-montano,
1544 2943 1731 2983 variantes
1755 2943 1806 2983 le-

91 2993 235 3033 &iones
264 2995 302 3033 in
330 2995 410 3048 ejus
441 2995 613 3035 editione
640 2995 845 3044 exhibitas,
874 3010 972 3049 quae
1003 3011 1072 3036 nec
1101 2997 1139 3036 in
1171 2997 1246 3037 istis
1276 2997 1423 3045 duobus
1442 2997 1655 3045 Codicibus
1675 2998 1806 3038 necin

91 3048 301 3088 editionum
330 3051 497 3101 priorum
528 3051 654 3104 aliqua
682 3051 920 3104 reperiuntur
938 3078 948 3097 ‚
979 3052 1020 3091 in
1048 3052 1178 3092 erratis
1206 3053 1480 3099 numerandas,
1513 3056 1552 3104 &
1583 3053 1688 3094 nullo
1717 3053 1805 3092 loco

87 3101 280 3142 habendas
304 3104 388 3145 ess‘e.

147 3161 184 3198 6.
211 3159 278 3198 A⁰.
310 3162 428 3199 1660.
457 3159 638 3212 Joannes
669 3161 862 3202 Pricaeus
894 3161 1208 3206 Commentarios
1228 3162 1359 3209 edidit
1386 3164 1427 3203 in
1450 3163 1575 3214 varios
1598 3162 1655 3217 N.
1682 3159 1731 3253 Tb?
1762 3159 1804 3198 li-

854 3217 893 3256 Y
925 3230 945 3269 3
1725 3226 1801 3263 ros,
