1976 3519
94 243 172 285 188
447 230 1434 279 PROLEGOMENA.

92 343 190 383 quae
219 340 305 367 cum
326 324 401 365 alio
422 324 629 379 Systemate
651 323 713 363 vix
741 321 941 363 consistere
973 319 1079 374 posse
1110 319 1299 359 videntur.
1356 317 1401 357 In
1433 316 1658 359 lectionibus
1690 318 1814 374 priva·

90 387 138 425 tis
169 381 343 423 tranavit
372 380 594 434 Ryffenium
614 409 625 428 ‚
667 391 780 431 quem
812 389 938 417 tamen
960 373 1164 427 saepiffime
1186 372 1331 413 refellit.
1388 372 1450 412 De
1467 373 1811 426 praedestinatione

91 453 166 480 una
196 438 359 477 lestione
388 436 488 490 egit,
519 437 558 473 ὃς
587 432 767 487 expositis
786 430 1173 485 Supralapsariorum,
1197 426 1816 481 Infralapsariorum,Universali-

92 494 228 534 starum
259 495 297 530 &
329 489 683 530 Remonstrantium
705 486 915 536 sententiis,
941 498 1145 538 earumque
1166 494 1246 523 tum
1268 482 1483 523 commodis
1502 496 1581 523 tum
1605 484 1817 524 incommo-

92 549 170 598 dis,
202 547 355 586 liberam
378 544 611 585 auditoribus
632 540 798 595 eligendi
818 541 925 581 dedit
948 541 1171 594 optionem:
1202 539 1240 577 in
1263 538 1349 578 loco
1370 550 1496 577 autern
1516 538 1641 578 alieno
1658 537 1708 578 de
1720 539 1818 579 Cre-

92 605 222 644 atione
252 601 480 641 Libertatem
511 598 677 639 hominis
706 610 855 644 veram,
884 595 1045 636 decretis
1075 593 1252 634 absolutis
1281 591 1480 633 manifesto
1513 604 1814 647 repugnantem,

92 658 220 698 multis
250 655 407 696 asseruit.
451 656 514 695 A⁶.
553 666 669 702 ¹722-
702 649 921 690 Formulam
953 649 1162 701 Conftnsus
1186 648 1233 687 ab
1254 662 1328 688 avo
1349 647 1414 688 suo
1434 647 1610 701 scriptam
1630 646 1818 700 seponen-

92 713 182 753 dam
214 723 327 765 atque
357 708 586 750 abolendam
618 705 692 747 esse
712 705 820 745 suasit
837 733 849 751 ,
887 705 1067 754 consilio,
1097 703 1156 743 cui
1177 716 1312 743 ornnes
1332 702 1506 743 Pastores
1528 706 1566 741 &
1585 701 1819 745 Professores

92 767 336 822 Theologiae
359 768 543 816 (excepto
570 762 650 815 ejus
672 760 880 814 avunculo,
911 761 977 814 qui
998 759 1047 799 ad
1070 758 1321 798 Conventum
1340 771 1420 798 non
1440 759 1616 810 venerat)
1642 756 1821 811 subscrip-

93 823 219 863 serunt
233 853 243 872 ,
274 820 427 861 Senatui
450 820 667 859 Ducentum
689 816 856 856 virorum
877 815 1021 869 petenti
1040 813 1146 853 dato.
1183 812 1376 853 Homines
1395 813 1461 865 qui
1483 812 1596 865 paulo
1620 812 1705 866 post
1727 813 1824 852 ‘Fie-

93 880 222 928 tifmz'‚
263 874 540 927 Anabaptt'smi
563 876 601 911 &
622 869 872 924 Separatifmt'
893 869 1220 917 insimulabantur,
1251 880 1331 907 non
1352 866 1548 908 vexandos
1567 879 1629 907 aut
1650 867 1742 908 urbe
1762 867 1823 907 vel

96 932 261 974 Ecclesia
294 927 565 983 expellendos,
597 925 662 966 sed
692 925 911 965 tolerandos
942 923 1016 965 ess‘e
1047 923 1187 976 scripto
1215 921 1348 962 itidem
1376 922 1619 976 Magistratui
1647 921 1821 962 exhibito

92 1002 180 1028 cum
197 986 342 1038 majore
364 982 616 1024 professorum
650 984 686 1020 ὅ(
716 980 912 1020 Pastorum
944 990 1049 1032 parte
1071 977 1206 1018 statuit.
1263 976 1353 1017 Nec
1375 977 1499 1016 minus
1519 988 1649 1030 aperte
1670 979 1709 1015 &
1730 976 1824 1017 libe-

93 1057 154 1091 re,
184 1041 277 1095 quid
310 1039 484 1086 sentiret,
516 1038 555 1076 iri
579 1033 780 1076 Articulis
810 1037 927 1074 novis
957 1033 1103 1073 Lexico
1125 1030 1342 1082 universali
1367 1030 1563 1084 Historico
1586 1029 1632 1076 &¹
1655 1031 1826 1085 Geogra-

85 1097 204 1152 phico
229 1095 459 1135 Germanice
480 1092 588 1133 edito
609 1091 655 1129 ab
677 1089 759 1143 ipso
777 1089 922 1129 insertis
944 1087 1059 1142 (vid.
1090 1085 1230 1139 Preces]
1261 1100 1298 1139 p.
1330 1084 1389 1138 2.)
1417 1085 1693 1132 manifestavit3
1721 1101 1754 1125 v.
1769 1100 1824 1140 gr.

147 1182 174 1202 ‚,
206 1149 390 1190 ATHEI.
446 1148 543 1188 Non
577 1160 660 1186 raro
691 1145 805 1184 etiam
839 1143 902 1193 fit,
931 1155 972 1184 ut
993 1143 1151 1197 scriptor
1169 1143 1284 1182 iratus
1303 1140 1518 1181 adversario
1540 1140 1631 1190 su0,
1659 1147 1724 1181 aut
1746 1141 1828 1192 illi,

95 1233 122 1256 „
150 1207 256 1259 cujus
278 1205 482 1257 opiniones
505 1216 583 1242 non
610 1200 782 1254 placent,
811 1199 936 1239 studio
958 1198 1062 1239 illum
1084 1196 1244 1237 invisum
1268 1195 1479 1246 reddendi,
1493 1196 1568 1236 hoc
1580 1209 1723 1236 nomen
1734 1210 1828 1236 con-

110 1293 121 1312 ,
153 1260 392 1302 tumeliosum
422 1259 617 1311 imponat,
658 1254 765 1309 quod
794 1269 815 1294 a
846 1253 973 1294 multis
1002 1253 1058 1294 H.
1091 1252 1256 1296 Grotio‚
1282 1251 1345 1304 Jo.
1376 1251 1548 1301 Lockio,
1573 1254 1645 1290 &c.
1674 1251 1829 1304 impofi-

93 1348 119 1367 „
149 1329 229 1356 tum
253 1315 316 1355 est.
347 1339 410 1347 —--
438 1312 558 1353 Athei
575 1310 744 1365 Systema
764 1309 869 1350 suum
890 1308 1002 1349 variis
1024 1307 1151 1347 modis
1171 1307 1418 1359 concipiunt,
1448 1305 1490 1346 id
1514 1317 1641 1346 autem
1662 1305 1829 1358 plerum-

91 1402 116 1424 „
147 1385 222 1425 que
244 1369 537 1410 fundamentum
559 1376 710 1420 ponunt
739 1390 802 1395 --
831 1362 978 1403 tollunt
997 1376 1144 1403 omnem
1167 1361 1213 1401 V
1206 1361 1396 1402 ERAM
1414 1359 1834 1402 LIBERTATEM

91 1458 118 1478 „
147 1427 344 1466 amanum
375 1423 631 1463 humanarum
665 1424 703 1460 δε
735 1420 867 1460 omnia
885 1418 990 1460 fatali
1011 1430 1125 1473 atque
1145 1415 1372 1457 immutabili
1392 1415 1610 1457 necessitate
1630 1413 1712 1455 fieri
1736 1424 1831 1456 con-

150 1480 324 1521 tendunt.

93 1513 119 1533 '³
145 1567 171 1586 „
202 1532 450 1576 BURNET
479 1527 735 1586 (Gilbertus.)
794 1529 909 1570 Brevi
931 1528 1017 1582 post
1036 1527 1185 1581 trajecit
1213 1526 1253 1566 in
1282 1525 1478 1579 Belgium,
1508 1535 1623 1579 atque
1640 1524 1832 1567 Amstelo-

89 1619 117 1643 „
147 1591 250 1631 dami
283 1604 303 1629 a
332 1588 514 1629 Rabbino
533 1586 701 1640 linguam
724 1584 957 1625 Hebraicam
978 1582 1140 1630 didic1t;
1168 1594 1332 1635 cumque
1352 1581 1404 1621 ibi
1425 1580 1580 1635 plurimi
1603 1580 1751 1620 honesti
1775 1593 1833 1621 at-

91 1678 117 1698 „
148 1660 222 1700 que
252 1643 405 1686 candidi
436 1643 506 1684 viri
535 1640 770 1681 diversarum
794 1639 1021 1694 religionum
1045 1638 1085 1677 in
1109 1636 1288 1676 notitiam
1308 1636 1390 1688 ejus
1412 1634 1619 1684 venissent,
1647 1635 1747 1676 hanc
1765 1635 1833 1676 sibi

90 1730 117 1750 „
148 1703 270 1755 legem
281 1698 441 1792 dindixit
463 1724 475 1744 ,
512 1695 823 1736 moderationem
854 1694 896 1733 in
925 1691 1033 1733 causa
1066 1691 1261 1746 religionis
1290 1703 1379 1744 erga
1401 1703 1538 1732 omnes
1559 1689 1738 1731 homines
1757 1689 1832 1733 esse

146 1756 276 1796 servan
308 1767 379 1793 am.

90 1788 117 1809 '²
144 1842 171 1862 ‚‚
202 1806 543 1851 CASSANDER
567 1801 827 1859 (Georgius.)
858 1801 1031 1843 Celebris
1049 1800 1280 1856 Theologus
1300 1799 1489 1841 Ecclesiae
1511 1798 1741 1841 Catholicae
1767 1824 1833 1833 —-

106 1899 117 1918 ,
147 1866 287 1920 ubique
306 1875 388 1904 tum
406 1861 565 1902 solidam
587 1859 848 1901 eruditionem
869 1869 950 1898 tum
974 1856 1197 1912 singularem
1221 1855 1527 1897 moderationem
1548 1855 1589 1895 in
1609 1866 1834 1896 controver-

146 1921 206 1961 fiis
240 1918 434 1973 religionis
458 1915 651 1963 ostendit;
680 1927 849 1967 cumque
880 1913 921 1952 in
951 1911 1201 1952 concordiam
1224 1911 1264 1950 in
1286 1910 1469 1964 religione
1487 1910 1577 1951 esset
1597 1910 1836 1964 propenfiffi·

91 2009 119 2029 ‚,
147 1989 251 2025 mus,
280 1972 427 2022 edidit,
455 1972 572 2012 tacito
609 1969 676 2010 suo
708 1968 893 2017 nomine,
920 1967 1107 2020 judicium
1138 1965 1188 2006 de
1217 1964 1350 2005 officio
1379 1966 1432 2019 pii
1461 1979 1505 2005 ac
1539 1966 1711 2018 publicae
1736 1978 1834 2006 tran-

92 2064 118 2084 ‚‚
147 2029 342 2086 quillitatis
376 2041 463 2068 vere
492 2025 659 2065 amantis
689 2024 760 2065 viri
791 2023 832 2063 in
869 2022 946 2063 hoc
980 2021 1173 2075 religionis
1200 2019 1352 2060 diffidio
1372 2051 1383 2068 ,
1413 2019 1520 2074 quod
1563 2034 1597 2059 o.
1628 2020 1834 2066 Calvinus,

93 2114 119 2138 ‚,
148 2086 327 2139 opinatus
356 2097 378 2123 a
400 2080 603 2123 Francisco
634 2077 826 2120 Balduino
856 2076 993 2118 celebri
1019 2075 1279 2130 jureconsulto
1299 2087 1434 2116 contra
1455 2076 1518 2115 Re
1536 2087 1706 2116 ormatos
1719 2075 1835 2129 scrip-

93 2169 120 2194 ,‚
148 2153 228 2182 tum
256 2140 354 2188 effe,
383 2134 610 2177 acerbiffime
641 2133 829 2174 refutavit.
890 2132 938 2172 Ei
974 2131 1182 2172 Balduinus
1212 2131 1251 2170 in
1281 2131 1557 2171 commentario
1588 2130 1637 2169 ad
1666 2130 1767 2185 leges
1786 2130 1837 2171 de

93 2228 118 2250 ,‚
149 2195 299 2237 famosis
332 2192 464 2233 libellis
494 2194 533 2231 &
568 2187 903 2231 calumniatoribus
924 2217 937 2238 ,
971 2185 1118 2228 Parisiis
1149 2189 1268 2238 1562.
1295 2185 1425 2232 edito,
1465 2199 1547 2225 non
1574 2185 1716 2225 minori
1736 2199 1834 2226 acer·

84 2280 120 2306 ψ,
147 2252 264 2292 bitate
285 2246 492 2301 respondit.
558 2291 560 2294 y

151 2335 175 2357 ,‚
206 2299 725 2345 CHILLINGWORTH
749 2295 1039 2351 (Guilielmiis.)
1096 2295 1250 2350 Scripsit
1270 2295 1431 2346 librum,
1461 2308 1541 2349 quo
1568 2294 1740 2350 singulari
1753 2309 1838 2336 acu-

94 2394 120 2414 ‚‚
151 2361 272 2409 mine,
302 2357 495 2399 evidentia
525 2367 640 2410 atque
669 2353 937 2394 moderatione
965 2352 1113 2401 evicit,
1155 2351 1404 2405 Religionem
1434 2350 1732 2390 Protestantium
1762 2350 1837 2391 esse

94 2449 123 2470 ,‚
154 2417 254 2457 viam
288 2424 407 2454 tutam
431 2411 567 2452 salutis.
599 2431 675 2443 ——
703 2410 874 2462 Ideoque
899 2406 1140 2448 Tillotsonus
1162 2420 1299 2460 capere
1321 2420 1401 2446 non
1429 2417 1603 2459 poterat,
1633 2420 1699 2446 cur
1719 2405 1777 2445 vii·
1797 2405 1840 2445 li·

97 2501 123 2524 „
151 2472 292 2524 berque
315 2480 394 2509 tam
425 2465 664 2507 Christianus
693 2467 733 2506 in
764 2463 1021 2518 suspicionem
1042 2460 1307 2503 Socinianismi
1327 2460 1387 2501 vel
1407 2460 1661 2501 Libertinismi
1681 2458 1838 2501 venerit.

98 2560 126 2581 ,‚
160 2527 191 2577 Ῐ.
220 2524 388 2566 Lockius
409 2522 597 2576 optimam
620 2520 694 2562 effe
713 2519 877 2574 logicam
901 2517 1029 2558 dicere
1047 2515 1478 2569 solebat‚suadebatque
1490 2515 1712 2556 Leffionem
1727 2515 1840 2568 hujus

99 2614 125 2634 ,‚
153 2582 237 2621 libri
265 2579 463 2627 omnibus,
495 2577 560 2631 qui
594 2588 712 2616 artem
731 2576 829 2615 bene
853 2572 1110 2615 ratiocinandi
1132 2571 1326 2611 addiscere
1345 2581 1538 2625 cuperent.
1567 2596 1624 2601 —
1661 2569 1840 2625 Cheynel

99 2671 125 2691 ‚‚
154 2635 322 2676 minister
342 2633 486 2687 popelli
508 2632 607 2672 illius
631 2630 812 2680 fanatici,
841 2643 929 2670 cum
949 2628 1175 2668 morientem
1198 2626 1308 2666 solari
1331 2625 1507 2670 deberet,
1538 2623 1763 2664 stultissimas
1786 2625 1840 2664 illi

102 2721 128 2745 ‚‚
160 2690 398 2745 quaestiones
429 2686 644 2741 proposuit,
677 2690 717 2726 &
752 2682 1027 2725 absurdissimas
1057 2695 1188 2736 preces
1208 2681 1308 2722 fudit
1338 2703 1414 2711 -—-
1444 2693 1523 2720 non
1547 2691 1697 2732 poterat
1718 2679 1839 2725 ferre,

102 2780 130 2800 ‚‚
160 2744 267 2800 quod
301 2742 651 2796 Chillingworthus
681 2741 831 2781 ratione
855 2740 953 2779 bene
975 2748 1161 2784 uteretur,
1192 2740 1231 2775 &
1255 2735 1513 2776 Christianam
1537 2735 1730 2774 caritatem
1752 2748 1841 2788 pau-

103 2830 129 2855 „
159 2802 198 2842 lo
217 2800 326 2841 latius
343 2812 459 2852 quam
484 2796 533 2837 ad
556 2796 640 2837 suae
658 2796 777 2836 se&ae
795 2794 971 2835 homines
990 2790 1222 2832 extenderet.

160 2888 185 2907 „
218 2853 417 2896 CLARK
449 2851 656 2903 (Samuel.)
714 2851 818 2891 Cum
859 2849 919 2889 his
945 2846 1062 2888 tribus
1091 2860 1169 2885 non
1202 2844 1256 2885 est
1279 2842 1596 2891 confundendus,
1628 2843 1693 2896 qui
1715 2842 1842 2884 adhuc

109 2940 136 2963 „
164 2912 282 2959 vivit,
313 2909 370 2948 vir
390 2906 439 2946 ad
472 2906 693 2946 miraculum
724 2904 861 2945 do&us
881 2909 919 2943 ὃ(
941 2901 1132 2943 accerrimi
1154 2900 1298 2954 ingenii
1318 2900 1367 2940 D.
1399 2899 1546 2939 Samuel
1559 2897 1678 2938 Clark
1692 2898 1839 2938 Restor

110 2999 134 3019 ,‚
164 2966 212 3006 ad
237 2966 288 3005 D.
312 2962 441 3017 Jacob⁴
472 2964 510 3000 δε
535 2961 729 3013 Majestati
749 2961 897 3014 Regiae
915 2973 935 2997 a
957 2957 1066 2997 sacris
1081 2988 1092 3005 ‚
1121 2955 1267 3007 scriptis
1289 2954 1487 3008 praeclaris
1499 2953 1776 3007 philosophicis
1786 2967 1841 2993 at-

108 3057 133 3074 „
164 3035 238 3075 que
260 3016 511 3072 theologicis,
543 3029 614 3055 nec
636 3030 715 3055 non
737 3013 993 3054 controversia
1012 3011 1065 3052 de
1085 3011 1277 3050 Trinitate
1297 3010 1579 3049 celeberrimus:
1609 3021 1673 3048 aut
1694 3009 1760 3061 qui
1779 3023 1844 3049 ve·

111 3109 136 3129 υ
168 3076 274 3130 stigia
290 3074 370 3127 ejus
394 3071 530 3124 premit
545 3070 607 3124 Jo.
639 3070 758 3110 Clark
780 3069 913 3108 itidem
936 3068 1085 3107 1)οᾶοῑ
1106 3065 1370 3119 'I‘heologiae‚
1401 3068 1441 3104 &
1464 3064 1565 3118 Regi
1584 3078 1605 3103 a
1627 3062 1748 3104 sacris.

167 3162 192 3180 „
223 3125 582 3170 CUDWORTH
606 3123 849 3179 (Radulph.)
879 3138 899 3162 a
922 3123 1091 3173 Burneto
1113 3120 1307 3174 Episcopo
1325 3120 1440 3161 etiam
1458 3131 1675 3161 numeratur
1686 3119 1725 3158 in
1738 3131 1841 3170 prae-

114 3218 139 3239 „
169 3185 350 3228 stantibus
371 3183 484 3233 viris,
512 3181 579 3236 qui
597 3182 638 3221 in
657 3179 799 3234 Anglia
817 3176 1085 3220 Latitudinarii
1103 3175 1353 3230 appellantur.

94 1293 106 1313 2

90 1899 103 1919 2

91 1954 117 1974 ’²

1644 3254 1671 3278 „
1700 3226 1845 3268 CUR-
