1976 3519
451 255 1475 302 'PROLEGOMENA
1757 275 1836 314 125

99 376 124 397 „
155 343 288 387 XVII.
320 357 382 397 24.
411 347 583 400 Objicit,
613 343 720 399 quod
752 344 791 383 in
820 344 944 398 prima
977 342 1160 384 Editione
1191 344 1228 383 in
1257 358 1440 387 contextu
1468 370 1518 378 —--
1547 346 1686 389 feratur
1714 359 1834 391 trans-

98 433 123 452 „
154 403 245 442 latio
265 425 314 432 ---
343 415 362 440 e
383 415 535 455 regtone
552 398 819 452 supercoelesti.
850 421 899 430 -·-
929 401 1033 438 Cum
1051 413 1258 447 verterem,
1288 401 1585 442 consentaneum
1609 404 1685 454 est,
1712 405 1833 445 Grae-

97 487 122 507 „
153 472 238 498 cum
260 457 432 497 codicem
455 450 620 496 habuifle
640 455 701 494 ἐπ’
722 449 853 507 &gaviam
883 465 998 507 atque
1032 454 1072 494 id
1103 466 1182 494 tum
1205 456 1321 504 verti,
1352 456 1461 506 quod
1483 457 1557 496 illic
1578 458 1830 500 offenderam.

95 542 120 562 „
157 513 219 561 Jo.
252 512 359 552 VIII.
386 511 454 562 48.
487 511 620 563 Qum
641 511 680 550 in
702 510 783 549 aliis
801 509 1014 549 Codicibus
1035 509 1248 561 reperissem
1269 508 1471 556 ἦτιμοίσαιτε
1492 542 1504 562 ,
1533 513 1609 552 hoc
1638 515 1756 569 magis
1788 515 1832 555 li-

94 597 121 617 „
153 569 233 609 buit
255 564 379 621 sequi,
408 565 517 619 quod
537 576 762 621 congrueret
783 578 870 605 cum
902 564 1028 606 nostra
1056 564 1251 605 Leffione.
1282 565 1376 606 Aa.
1406 565 1480 606 IX.
1513 580 1544 616 5.
1574 568 1711 620 Qium
1736 584 1831 610 con-

94 652 119 673 „
151 635 272 663 textus
301 626 341 661 ὃ(
369 621 539 660 Graecus
574 624 611 658 ὃ(
645 619 804 661 Latinus
835 619 885 659 sic
923 618 1078 659 haberet
1099 650 1110 668 ,
1139 631 1182 659 ut
1214 620 1350 674 probat
1380 621 1480 661 Leus
1499 652 1511 671 ,
1553 622 1648 675 quid
1671 624 1796 666 obfuit
1815 656 1827 675 ,

92 706 117 727 ,.
149 678 254 731 quod
282 677 322 716 in
355 678 517 716 Annott.
546 675 754 724 admonui,
785 674 1010 727 particulam
1037 674 1138 714 hanc
1168 676 1205 714 in
1230 676 1391 716 Graecis
1411 676 1639 730 quibusdam
1667 678 1830 720 Codici-

92 760 118 783 „
147 733 213 772 bus
232 731 379 772 abelle?
408 729 520 783 Quid
543 731 645 771 aliud
666 730 841 784 suspicari
861 730 1009 783 potest,
1039 742 1153 783 quam
1177 745 1239 772 me
1257 731 1343 784 post
1371 731 1443 771 alia
1463 733 1617 772 mitum
1637 735 1829 789 exempla-

91 816 115 836 ‚,
147 788 198 826 ria
216 788 264 827 '’?
294 787 414 827 Rom.
444 786 491 826 V.
527 799 588 835 19.
617 785 790 826 ediderat
808 783 1075 835 κατετάθημεν,
1105 784 1217 834 ‚,Id,
1246 786 1392 840 inquit,
1422 786 1689 840 sequebamur,
1719 790 1827 844 quod

87 873 111 892 ,‚
143 841 348 881 habebatur
368 841 407 880 in
429 840 587 882 Graecis
607 841 821 881 Codicibus
839 844 873 880 ”.
905 841 996 881 XII.
1032 853 1047 879 1
1062 852 1093 880 ῐ.
1149 872 1173 890 ,,
1205 841 1249 881 In
1271 842 1398 894 priore
1420 842 1603 883 Editione
1628 844 1827 896 posueram

87 928 112 947 „
141 894 238 947 κυρίῳ
268 893 461 937 swam&
481 927 492 946 ,
522 896 848 950 quemadmodum
882 907 954 935 nos
982 895 1143 950 legimus
1171 924 1182 942 ‚
1223 897 1309 950 post
1337 897 1401 937 ubi
1419 897 1669 952 ¹deprehendi
1702 899 1752 942 V.
1782 902 1826 943 L.

86 982 111 1002 „
141 966 220 991 non
254 952 374 992 celavi
405 951 630 992 lestorem’&
690 950 740 991 V.
775 965 835 990 ιι.
863 950 913 991 ad
942 948 1298 1001 γεροντοδιδάσκαλον,
1355 983 1379 1002 ‚‚
1409 952 1454 992 In
1489 954 1637 1006 prima,
1678 955 1825 1010 inquit,

86 1037 111 1057 ,‚
144 1006 345 1057 Editione,
375 1020 493 1061 quum
514 1007 680 1047 Bafileae
701 1021 782 1047 non
802 1005 981 1047 haberem
999 1020 1068 1046 eos
1080 1006 1272 1056 Codices,
1296 1007 1345 1047 ad
1366 1022 1465 1062 quos
1483 1010 1741 1061 contuleram,
1771 1013 1825 1063 is,

83 1089 109 1112 „
139 1076 218 1115 quo
241 1075 321 1102 tum
348 1063 549 1102 utebantur
569 1062 835 1116 castigatores,
861 1061 1023 1114 habebat
1047 1060 1083 1100 δι’
1106 1059 1166 1101 ’ἕνα
1194 1060 1382 1114 ἑίνΘςωπον,
1411 1077 1527 1117 quem
1555 1064 1670 1106 secuti
1693 1067 1826 1119 posue-

83 1148 108 1168 „
139 1131 244 1156 runt:
270 1126 427 1172 propter
447 1129 564 1155 unum
584 1117 782 1156 hommem.
838 1114 983 1171 Neque
1002 1117 1106 1157 enim
1123 1131 1201 1171 ego
1218 1118 1363 1172 castigo
1383 1118 1541 1172 paginas
1557 1121 1824 1172 excudendasf,

83 1203 108 1223 ‚‚
139 1176 177 1211 ὅ(
201 1171 224 1212 fi
248 1172 324 1212 hoc
343 1185 499 1226 quoque
519 1180 656 1217 mun-us
676 1171 853 1217 omnem,
882 1171 964 1212 fieri
987 1186 1067 1211 non
1092 1173 1239 1226 potest,
1269 1175 1363 1225 quin
1392 1174 1538 1228 aliquid
1568 1174 1755 1230 suffugiat.
1785 1193 1823 1232 p.
1875 1177 1883 1186 '

80 1257 106 1278 ,‚
138 1241 176 1280 p.
207 1227 371 1281 suspicor
387 1228 427 1267 id
451 1227 557 1279 quod
579 1241 636 1268 res
656 1228 734 1273 est,
756 1229 795 1267 in
807 1227 980 1270 Codice,
995 1227 1099 1267 unde
1121 1228 1266 1276 contuli
1286 1229 1325 1267 in
1340 1229 1499 1284 Anglia,
1515 1228 1621 1270 fuisse
1642 1231 1822 1286 scriptum

81 1310 106 1330 ‚‚
136 1279 330 1334 ὑμάςτομεν
359 1296 431 1336 pro
459 1282 632 1335 ἧμαςτον,
663 1283 702 1322 id
735 1283 864 1336 postea
894 1283 1065 1323 relistum
1096 1283 1150 1322 est
1182 1284 1346 1323 incuria:
1376 1285 1592 1338 cujusmodi
1614 1286 1735 1340 lapsus
1758 1289 1822 1329 vix

79 1367 105 1388 „
136 1338 207 1378 ulla
227 1338 424 1392 diligentia
444 1339 530 1392 quis
552 1338 677 1391 potest
697 1339 876 1393 effugere.
914 1337 961 1378 Id
984 1351 1070 1379 non.
1085 1337 1160 1378 elle
1180 1349 1322 1378 vanum
1344 1339 1404 1379 vel
1425 1339 1519 1380 illud
1540 1343 1684 1395 arguit,
1713 1344 1821 1397 quod

78 1421 103 1444 ‚,
134 1393 173 1433 in
195 1394 444 1434 annotatione
463 1393 605 1434 nullam
625 1393 736 1445 hujus
757 1396 810 1434 rei
829 1392 982 1434 fecerim
1001 1394 1260 1444 mentionem,
1293 1406 1407 1447 atque
1432 1395 1532 1435 adeo
1549 1396 1673 1450 legam
1697 1413 1705 1436 τ
1733 1410 1820 1448 pec-

77 1478 103 1499 ,‚
133 1457 340 1488 caverunt.
369 1448 494 1502 Quod
513 1449 609 1489 sane
623 1450 740 1489 miror
759 1464 780 1488 a
802 1449 956 1489 nemine
977 1449 1264 1503 Castigatorum
1286 1450 1469 1490 haetenus
1490 1452 1819 1501 animadversum,

77 1528 105 1550 ,,
134 1516 252 1557 quum
277 1504 316 1543 id
348 1504 513 1544 muneris
532 1504 571 1543 in
594 1504 716 1558 prima
735 1504 919 1544 Editione
946 1504 1112 1544 obierint
1127 1503 1301 1557 joannes
1331 1505 1660 1559 Oecolampadius
1681 1512 1720 1548 δε
1744 1509 1822 1550 Ni-

76 1586 103 1605 „
131 1560 257 1599 colaus
277 1559 512 1607 Gerbellius‚
543 1560 581 1599 in
607 1572 742 1614 quarta
763 1559 1028 1614 Sigismundus
1047 1560 1272 1610 (Gele'nium
1304 1561 1447 1613 opinor
1475 1562 1675 1618 intelligit)
1700 1565 1756 1604 vir
1783 1579 1822 1605 e-

77 1644 103 1664 „
132 1616 259 1668 gregie
290 1615 438 1656 doetus.
472 1615 532 1655 Ut
561 1628 687 1655 autem
716 1616 1003 1655 Annotationes
1032 1616 1071 1655 in
1096 1615 1177 1654 aliis
1209 1629 1365 1669 qimque
1394 1617 1488 1656 locis
1515 1617 1771 1671 discreparent
1800 1635 1821 1662 a

76 1697 104 1719 ,‚
132 1682 336 1718 contextu,
368 1670 439 1710 hac
465 1668 664 1710 occasione
697 1670 858 1715 accidit,
888 1670 997 1724 quod
1030 1669 1264 1710 Collationis
1299 1672 1497 1724 negotium
1527 1686 1747 1728 peregeram
1778 1677 1819 1716 in

77 1750 104 1770 ‚,
139 1724 274 1779 Anglia
297 1725 395 1764 &in
416 1725 640 1773 Brabantia,
670 1725 763 1764 nihil
785 1726 909 1764 minus
927 1725 1071 1764 habens
1100 1726 1139 1763 in
1170 1725 1328 1773 animo,
1356 1740 1471 1778 quam
1502 1728 1644 1768 addere
1677 1745 1819 1772 novam

77 1809 102 1829 „
134 1777 380 1828 Versionem,
411 1781 484 1819 viz.
509 1779 736 1833 perspiciens
752 1793 830 1819 rem
852 1793 931 1818 non
954 1780 1005 1819 ita
1024 1780 1153 1832 magni
1174 1778 1316 1819 fruetus
1336 1780 1433 1825 ell'e,
1464 1781 1667 1833 plurimum
1691 1797 1819 1826 tamen

78 1861 102 1885 ,‚
134 1833 301 1874 invidiae-
320 1834 582 1875 conflaturum.
612 1835 688 1874 Sed
717 1835 828 1874 amici
850 1834 1010 1888 quidam
1038 1835 1226 1886 improbis
1254 1835 1492 1876 instinstibus
1520 1837 1595 1877 huc
1623 1841 1821 1893 perpulere

78 1919 103 1938 „
135 1891 423 1938 reclamantem,
454 1902 495 1929 ut
523 1903 642 1943 quum
668 1890 748 1942 jam
777 1889 1027 1929 adornaretur
1047 1889 1181 1930 Editio
1203 1891 1522 1941 annotationum,
1553 1907 1757 1936 novaretur
1780 1901 1817 1936 ὃς

77 1971 102 1995 ‚,
131 1945 369 1990 Contextus,
399 1958 513 1998 quam
542 1944 591 1984 ad
620 1957 700 1984 rem
731 1958 851 1998 quum
884 1945 1028 2001 alioqui
1053 1945 1136 1998 plus
1156 1944 1243 1984 satis
1263 1958 1453 1998 occupato
1475 1960 1546 1986 nee
1567 1949 1689 1988 otium
1713 1951 1819 2005 supe—

76 2030 100 2053 „
133 1999 259 2048 rell'et,
291 2014 360 2040 nec
379 2000 528 2040 animus
545 1998 637 2040 esset
659 1998 889 2053 propensus,
911 1999 1155 2053 indiligenter
1177 2000 1370 2053 peractum
1392 2001 1445 2040 est
1466 2004 1704 2056 negotiun1''.

129 2055 341 2094 Paucorum
369 2055 520 2095 suorum
553 2054 746 2096 Codicum
777 2066 939 2096 aetatem
969 2058 1008 2094 ὃς
1039 2055 1157 2095 fidem
1181 2055 1343 2095 nimium
1375 2057 1546 2106 extollit,
1575 2059 1668 2099 alios
1690 2073 1816 2103 autem

76 2123 210 2150 omnes
229 2111 484 2164 corruptionis
503 2110 696 2152 immerito
716 2107 907 2164 suspe&os
928 2109 1087 2150 reddere
1109 2120 1294 2157 conatur·‚
1322 2122 1364 2150 ut
1382 2110 1529 2162 Jacobi
1558 2113 1586 2153 Ι.
1623 2129 1638 2153 2
1652 2129 1685 2154 z.
1715 2143 1740 2164 ,‚
1756 2117 1819 2156 In-

77 2195 102 2215 „
132 2165 320 2213 dicaram,
350 2166 497 2219 inquit,
529 2173 685 2205 tantum
707 2179 787 2205 non
816 2165 910 2205 addi
931 2165 971 2205 in
999 2166 1160 2206 Graecis
1182 2165 1408 2206 Codicibus.
1439 2166 1594 2207 Stunica
1625 2170 1819 2223 praedicat

76 2247 101 2269 ,‚
131 2220 303 2261 additum
325 2221 363 2260 in
385 2221 538 2262 Codice
559 2220 788 2261 Rhodi-ensi.
821 2223 874 2261 At
892 2234 968 2274 ego
987 2221 1066 2274 jam
1090 2221 1192 2271 dixi,
1217 2221 1317 2266 ‚milii
1342 2222 1463 2261 videri
1485 2222 1679 2266 Codicem
1710 2226 1815 2268 illum

76 2303 102 2325 „
132 2275 181 2315 ad
211 2276 358 2316 nostros
389 2275 495 2316 fuisse
523 2276 745 2330 castigatum
765 2279 798 2316 '’.
845 2290 878 2316 2.
901 2277 995 2315 Pet.
1026 2276 1074 2316 II.
1109 2290 1142 2315 2.
1182 2308 1207 2326 „
1236 2277 1317 2317 Hic
1347 2277 1502 2317 Stunica
1529 2280 1690 2332 perinde
1720 2283 1816 2335 agit,

77 2362 101 2379 ,‚
131 2331 231 2384 quasi
256 2332 293 2370 in
315 2331 441 2371 multis
463 2332 616 2372 vetustis
638 2332 850 2372 Codicibus
882 2331 1014 2385 legerit
1039 2329 1260 2380 ἀσελγείαις,
1291 2346 1409 2385 quum
1436 2333 1476 2372 in
1496 2348 1574 2374 uno
1597 2335 1815 2377 Rhodienfi

74 2416 102 2435 ‚,
132 2386 285 2440 legerit,
317 2386 342 2426 si
375 2399 502 2426 tamen
535 2387 646 2440 legin
678 2387 784 2439 cujus
803 2386 907 2440 apud
928 2400 990 2427 me
1009 2386 1129 2426 levior
1147 2388 1202 2427 est
1220 2389 1424 2437 autoritas,
1456 2388 1564 2441 quod
1585 2389 1746 2443 suspicer
1767 2392 1816 2432 ad

77 2471 102 2490 „
134 2441 283 2481 nostros
312 2441 482 2483 Codices
513 2441 620 2482 fuiffe
650 2442 873 2495 castigatum
895 2475 904 2491 ‚
935 2456 1015 2495 quo
1044 2455 1270 2495 congrueret
1303 2456 1389 2482 cum
1421 2442 1559 2483 Latina
1598 2446 1763 2487 lectione
1783 2451 1816 2487 ''.

86 2495 203 2547 1.Jo.
235 2495 282 2536 V.
320 2509 382 2537 20.
441 2528 465 2547 „
494 2497 732 2546 Indicaram,
762 2498 801 2536 in
824 2497 982 2537 Graecis
1012 2511 1090 2537 non
1124 2497 1214 2537 addi
1244 2497 1411 2548 Deum,
1440 2497 1504 2537 sed
1532 2499 1646 2541 habet
1675 2501 1816 2543 Codex

77 2581 102 2599 ‚,
135 2551 389 2592 Rhodiensis:
419 2564 457 2592 at
487 2566 566 2591 non
598 2552 739 2592 habent
770 2553 962 2592 innumeri
984 2552 1155 2592 Codices
1187 2561 1301 2592 norae
1324 2553 1500 2593 melioris.
1531 2555 1569 2594 in
1599 2556 1720 2609 Apoc.
1749 2554 1819 2598 III.

78 2636 103 2654 „
134 2606 200 2646 Ne
220 2607 303 2660 quis
324 2619 448 2647 autern
468 2619 691 2647 contemnat
711 2607 881 2648 nostrum
904 2604 1137 2661 [exemplar]
1160 2620 1287 2647 tantae
1309 2609 1505 2649 vetustatis
1525 2623 1624 2659 erat,
1653 2623 1695 2652 ut
1709 2616 1818 2666 Apo-

79 2687 104 2704 „
136 2661 315 2701 stolorum
335 2675 456 2702 aetate
478 2662 656 2715 scriptum
676 2662 796 2702 videri
816 2661 939 2715 poss‘et
956 2666 990 2704 ''.
1019 2665 1140 2717 Atqui
1173 2663 1334 2704 habebat
1366 2663 1465 2703 istud
1487 2667 1680 2720 exemplar
1711 2682 1819 2708 com-

80 2717 284 2757 mentarios
307 2717 486 2756 Andreae
515 2717 706 2772 scriptoris
726 2718 849 2759 Seculi
872 2716 963 2769 VI.,
992 2729 1056 2758 aut
1077 2717 1278 2769 Arethae,
1309 2718 1501 2773 scriptoris
1532 2719 1654 2762 Seculi
1687 2723 1758 2764 XI.
1792 2723 1817 2764 si

82 2771 248 2811 Millium
270 2772 445 2814 audimus
471 2773 566 2827 prol.
604 2782 723 2814 1120.

137 2826 316 2881 Cumque
339 2828 432 2868 haec
450 2828 530 2868 duo
549 2828 740 2882 postrema
759 2827 1007 2868 accusationis
1027 2828 1151 2882 capita
1173 2828 1240 2883 ipsi
1264 2830 1311 2869 ab
1339 2829 1560 2870 adversariis
1589 2832 1740 2886 objefflt
1766 2832 1821 2873 es-

85 2879 184 2930 sent,
216 2882 430 2936 simpliciter
456 2885 637 2938 negando
661 2883 763 2924 acin
786 2884 871 2924 illos
895 2883 1177 2937 retorquendo,
1207 2884 1280 2924 sese
1302 2886 1422 2940 magis
1442 2888 1617 2928 oneravit
1641 2901 1756 2941 quam
1778 2889 1822 2928 li-

85 2935 250 2984 beravit·,
278 2967 303 2988 „
332 2939 452 2984 Leus,
481 2939 624 2992 inquit,
655 2940 687 2988 §.
721 2953 784 2991 ²3·
814 2940 852 2980 in
873 2939 933 2979 his
954 2940 1006 2979 ita
1033 2940 1224 2992 loquitur,
1254 2940 1358 2993 quasi
1386 2941 1424 2980 in
1456 2941 1533 2982 hoc
1563 2943 1723 2996 negotio
1753 2943 1821 2983 sim

85 3020 109 3039 „
138 2993 289 3031 unicum
310 2992 454 3034 secutus
473 2995 688 3047 exemplar,
719 2993 828 3048 quod
849 2994 911 3034 ille
931 2994 1013 3034 vult
1039 2994 1161 3035 videri
1181 2994 1290 3035 fuisse
1320 2994 1692 3048 depravatissimum,
1723 2998 1822 3037 nihi-

88 3071 114 3093 ‚a
145 3045 183 3084 lo
206 3047 326 3099 magis
344 3047 474 3089 favens
491 3049 635 3089 Codici
656 3063 744 3090 meo
761 3063 876 3103 quam
898 3049 1003 3089 mihi.
1034 3051 1093 3089 Ac
1114 3049 1271 3090 subinde
1292 3051 1330 3090 in
1360 3050 1432 3091 suis
1459 3050 1655 3093 Indicibus
1685 3053 1824 3106 impin-

86 3131 110 3149 „
142 3100 198 3153 git
219 3101 314 3140 mibi
333 3101 605 3156 suspicionem,
635 3104 739 3158 quasi
759 3105 933 3145 finxerim
952 3103 1027 3145 effe
1051 3105 1090 3145 in
1113 3105 1266 3146 Codice
1288 3119 1376 3146 meo
1398 3136 1409 3156 ‚
1441 3106 1551 3159 quod·
1579 3121 1660 3147 non
1690 3106 1823 3157 fuerit,

87 3186 113 3204 „
141 3155 280 3196 scilicet
297 3169 319 3196 e
338 3156 406 3197 suo
423 3159 580 3213 ingenio
599 3160 760 3201 metiens
788 3172 958 3202 caeteros
978 3162 1011 3198 ''.

953 3215 1045 3267 (λς
1675 3186 1679 3188 i
1758 3215 1827 3256 Er-
