1976 3519
466 187 1462 241 PROLEGOMENA.
1792 209 1840 249 31

99 313 126 333 ,‚
157 279 381 322 seducantur
403 283 442 320 ὃς
461 280 624 330 εῙεξὶος,
654 292 787 334 agrum
807 277 916 333 quod
937 277 1068 329 dedit,
1097 290 1139 319 ut
1158 277 1288 328 dedit,
1319 292 1437 332 opera
1466 277 1728 325 testimonium
1747 279 1838 330 dat,

98 368 123 387 ,‚
153 335 433 389 adpraehendit
455 335 630 382 tenebra,
659 334 822 374 audierit
839 334 1063 384 verborum,
1093 332 1392 378 manifestaretur
1411 336 1573 387 opera'ss
1633 335 1775 388 Qualia
1795 334 1836 375 &

97 406 138 432 m
164 392 282 431 veteri
304 391 398 431 Itala
420 390 588 430 verfione
611 403 693 428 non
713 403 833 443 pauca
854 389 1105 442 reperiuntur.
1446 421 1449 424 ,

150 446 296 487 Rursus
314 460 360 486 ex
378 445 458 485 aliis
479 444 630 484 indiciis
649 457 829 498 apparet,
858 444 1132 496 descriptorem
1154 443 1266 497 liujus
1287 442 1472 488 Codicis,
1502 443 1675 497 quisquis
1695 445 1761 487 ille-
1780 445 1836 490 fu<

97 503 188 549 erit,
219 503 257 541 in
291 501 449 540 Graecis
477 502 515 538 &
542 500 690 539 Latinis
703 513 783 540 non
804 497 919 552 plane
939 499 1035 538 nihil
1054 498 1297 548 intellexisse,
1328 509 1371 538 ut
1392 498 1551 552 quando
1573 512 1645 551 pro
1665 499 1836 547 &eadm-w,

96 557 222 596 scribit
252 553 422 603 τελωνῶν,
456 552 718 606 ἀμαςτοίνουσαι
744 568 815 609 pro
847 549 883 593 οἱ)
911 554 1168 606 μαςτυροῧσαι,
1198 551 1414 605 ἐργαζόμενοι
1433 567 1506 606 pro
1528 552 1752 605 ὂςγιζὸμενοι,
1780 555 1837 599 ’ἑτι

97 610 169 663 Siga.
191 626 261 665 pro
284 607 442 660 ἐπάρας,
471 607 581 648 πείσει
604 623 676 663 pro
695 608 805 655 μισεῖ,
835 607 1072 659 ἀποκαλύψει
1091 623 1163 663 pro
1186 607 1416 653 ἀποκυλίσει,
1447 605 1557 656 ἁγίοις
1578 622 1649 661 pro
1659 609 1835 659 ἀπειλὰς,

96 666 192 715 μέσον
221 679 291 719 pro
318 662 427 714 μένον,
454 662 534 717 δέξῃ
564 679 635 718 pro
653 663 771 716 δεξιοὶ,
801 662 842 703 τὸ
864 662 1051 717 ω’ςὸσωπον
1076 679 1149 718 pro
1169 661 1226 705 τὸν
1245 661 1374 709 ‘triveam
1405 666 1445 702 &
1468 677 1556 703 cum
1576 662 1836 716 ἀγςσευλοῧκτεε

95 721 208 762 vertit
236 735 303 774 per
334 729 563 767 cantante53
594 720 683 759 alibi
711 719 830 760 nolite
859 720 995 761 timere
1021 719 1196 772 pustllum
1207 732 1377 774 gregem.
1432 719 1730 774 Nonnunquam
1751 721 1836 762 uni·

93 790 181 816 cam
208 789 344 816 vocem
374 775 565 814 Graecam
591 774 736 815 duabus
769 775 912 815 Latinis
932 776 1065 823 vertit,
1093 786 1136 816 ut
1150 774 1314 828 perfhfftt'
1335 775 1588 826 consummati
1601 795 1614 819 ,-
1647 775 1738 821 alias
1761 776 1833 831 ips}

95 831 214 872 textui
241 831 394 870 Graeco
415 829 602 883 superflua
624 829 814 884 quaedam
832 829 976 875 adsuit,
1005 842 1047 871 ut
1068 844 1154 870 curn
1173 827 1216 871 ε’ῗς
1233 827 1349 879 μένος,
1379 831 1472 869 item
1493 824 1572 868 εἶτα.
1590 827 1689 876 μετὰ,
1711 832 1832 878 τοῦτο,

95 890 134 926 &
166 884 326 934 ἀνάγαιον
347 881 427 924 οἶκον
446 886 610 925 exhibet.
668 885 880 926 Nonnullis
899 886 993 928 locis
1013 886 1130 928 etiam
1151 886 1319 930 Graecas
1336 885 1462 925 literas
1487 886 1630 931 Latinis
1647 916 1658 935 ,
1689 890 1729 926 ὃς
1750 887 1834 937 aliis

93 941 249 982 Latinas
281 941 440 980 Graecis
460 940 681 988 admiscuit;
710 953 752 981 ut
767 936 916 990 Tvbml,
946 938 1174 988 ἀπέταίκενς
1206 944 1244 979 &
1264 941 1448 981 dicentec.
1479 939 1725 981 Charaeteris
1746 939 1834 996 qui-⁸

95 996 185 1036 dem
213 995 336 1035 forma
356 1007 471 1049 atque
490 995 784 1050 Orthographia
804 996 933 1036 similis
952 996 1007 1036 est
1025 1008 1140 1049 atque
1161 996 1201 1035 in
1220 994 1471 1039 vetustiffimis
1495 995 1732 1043 Codicibus,
1764 998 1834 1043 nifi

94 1051 203 1106 quod
231 1064 366 1092 contra
398 1064 544 1091 morem
575 1051 813 1092 Graecorum
841 1050 1081 1093 librariorum
1100 1051 1252 1091 vocales
1272 1068 1290 1095 η
1312 1054 1350 1089 &
1372 1067 1408 1100 ε,
1440 1054 1479 1089 &
1499 1050 1688 1094 consonas
1710 1068 1736 1091 τ
1757 1057 1794 1093 &
1818 1053 1834 1098 Θ,

93 1106 339 1155 confundat3
379 1106 419 1145 in
450 1106 591 1146 Latino
621 1106 746 1147 scribit
774 1108 982 1161 temptatio
1000 1137 1012 1157 ,
1053 1108 1256 1161 quotiens,
1286 1105 1542 1156 thensaurus,
1574 1107 1834 1160 intellegitis,

93 1162 354 1201 calciamenta
374 1195 384 1211 ‚
424 1164 703 1211 mercennarii,
733 1164 912 1211 anticus,
942 1162 1146 1210 locuntur,
1175 1163 1323 1210 inicus,
1343 1161 1555 1212 secmttur,
1586 1160 1836 1216 frequentiss÷¹

94 1231 157 1258 me
175 1218 289 1258 etiam
320 1215 524 1257 confundit
538 1231 561 1256 u
580 1217 795 1257 consonans
814 1220 852 1256 &
873 1218 906 1257 b.
937 1213 1109 1270 μεςῖμνοιις
1129 1217 1244 1261 vertit
1251 1216 1404 1270 soniis,
1433 1215 1543 1268 quod
1565 1217 1758 1263 Gallicum
1778 1219 1833 1259 est

82 1273 217 1326 seins,
248 1270 458 1319 κατάλυμα,
475 1272 652 1326 rcfetJio,
683 1269 836 1313 κυλλοὺς
843 1271 1061 1325 siderales,
1090 1269 1214 1322 κλέψῃ
1235 1270 1409 1320 involet,
1438 1270 1635 1322 διατςῖζειν,
1663 1273 1836 1312 demora-

93 1332 155 1377 ri,
183 1325 417 1379 κολυμξῆθςα,
448 1330 652 1367 natatoria
671 1329 847 1382 pifizna,
874 1327 1052 1377 κηδεμονεῒν
1075 1327 1272 1376 taediari,
1305 1323 1410 1378 ρῆσσει
1431 1327 1656 1382 applausu,
1685 1326 1836 1382 ὃιϊχυρί-

93 1376 176 1440 ζετο
202 1391 444 1433 certabatur,
477 1381 613 1424 {affin
636 1380 816 1436 λαμπςοὶν
835 1386 1069 1436 opertorium
1092 1380 1317 1427 candidam,
1342 1380 1498 1432 ἀργυρῖομ
1511 1380 1678 1434 μυςιέὲας
1699 1383 1833 1432 πέντε,

82 1438 268 1491 sisterem
288 1439 456 1477 ducenta
468 1460 479 1487 3
510 1453 580 1492 pro
594 1439 746 1479 Graeco
765 1436 902 1490 δηνάριον
922 1439 962 1478 in
983 1439 1125 1479 Latino
1148 1437 1262 1477 habet
1282 1437 1431 1491 signum
1454 1454 1490 1486 -)÷
1510 1466 1519 1483 2
1535 1441 1573 1476 ὃ(
1587 1438 1696 1491 quod
1719 1440 1837 1493 inpri-

93 1494 165 1533 mis
183 1493 396 1533 notandum
409 1521 418 1538 ‚
439 1491 516 1534 τοὺς
537 1491 722 1542 σεζομένους
741 1494 941 1533 coelicolas
963 1494 1077 1534 vertit
1099 1495 1138 1533 in
1159 1494 1288 1540 Astis,
1319 1492 1423 1532 unde
1444 1492 1507 1532 lux
1530 1493 1689 1547 affulget
1712 1496 1836 1538 verbis

94 1549 395 1589 Constitutionis
413 1549 607 1599 Honorii,
638 1563 755 1604 quam
775 1549 1049 1590 Gothofredus
1069 1547 1230 1602 operosa
1253 1548 1528 1593 Differtatione
1551 1549 1738 1602 explicare
1750 1564 1834 1593 non

93 1605 239 1658 potuit:
267 1605 529 1658 intelliguntur
556 1617 684 1646 autem
712 1605 788 1650 illi,
818 1606 885 1658 qui
900 1603 1068 1658 ,Judaeis
1096 1605 1191 1644 olim
1224 1602 1413 1657 Proselyti
1442 1615 1599 1656 portae,
1629 1605 1670 1644 in
1695 1607 1836 1661 Anglia

92 1671 239 1709 autem,
268 1672 473 1714 antequam
503 1661 730 1702 vocabulum
757 1659 858 1700 istud
886 1660 927 1700 in
945 1660 1061 1715 longe
1079 1659 1199 1702 aliam.
1217 1657 1537 1714 significationem
1559 1657 1829 1714 degeneraret,

91 1715 221 1755 vocati
240 1714 324 1755 sunt
342 1716 505 1756 Deistae.
1186 1748 1189 1753 ,
1640 1721 1642 1725 ’

144 1769 333 1809 Plurimae
359 1770 473 1809 etiam
494 1770 532 1809 in
553 1769 630 1809 hoc
649 1769 803 1809 Codice
822 1768 958 1809 adsunt
978 1767 1265 1815 Corre53207ze53
1296 1766 1487 1821 quaedam
1504 1782 1527 1812 a
1549 1769 1671 1822 prima
1693 1783 1832 1822 manu,

92 1824 156 1865 ubi
186 1823 336 1864 videtur
360 1823 519 1879 spongia
540 1824 686 1865 deletae
704 1825 921 1878 Scripturae
941 1823 1055 1864 altera
1076 1822 1366 1877 superinducta,
1396 1823 1500 1866 nulla
1520 1822 1713 1877 ‚siquidem
1735 1827 1837 1872 rastr-

92 1893 155 1919 rae
174 1879 329 1934 vestigia
350 1891 553 1933 apparent:
583 1880 676 1920 aliae
696 1894 717 1919 a
735 1893 851 1919 manu
870 1879 1014 1927 aliena,
1043 1879 1189 1920 eadem,
1202 1891 1367 1931 nempe,
1395 1890 1493 1930 quae
1518 1877 1703 1920 Canones
1716 1881 1833 1926 Eusek

91 1934 225 1974 bianos
244 1935 406 1989 margini
427 1933 644 1987 adscripsit,
674 1938 712 1974 ὃ(
735 1932 846 1986 ἀςχῗιν
866 1938 904 1972 &
924 1929 1027 1974 τέλος
1050 1933 1303 1981 Lestionum‚
1334 1931 1571 1977 Charac'tere
1593 1933 1680 1981 satis
1702 1937 1833 1979 adhuc

92 1989 253 2029 Graeco.
282 1989 462 2043 Denique
482 1989 640 2030 Latinus
660 1989 795 2043 aliquis
815 1989 915 2029 circa
937 1988 1114 2029 Seculum
1135 1987 1184 2030 X,
1212 1999 1255 2031 ut
1276 1986 1449 2037 videtur,
1474 1979 1629 2042 lacunas,
1647 1991 1833 2043 quasdam

89 2044 257 2098 explevit
279 2076 290 2094 ,
330 2046 508 2085 nimirum
550 2060 571 2084 a
608 2045 734 2085 Marci
768 2044 881 2087 XVI.
919 2057 978 2095 15.
1008 2043 1058 2084 ad
1088 2042 1216 2097 finem.
1240 2042 1305 2097 Jo.
1336 2041 1491 2087 XVIII.
1526 2045 1733 2094 13.---XX.
1770 2056 1834 2100 13„

89 2100 233 2140 Matth.
262 2100 331 2140 III.
356 2101 512 2140 8.---16.
533 2100 596 2140 hic
618 2103 656 2140 ὃς
674 2114 693 2149 γ
717 2104 756 2140 &
778 2114 797 2139 e
819 2100 1041 2141 Latinarum
1061 2098 1139 2139 fere
1160 2099 1353 2145 literarum
1375 2097 1500 2144 forma
1520 2098 1785 2153 repraesentat.
1820 2130 1824 2135 -

147 2155 325 2210 Denique
354 2157 393 2195 in
426 2156 597 2212 margine
627 2151 791 2196 occurrit
807 2169 965 2206 manus,
995 2167 1036 2196 ut
1060 2155 1164 2195 Beza
1186 2154 1359 2208 putavit,
1391 2154 1576 2209 Calogeri
1601 2156 1763 2208 Graeci,
1793 2170 1836 2205 ut

89 2225 162 2251 nos
192 2225 284 2251 vero
313 2211 568 2251 existimamus
588 2211 780 2252 Monachi
801 2212 949 2260 Latini,
981 2212 1048 2265 qui
1071 2221 1206 2250 contra
1225 2223 1362 2253 omnes
1385 2209 1705 2264 Orthographiae
1727 2227 1836 2268 regu.

89 2266 144 2306 las
164 2267 266 2306 varia
286 2267 435 2316 allevit,
465 2267 518 2307 ita
534 2279 662 2307 tamen
684 2278 726 2307 ut
747 2266 850 2307 haud
871 2266 1027 2307 obscure
1049 2265 1231 2320 proderet
1256 2266 1360 2318 cujas
1380 2264 1495 2315 esset,
1528 2278 1563 2305 v.
1592 2281 1646 2322 gr.
1660 2282 1835 2321 παςαυγ-

90 2337 144 2369 μα.
175 2335 246 2375 pro
276 2320 465 2374 σςοῖγμοι,
494 2320 646 2373 wir-,laon
676 2319 916 2374 τῡ-αςοισκευγῆ
940 2326 976 2361 &
997 2317 1147 2369 Actu-yla*
1169 2335 1241 2374 pro
1264 2318 1435 2371 πέμψον,
1466 2319 1674 2373 vagemur&
1697 2327 1736 2364 &
1755 2331 1838 2370 404-

90 2375 150 2416 uis.
181 2377 358 2418 Similiter
378 2378 419 2417 in
441 2378 525 2418 MS.
560 2378 776 2431 Bodlejano
797 2377 969 2431 Symboli
990 2377 1126 2417 vetusti
1148 2376 1265 2416 literis
1287 2376 1434 2416 Latinis
1447 2376 1522 2430 legi>
1532 2376 1730 2432 psteugO,
1762 2394 1835 2433 pro

90 2430 251 2478 πιεῖεῦω,
284 2437 320 2472 &
352 2435 450 2485 igito
483 2447 554 2487 pro
576 2431 670 2482 ἰίτω,
702 2434 766 2473 ubi
788 2433 992 2474 Hickefius
1015 2431 1130 2486 praef.
1161 2446 1196 2485 p.
1233 2445 1295 2472 20.
1325 2432 1377 2471 ita
1399 2445 1701 2479 commentatur:
1732 2465 1758 2484 „
1788 2436 1836 2479 In

89 2511 116 2537 ·,‚
145 2488 275 2527 nostro
312 2487 496 2542 Symbolo
536 2486 676 2532 πιτεόω
705 2488 876 2529 scribitur
901 2488 1095 2541 ptsteugo,
1122 2486 1454 2541 quemadmodum
1480 2491 1518 2526 ὃς
1553 2489 1592 2527 in
1628 2489 1834 2542 specimine

88 2573 115 2592 „
146 2543 296 2583 Franco
319 2543 458 2583 Gallici
480 2544 666 2589 Codicis,
698 2545 764 2597 qui
786 2545 880 2584 olim
903 2543 974 2583 fuit
994 2542 1222 2597 Dionysiani
1242 2556 1365 2596 prope
1384 2541 1545 2588 Pari-sios
1582 2544 1835 2593 Monasterii.‚

90 2626 116 2647 „
143 2599 249 2651 quod
270 2598 425 2639 exbibet
448 2600 496 2639 D.
521 2598 586 2652 Jo.
618 2599 809 2639 Mabillon
831 2599 915 2639 Lib.
947 2599 998 2639 V.
1027 2598 1077 2638 de
1099 2613 1138 2639 re
1159 2597 1321 2651 diplom.
1353 2611 1389 2651 p.
1427 2601 1521 2650 366.
1551 2597 1602 2643 fic
1624 2602 1832 2655 quoquein

90 2678 116 2702 ,‚
144 2653 275 2693 nostro
306 2654 490 2707 Symbolo
512 2652 759 2707 ὲκποςευίμενον
782 2654 952 2695 scribitur
973 2653 1332 2708 ekpormgommon,
1361 2652 1426 2692 ubi
1438 2665 1471 2706 g
1493 2667 1574 2693 non
1596 2653 1712 2695 habe-t
1732 2655 1836 2701 vald-

89 2733 117 2753 ‚‚
145 2723 225 2748 rem
252 2709 312 2747 τοῦ
344 2726 383 2757 γ.
414 2710 514 2750 tertii
537 2711 774 2750 Graecorum
799 2713 838 2749 &
860 2709 1248 2756 Moeso-Gothorum
1267 2708 1469 2758 elementi,
1500 2707 1566 2755 sed
1589 2709 1652 2749 τοῦ
1676 2710 1714 2749 G
1755 2712 1835 2766 sep-

89 2789 116 2812 ,,
145 2764 229 2803 timi
260 2764 668 2815 Moeso-Gothorum,
698 2765 806 2819 quod
821 2764 963 2805 eodem
984 2765 1077 2804 olim
1099 2764 1222 2805 modo
1245 2763 1423 2812 sonabat,
1455 2774 1498 2807 ut
1517 2766 1542 2803 i.
1571 2765 1776 2819 quomodo
1795 2772 1835 2810 &

92 2843 118 2866 2,
147 2819 267 2871 ipsum
292 2833 334 2872 g.
366 2834 455 2860 ante
485 2834 514 2858 e.
542 2821 600 2861 vel
622 2823 650 2860 i.
682 2822 939 2875 pronunciant
962 2819 1281 2860 Franco-Galli'‘.
1338 2819 1419 2859 Hic·
1441 2832 1558 2872 porro
1580 2817 1768 2871 observo,
1796 2818 1832 2868 e·

91 2872 181 2912 tiam
212 2874 404 2914 Codicem
431 2875 772 2926 Alexandrinum,
801 2876 910 2930 quod
939 2875 1088 2916 Millius
1121 2886 1306 2915 annotare
1318 2874 1508 2927 neglexit,
1527 2874 1672 2916 1.Tim.
1702 2876 1732 2916 I.
1771 2877 1834 2932 12.

90 2925 213 2979 legere
231 2927 490 2978 ἐναυγοίγησσιη
521 2931 630 2984 quod
650 2931 901 2985 suspicionem
923 2931 1100 2984 praebet,
1131 2945 1152 2970 a
1172 2930 1325 2970 librario
1346 2929 1489 2973 Latino
1510 2929 1617 2975 fuiffe
1629 2930 1833 2986 scriptum,

90 2981 160 3021 nili
179 2982 204 3022 fi
226 2998 309 3036 quis
328 2985 420 3025 illud
440 3003 479 3034 ·γ.
509 2987 775 3039 interpositum
793 2986 867 3027 esse
888 2987 1095 3040 Digamma
1116 2985 1315 3027 AEolicum
1335 2984 1452 3025 malit.

143 3067 168 3085 „
200 3037 327 3090 Hujus
352 3053 474 3091 certe,
506 3042 555 3082 de
585 3057 664 3095 quo
693 3042 772 3095 jam
805 3042 975 3097 agimus,
1009 3042 1160 3082 Graeca
1180 3041 1288 3094 quod
1312 3042 1468 3090 attinet,
1498 3040 1565 3082 vix
1589 3040 1669 3085 dici
1690 3041 1835 3095 potest,

91 3121 117 3141 ‚‚
147 3105 260 3145 quam
283 3093 389 3146 supra
411 3110 566 3136 omnem
585 3097 745 3137 modum
769 3098 807 3136 in
831 3100 874 3137 iis
894 3097 1116 3153 digerendis
1138 3097 1296 3139 licenter
1316 3093 1354 3136 se
1374 3094 1524 3149 gesserit
1544 3110 1588 3136 ac
1609 3097 1722 3150 plane
1736 3097 1840 3139 lasci-

88 3175 116 3196 „
144 3148 255 3189 vierit
284 3148 532 3202 interpolator
562 3153 734 3207 quisquis
764 3152 837 3194 ille.
866 3153 913 3194 In
931 3153 1063 3194 animo
1086 3152 1157 3206 ipsi
1190 3149 1297 3192 fuisse
1318 3150 1547 3198 credideris,
1577 3164 1657 3192 non
1678 3150 1838 3246 qulssem

1682 3235 1707 3255 υ
1777 3219 1841 3246 ex‘
