1976 3519
140 271 216 307 162
495 254 1505 303 PROLEGOMENA.

138 352 245 394 usum
275 349 343 403 ipsi
376 347 606 390 concesserat
637 348 704 400 Jo.
734 345 940 392 Frickius‚·
970 358 1012 387 ut
1043 347 1093 386 ait
1115 343 1267 386 Introd.
1296 357 1334 398 p.
1364 343 1485 397 424)
1508 345 1744 399 inspexisset,
1775 346 1872 388 haec

139 408 252 449 verba
284 405 362 445 fine
393 404 467 444 ulla
499 404 711 444 mutatione
743 404 781 442 in
811 402 881 442 hac
909 401 1081 442 editione
1106 399 1274 454 expressa
1295 399 1459 454 legisset:
1491 414 1608 454 porro
1625 412 1712 441 cum
1735 402 1867 452 sciret,

139 460 405 502 Curcellaeum
427 473 622 512 nunquam
644 457 838 498 adnotasse
860 459 898 497 in
918 457 1089 497 editione
1109 455 1170 496 sua
1183 486 1194 504 ,
1225 455 1328 495 unde
1346 455 1701 510 singulaslec‘tiones
1711 458 1869 498 Varian-

141 529 197 558 tes
228 515 401 556 hausisset
420 545 431 564 ‚
479 514 698 567 conjeitura
730 512 847 552 Millii
877 512 1038 552 debebat
1069 511 1137 564 ipsi
1169 509 1337 563 suspeRa
1359 510 1442 551 esle.
1497 511 1555 550 Ex
1575 509 1723 551 schedis
1743 524 1883 552 autem--

142 571 369 612 Curcellaeo
387 568 626 617 transmiffis,
659 581 752 622 quas
773 579 859 607 ante
877 567 1010 607 oculos
1031 566 1175 615 habeo,
1206 566 1346 605 clarum
1356 567 1433 615 est,
1446 580 1526 606 non
1537 579 1583 606 ex
1595 566 1728 606 codice
1737 567 1882 607 Thua--

141 641 264 677 meo,
292 625 356 666 sed
376 639 423 665 ex
442 624 577 664 codice
600 623 755 663 fratrum
777 623 1033 675 Puteanorum
1056 622 1079 661 i.
1101 636 1134 661 e.
1153 621 1462 661 Claromontano
1486 621 1707 661 Variantem
1721 621 1883 662 Leffiw

142 697 232 722 nem
257 681 426 722 haustam
447 678 574 720 fuisse:
602 693 648 719 ex
668 679 743 717 hoc
764 676 871 718 fonte
882 691 998 731 porro
1010 676 1191 729 profluxit
1203 676 1334 716 tertius
1344 677 1657 724 error‚nimirum
1669 676 1778 730 quod
1790 678 1885 717 C0-›

144 738 270 778 dicem
290 736 546 777 Thuanaeum
568 735 591 774 i.
621 748 654 774 e.
673 732 844 772 Theclae
855 731 1027 786 (utinfra
1038 728 1304 783 ostendemus)
1318 736 1355 770 ὅ(
1368 731 1560 771 Codicem
1572 731 1873 772 Alexandrinum

143 805 326 846 tanquam
348 790 446 831 duos
467 789 577 830 testes
597 787 801 843 produxit,
831 802 916 828 cum
947 801 1028 827 non
1046 786 1118 826 sint
1134 785 1202 825 nisi
1224 786 1304 825 duo
1335 787 1445 826 unius
1464 786 1712 840 ejusdemque
1734 788 1886 827 merito·

143 848 302 902 fiispeffi
323 846 468 887 codicis
486 845 651 885 nomina.
681 843 771 882 Nec
790 843 852 881 hic
874 855 1002 883 tamen
1024 841 1182 882 substitit
1203 841 1369 881 Criticus
1391 842 1542 889 noster3v
1569 840 1657 891 sed,
1687 857 1708 881 a
1730 842 1875 888 Minio,

144 903 207 944 sua
229 914 356 942 tamen
377 901 509 954 culpa,
538 900 577 938 in
597 911 763 938 errorem
784 909 932 951 raptus,
945 896 1095 937 addidit
1110 907 1300 950 praeterea
1319 910 1486 936 errorem
1508 897 1628 937 multo
1644 898 1871 951 graviorem,

144 972 236 998 cumr
253 957 366 998 verba
386 956 446 995 illa
458 968 596 994 novem
608 953 842 1007 insignia‚&
863 954 1050 1007 integram
1062 951 1285 992 sententiam
1305 953 1717 1002 continentia5temere
1738 963 1887 993 etextu2

145 1014 250 1053 sacro
275 1022 509 1065 expungeret
540 1021 674 1049 contra
706 1008 823 1048 fidem
849 1007 1002 1057 datam,
1033 1021 1108 1060 qua
1129 1007 1165 1046 se
1189 1021 1237 1047 ne
1257 1007 1414 1047 verbum
1432 1007 1588 1060 quidem
1610 1019 1675 1047 aut
1694 1006 1888 1060 syllabam.-

144 1068 288 1109 Textui
309 1065 367 1106 vel
389 1064 609 1105 additurum
630 1063 689 1104 vel
710 1063 965 1103 deti-asturum
995 1062 1218 1116 promiserat
1240 1093 1251 1111 ,
1293 1062 1362 1102 nifi
1391 1061 1581 1102 editiones
1614 1062 1877 1114 praestantiffi-

144 1136 231 1164 mae
259 1120 494 1162 addixissent.
551 1119 714 1168 Inane,
745 1118 906 1168 Le&or,
938 1120 977 1157 &
996 1118 1109 1157 crede
1132 1117 1316 1171 Bengelio
1336 1116 1561 1157 modestiam
1592 1115 1695 1156 suam
1727 1117 1888 1170 praedi-¹

145 1177 270 1223 canti,
312 1180 350 1216 δε
372 1176 425 1216 'de
442 1173 600 1215 audacia
621 1175 782 1214 aliorum
801 1173 971 1227 querelas
992 1173 1148 1226 injustas
1168 1175 1206 1211 &
1228 1171 1456 1226 suspiciones
1477 1172 1690 1225 injustiores
1698 1171 1875 1225 jacient-i!

206 1244 266 1283 14.
294 1231 430 1273 Marci
459 1230 532 1271 IX.
566 1234 602 1269 6.
632 1229 856 1269 Leffionem
887 1224 1072 1278 λαλῆσαι,
1099 1241 1214 1281 quam
1245 1228 1284 1267 in
1315 1228 1485 1268 Textum
1506 1239 1720 1280 receperat,
1751 1227 1889 1268 firmat>

146 1289 263 1336 etiam
282 1286 484 1327 autoritate
505 1293 671 1340 quatuor
693 1283 877 1323 Codicum
900 1283 1060 1323 Bezae:
1089 1297 1176 1323 cum
1209 1295 1336 1322 tamen
1365 1282 1418 1322 illi
1448 1282 1574 1322 Bezae
1601 1283 1624 1322 i.
1655 1297 1686 1322 e.
1718 1282 1890 1336 Stepha··

147 1344 188 1384 ni
217 1341 410 1391 Codices,
440 1339 580 1394 (quod
608 1351 689 1380 tum
721 1338 860 1379 Codex
890 1338 1077 1392 Stephani
1097 1340 1134 1382 β.
1167 1341 1206 1376 &
1227 1337 1277 1386 9.,
1307 1351 1404 1392 quos
1424 1337 1509 1391 ipse¹
1521 1337 1687 1387 contuli,
1718 1349 1798 1377 tum
1819 1338 1890 1377 in·-

147 1398 287 1453 primis?
312 1397 438 1437 Bezae
460 1395 587 1436 editio
607 1396 728 1449 prima
747 1394 900 1435 testatur
915 1393 951 1445 ,)
982 1393 1149 1433 habeant
1164 1389 1334 1440 λαλζγσεις
1365 1392 1467 1432 illud*
1481 1405 1606 1434 autem
1628 1390 1787 1434 λαλῆσαι
1808 1406 1890 1447 po·-

148 1455 348 1495 stcriorum
369 1453 496 1492 Bezae
514 1450 731 1491 editionum
751 1447 972 1489 manifestae
989 1448 1277 1503 typothetarum
1299 1448 1525 1489 aberrationi
1546 1447 1738 1489 debeatur.

156 1524 162 1528 ·
211 1522 271 1557 15.
301 1506 523 1550 Redeamus
555 1505 604 1545 ad
635 1506 952 1546 commentarium
984 1504 1025 1543 in
1054 1503 1153 1542 Heb.
1184 1503 1232 1542 II.
1265 1517 1300 1554 9.
1331 1517 1376 1543 ex
1398 1502 1611 1556 prodromo
1633 1503 1751 1556 priori
1770 1502 1891 1556 supra·

148 1567 313 1619 p„1561.
353 1561 578 1615 expofitum.
637 1560 800 1609 Fateor,
829 1573 891 1599 me
920 1573 1001 1598 non
1033 1557 1191 1612 cepisse,
1221 1555 1497 1612 quomodoeb
1527 1555 1694 1608 γεύσηται
1726 1571 1774 1597 ex
1793 1564 1891 1604 ταντα

147 1618 359 1659 ιίειίτιὶἶιιηι-
379 1617 461 1657 dici·
487 1615 633 1670 posset,
663 1615 732 1656 nisi
762 1614 789 1654 fi
810 1615 916 1668 quis,
945 1615 986 1653 in
1005 1628 1101 1654 voce
1122 1613 1313 1653 Hebraica
1332 1613 1551 1667 mysterium
1574 1627 1780 1666 quaerens,
1811 1626 1880 1666 per

149 1673 555 1728 anagrammatismum
586 1684 632 1710 ex
652 1676 762 1719 mm,
792 1669 900 1722 quod
915 1678 1054 1720 parum
1074 1667 1283 1721 fignificat,
1314 1667 1426 1708 faciat
1459 1674 1562 1714 1:31722
1585 1670 1607 1707 i.
1634 1682 1665 1708 e.
1695 1666 1883 1717 γεύσηταιε

149 1730 191 1769 Si
220 1727 439 1781 conjestura
466 1725 669 1769 aberravi,
705 1724 835 1777 potior
864 1724 974 1776 culpa
1003 1723 1113 1763 illius·
1133 1722 1227 1768 fuit,
1257 1723 1325 1776 qui
1343 1734 1421 1763 tam
1451 1722 1702 1777 aenigmatice
1724 1723 1882 1774 scripsit,

149 1797 277 1839 neque
297 1792 466 1822 mentem
488 1780 590 1820 suam
614 1779 751 1819 clarius*
768 1778 958 1832 explicuit.
989 1778 1094 1819 Audi
1112 1777 1216 1831 jam,
1246 1777 1340 1832 quid
1361 1777 1537 1818 obvertat
1557 1779 1760 1833 Bengelius
1780 1778 1886 1832 D‘f

151 1845 192 1894 p.
228 1853 243 1879 1
258 1853 289 1879 1.
319 1837 460 1886 Haec,
489 1835 635 1889 inquit,
665 1833 845 1888 expofitio
861 1847 935 1873 non
948 1835 1083 1887 potuit
1097 1832 1253 1886 placere
1273 1835 1347 1883 iis,
1377 1846 1471 1888 quos
1491 1835 1612 1872 etiam
1629 1835 1800 1883 firmiora
1810 1844 1885 1886 pro

151 1895 333 1935 ‘Deitate
351 1891 451 1944 Jefu
472 1889 621 1936 Christi
642 1897 871 1943 argumenta
890 1897 1020 1929 urunt.
1076 1888 1188 1928 Novi
1209 1887 1389 1941 quidem,
1422 1887 1552 1935 fuisse,
1584 1890 1650 1942 qui
1672 1903 1744 1943 pro
1755 1889 1891 1929 Deita-

151 1949 238 2004 Jesu
271 1946 440 1996 Christi,
470 1958 512 1986 ut
540 1958 631 1998 prae
657 1944 693 1984 se
714 1943 906 1993 ferebant,
937 1943 1032 1983 alios
1051 1955 1223 1993 urerent,
1253 1943 1318 1983 sed
1339 1942 1428 1982 loris
1449 1946 1487 1981 &
1509 1943 1695 1993 flammis,
1727 1958 1806 1984 non
1830 1958 1889 1984 ar-

154 2003 368 2059 gumentis:
397 2014 496 2055 quos
522 2014 615 2040 vero
647 2010 868 2053 argumenta
887 1998 996 2038 firma
1017 2012 1088 2052 pro
1109 1998 1262 2038 Deitate
1282 1997 1427 2038 Christi
1447 1997 1728 2047 usserint,-novi
1752 2000 1888 2041 nullos.

150 2060 280 2101 Porro
301 2056 504 2112 quomodo
523 2055 618 2095 haec
639 2055 865 2094 cohaerent:
897 2067 990 2108 quos
1012 2055 1132 2092 etiam
1142 2061 1371 2106 argumenta
1385 2051 1565 2104 firmiora
1579 2054 1818 2104 urunt,illis
1828 2056 1893 2094 in·

142 2115 327 2171 firmiora
341 2111 499 2166 placere
513 2123 586 2149 non
600 2109 754 2164 poffunt
766 2109 786 2149 ,2
799 2109 903 2149 Mihi
921 2107 1079 2162 quidem
1091 2108 1130 2147 in
1143 2109 1251 2147 omni
1267 2122 1305 2148 re
1317 2107 1516 2161 probanda
1529 2109 1679 2162 placent
1689 2123 1891 2163 argumenu

153 2184 195 2212 ta
216 2169 341 2217 firma,
366 2166 516 2214 infirma
537 2177 651 2219 atque
673 2163 873 2204 imbecillia
893 2178 972 2204 non
995 2163 1169 2217 placent:
1197 2163 1261 2203 sed
1277 2172 1413 2203 annon
1427 2163 1717 2217 fieriposIet‚ut
1731 2164 1895 2205 viciffim-

155 2225 243 2266 aliis
258 2222 408 2264 infirma
428 2222 620 2275 placerent
631 2251 641 2270 ‚
654 2219 762 2260 firma
770 2219 1011 2273 displicerent
1024 2221 1039 2259 ?
1054 2218 1233 2273 Denique
1243 2232 1330 2259 cum
1341 2230 1404 2259 tua
1414 2218 1528 2259 istius
1538 2218 1612 2259 loci
1626 2219 1892 2273 interpretatio

156 2279 303 2326 nemini
322 2277 538 2323 mortalium
551 2307 562 2326 ‚
592 2276 673 2315 imo
694 2289 743 2316 ne
765 2274 834 2314 tibi
853 2275 920 2328 ipsi
934 2273 1112 2328 quidem,
1144 2287 1245 2314 nunc
1256 2274 1401 2328 placeat
1413 2305 1423 2323 ,
1437 2288 1622 2328 quaenam
1636 2273 1706 2315 fuit
1715 2276 1811 2315 ratio
1823 2288 1894 2324 ,ex1

157 2334 463 2376 omnivhumano
490 2345 630 2386 genere
648 2344 715 2371 eos
734 2329 835 2370 solos
854 2329 1042 2385 eligendi,
1074 2343 1172 2383 quos
1191 2330 1305 2370 etiam
1325 2329 1482 2369 clariora
1501 2328 1550 2370 de
1572 2331 1728 2371 Deitate
1746 2330 1893 2370 Christi

159 2401 383 2445 argumenta
397 2399 533 2438 urunt,
563 2385 632 2426 nisi
654 2398 697 2427 ut
716 2386 885 2426 animum
902 2385 1043 2425 malum
1064 2384 1265 2438 proderes,
1294 2388 1334 2424 Sc
1357 2385 1572 2425 immerenti
1594 2385 1779 2425 invidiam
1801 2399 1895 2425 con-

160 2446 310 2488 flares?v
327 2467 404 2475 ——
433 2443 514 2484 Hic
535 2442 665 2496 nigrae
685 2440 813 2482 succus
830 2440 1020 2494 loliginis,
1051 2439 1144 2480 haec
1162 2440 1217 2480 est
1238 2439 1391 2495 AErugo
1411 2454 1521 2480 mera.
1584 2440 1766 2494 Agnosce
1777 2440 1898 2481 verba·

161 2506 248 2546 tua,
278 2513 377 2554 quae
403 2498 517 2545 illum*
543 2496 751 2551 Prologum
781 2495 969 2550 galeatum
992 2495 1196 2548 sequuntur
1217 2495 1322 2549 Diffi
1350 2509 1387 2549 p.
1422 2509 1486 2545 19.
1515 2495 1681 2549 Egomet
1703 2503 1831 2536 autem
1851 2497 1896 2535 in

163 2556 380 2610 'Apparatu
394 2552 555 2607 scripfi:
584 2552 871 2607 Interpretatio
890 2550 1009 2606 hayus
1031 2549 1233 2600 left‘ionis,
1262 2553 1305 2590 in
1328 2549 1542 2591 Prodromo
1561 2559 1743 2601 tentata,
1771 2563 1896 2606 neque

163 2611 258 2651 aliis
276 2622 395 2661 neque
415 2607 514 2648 mihi
525 2607 743 2661 fhtisfhcit·
800 2606 888 2647 Sive
905 2617 1030 2652 autem
1048 2605 1129 2645 aliis
1149 2605 1317 2659 placeat,
1346 2605 1423 2647 five
1444 2619 1524 2646 non
1548 2605 1714 2659 placeat,
1743 2620 1818 2660 ego
1836 2609 1898 2645 in-

165 2678 290 2722 genue
321 2663 466 2713 fateor,
495 2677 567 2703 nec
589 2662 798 2703 leffionemss
820 2661 932 2714 hujus
952 2661 1047 2709 loci,
1078 2675 1195 2715 quam
1212 2660 1395 2715 praefers,
1425 2676 1496 2701 nec
1514 2661 1595 2714 ejus
1616 2660 1896 2715 interpretatio-

165 2735 256 2762 nem
270 2746 280 2765 ,
310 2732 425 2773 quam
457 2717 632 2767 attulisti,
661 2732 732 2757 nec
751 2716 922 2771 id-quod
945 2716 1039 2756 inde
1056 2716 1238 2770 consequi
1256 2727 1386 2770 putas,
1416 2715 1511 2755 mihi
1531 2715 1700 2769 placere3
1731 2716 1824 2770 quin
1845 2715 1897 2755 le-

167 2776 338 2817 &ionem
371 2776 411 2812 ὃ(
438 2773 790 2826 interpretationem
824 2784 927 2812 tuam
958 2772 1111 2825 rejicio,
1143 2782 1326 2825 tanquam
1346 2770 1495 2819 falsam,
1528 2774 1567 2809 ὅ(
1585 2770 1898 2825 consequentiam

167 2833 272 2872 tuam
285 2841 366 2879 ‚ut
387 2826 617 2867 ἀνακὸλεθον.
647 2828 776 2881 Pergit
794 2841 831 2880 p.
868 2841 882 2865 1
896 2841 929 2867 2.
985 2857 1011 2877 ‚,
1043 2828 1300 2880 Anagramma
1321 2824 1598 2880 frigidissimum
1631 2831 1735 2872 pr
1754 2827 1792 2862 ὅ(
1808 2831 1897 2867 123772

169 2917 195 2938 ‚‚
225 2885 320 2925 mihi
347 2884 532 2935 imputat,
564 2882 612 2922 de
641 2896 721 2935 quo
744 2895 939 2935 nunquam
963 2882 1139 2935 cogitavi.
1163 2895 1251 2921 nam
1272 2881 1350 2935 ipsa
1373 2892 1549 2921 noemata
1570 2878 1696 2933 βςαχὺ
1719 2884 1756 2919 &
1777 2877 1900 2929 γεύση-

169 2961 197 2993 5,
226 2957 311 2987 ται,
341 2951 382 2978 ut
404 2937 723 2991 Chrysos’tomus,
756 2937 949 2986 Sedulius‚
979 2937 1158 2991 Haymo,
1190 2937 1339 2977 Flacius
1370 2935 1570 2990 judicant,
1601 2950 1668 2989 per
1689 2936 1725 2976 se
1743 2935 1898 2989 respon-

170 3023 197 3048 ,,
228 2995 375 3040 dent'';
408 2993 551 3046 quibus,
574 2992 697 3031 verbis
717 2992 769 3031 ita
790 3004 956 3031 mentem
979 2992 1080 3032 suam
1095 2993 1387 3045 interpretatur,
1417 3003 1458 3032 ut
1475 2993 1552 3044 jam
1573 3005 1652 3030 non
1674 2990 1772 3031 lusus
1792 2992 1900 3042 inge-

171 3050 251 3098 nii,
280 3047 365 3097 sed,
398 3047 504 3101 quod
537 3048 686 3100 gravius
714 3047 933 3099 turpiusque
959 3047 1035 3096 est,
1065 3049 1290 3100 ignorantia
1325 3047 1546 3093 Hebratfmi
1574 3046 1641 3099 ipsi
1671 3047 1751 3098 jure
1780 3045 1897 3098 objici

171 3104 297 3160 poffit.
354 3103 499 3153 Sentit,
529 3102 672 3155 opinor
686 3132 697 3151 ,
728 3102 883 3141 verbum
906 3102 1051 3154 gustare
1069 3102 1172 3141 idem
1190 3101 1264 3141 esse
1280 3115 1393 3155 atque
1411 3101 1543 3142 leviter
1566 3105 1604 3140 &
1624 3102 1661 3141 in
1687 3099 1898 3140 transcursu

173 3161 370 3215 attingere.
427 3157 484 3198 Ita
505 3156 696 3197 interdum
717 3157 839 3210 accipi
861 3155 1005 3203 fateor-,
1036 3158 1087 3197 ita
1103 3156 1216 3197 difso
1233 3157 1401 3197 Tiberii:
1431 3161 1469 3196 δε
1490 3169 1529 3197 tu
1552 3155 1759 3210 aliquando
1781 3155 1900 3208 degu-

171 3216 299 3258 stabis
314 3213 538 3270 imperium,
566 3212 643 3254 sera
663 3227 708 3253 ac
736 3212 866 3253 brevis
890 3212 1064 3265 potentia
1092 3211 1343 3267 significatum
1371 3225 1410 3254 at
1438 3213 1586 3267 semper
1607 3215 1648 3253 ὃς
1664 3212 1825 3266 ubique,
1858 3213 1898 3248 &2

1009 3287 1011 3289 >
1825 3265 1902 3306 hoc
