1976 3519
121 201 144 242 8
469 194 1465 247 PROLEGOMENA.

116 286 362 330 Alcalanum
391 301 463 341 pro
492 285 657 327 totidem
675 284 831 327 diversis
847 281 962 327 MSS.
990 282 1184 331 citaverit,
1213 296 1300 323 cum
1316 296 1398 322 non
1415 281 1461 323 fit
1480 281 1550 322 nisi
1569 283 1701 335 unica,
1729 296 1851 341 eaque

116 343 221 399 typis
238 344 412 399 vulgata,
443 341 588 386 Editio,

177 411 238 448 19.
266 398 477 451 Scriptores
508 396 649 437 Graeci
671 393 863 436 interdum
885 403 1110 447 apponunt,
1139 402 1219 445 quo
1240 392 1359 432 Anno
1378 392 1535 447 scriptus
1556 392 1696 434 Codex
1718 395 1849 438 fuerit:

116 465 319 495 numerant
336 463 462 493 autem
484 465 509 492 'a
542 450 687 492 Mundi
719 450 822 490 Ortu
850 448 900 488 ad
921 448 1067 488 Christi
1089 447 1329 487 nativitatem
1346 461 1471 488 annos
1500 449 1620 499 5508.
1649 451 1750 491 &ita
1762 465 1852 505 pord

117 523 174 549 ro.
204 507 381 562 Suspicor
400 518 528 548 tamen
541 537 552 557 ,
581 505 717 546 alicubi
740 517 920 545 numeros
937 514 1002 543 aut
1025 501 1122 542 male
1143 501 1312 556 positos,
1343 515 1407 543 aut
1421 506 1520 544 male
1536 516 1737 558 excerptos
1753 506 1851 562 esse,

117 574 161 604 ut
182 562 323 604 Codex
340 563 533 615 antiquior
554 559 757 601 vidererur.

178 632 241 658 20.
271 618 452 671 Denique
470 616 520 657 de
539 616 584 656 iis
603 616 670 669 qui
696 615 924 655 Varietates
943 612 1138 653 Codicem
1160 610 1383 666 scriptorum
1402 624 1655 664 annotarunt,
1683 614 1856 657 confide*

117 673 281 714 randum
300 673 374 722 est,
404 683 530 722 utrum
550 671 702 711 codices
722 669 808 709 suos
828 679 999 709 accurate
1019 667 1272 716 contulerint,
1302 680 1341 709 et
1361 682 1409 708 eo
1430 668 1584 722 quidem
1599 670 1780 716 consilio,
1810 683 1854 712 ut

118 729 271 779 omnia,
300 741 397 782 quae
427 728 468 767 in
497 725 645 766 schedis
675 724 835 769 collesta
856 723 1066 772 habebant,
1096 736 1184 763 cum
1204 722 1358 776 publico
1378 724 1724 774 communicarent,
1754 729 1793 765 ὃ(
1812 741 1854 767 u-

117 795 221 824 trum
241 784 373 824 omnia
390 783 412 822 a
429 781 668 836 Typothetis
689 779 768 819 sine
788 778 1023 819 aberratione
1043 777 1185 817 fuerint
1204 776 1382 830 expressa.
1412 778 1474 818 De
1493 778 1853 836 Erasrno‚⁴5'tepha-

118 853 167 879 no
187 842 227 878 &
245 837 367 878 Beza
387 848 531 877 certum
548 835 623 884 est,
652 848 718 875 eos
737 834 935 874 minimam
956 832 1203 881 varietatum,
1234 845 1328 886 quas
1347 833 1387 873 in
1408 832 1604 873 codicibus
1624 847 1854 888 repererant,

119 905 268 947 partem
287 891 468 940 edidisse,
498 891 592 945 quin
611 894 650 930 δε
672 888 931 942 Stephanum,
956 898 1104 942 praeter
1122 900 1186 927 eas
1209 901 1303 941 quas
1323 888 1363 927 in
1385 887 1567 928 Editione
1585 889 1780 941 ani155o.
1793 906 1857 931 ex-

118 949 316 998 hibuerat,
348 947 470 987 multo
487 947 634 1000 plures,
663 958 710 984 ex
734 944 893 984 Orravo
912 943 1086 996 inprimis
1106 941 1241 983 codice
1252 941 1340 992 suo,
1353 956 1440 983 cum
1451 941 1569 982 Beza
1579 946 1857 986 communicas-

118 1003 176 1043 se:
208 1001 418 1056 Bengelius
449 1015 542 1042 vero
570 1000 758 1040 Sele&um
789 999 1032 1039 Varietatum
1060 1012 1083 1037 a
1109 997 1147 1038 se
1166 996 1308 1037 fastum
1327 996 1402 1038 effe
1420 997 1519 1038 ultro
1540 996 1686 1040 fatetur.
1740 1000 1858 1041 Pleri-

118 1072 196 1112 que
214 1071 350 1098 omnes
370 1067 458 1097 ante
480 1054 704 1108 Bentlejum
716 1053 895 1094 rarissime
913 1064 1168 1102 annotarunt,
1197 1052 1262 1093 ubi
1282 1051 1382 1092 ordo
1398 1053 1599 1093 verborum
1611 1053 1704 1094 alius
1714 1068 1794 1097 erat
1813 1056 1856 1096 in

119 1113 268 1167 scriptis
294 1123 410 1166 atque
441 1112 481 1151 in
507 1110 630 1150 editis.
687 1110 904 1158 Praeterea,
937 1108 1003 1149 ubi
1031 1108 1191 1149 varietas
1209 1107 1384 1148 lectionis
1403 1106 1481 1148 five
1500 1107 1649 1148 additio
1669 1118 1749 1150 erat
1768 1123 1858 1164 pro-

119 1169 254 1218 lixior,
282 1179 444 1221 eamque
466 1165 590 1220 plures
608 1164 761 1205 codices
779 1163 1027 1213 exhibebant,
1047 1163 1100 1203 ita
1118 1173 1246 1203 tamen
1266 1174 1307 1203 ut
1329 1166 1369 1201 ὃ(
1392 1162 1461 1216 ipsi
1481 1163 1521 1202 in
1545 1162 1703 1204 verbulo
1721 1175 1786 1206 aut
1795 1180 1858 1208 or-

120 1223 214 1264 dine
238 1222 442 1264 verborum
473 1221 681 1270 variarent,
711 1219 948 1273 Stephanum
974 1218 1167 1258 brevitatis
1201 1217 1308 1258 causa
1328 1244 1340 1263 ‚
1380 1217 1492 1258 unius
1520 1217 1664 1258 codicis
1691 1218 1858 1261 leffione

121 1276 558 1332 expofita‚reliquorum
580 1274 782 1324 codicum,
796 1273 968 1328 negle&a
988 1273 1064 1313 levi
1085 1273 1147 1312 illa
1167 1273 1264 1313 inter
1277 1272 1312 1313 se
1323 1272 1525 1321 varietate,
1538 1286 1716 1314 numeros
1736 1289 1858 1329 appo-

121 1348 213 1374 nere
241 1330 492 1374 consuevisse:
523 1344 611 1371 eum
635 1344 727 1371 vero
749 1329 816 1383 qui
843 1329 970 1382 operis
989 1327 1304 1383 Typographicis
1323 1327 1485 1381 praefuit
1504 1327 1710 1381 saepissime
1729 1330 1769 1370 in
1790 1344 1860 1371 nu-

120 1403 230 1429 mero
250 1387 449 1433 codicum,
480 1384 688 1440 aliquando
709 1387 825 1424 etiam
844 1384 883 1423 in
903 1383 1006 1424 notis
1027 1384 1224 1423 obelorum
1239 1410 1248 1428 ‚
1261 1380 1481 1423 aberravisse
1501 1382 1754 1437 deprehendi.

174 1444 317 1484 Unum
339 1441 816 1496 addo‚quantumcunque
838 1438 923 1492 quis
942 1438 1074 1478 omnia
1093 1441 1133 1476 δε
1154 1450 1325 1478 accurate
1345 1449 1478 1478 notare
1499 1441 1538 1476 &
1558 1437 1673 1478 edere
1692 1439 1756 1479 sibi
1769 1454 1859 1494 pro-

118 1498 313 1553 posuerit,
344 1511 425 1538 non
446 1508 574 1538 tamen
594 1493 886 1536 existimandum
906 1493 961 1534 est
979 1491 1062 1533 fieri
1083 1492 1264 1546 posse,ut
1287 1506 1485 1546 nunquam
1505 1492 1649 1533 labatur
1670 1506 1784 1548 atque
1800 1510 1859 1537 er-

119 1565 191 1594 ret.
223 1554 306 1608 Qui
325 1550 366 1593 in
388 1549 448 1592 his
470 1551 506 1592 se
526 1551 717 1600 exercuit,
745 1546 994 1602 eundemque
1004 1547 1179 1588 codicem
1189 1547 1246 1588 bis
1258 1547 1420 1588 contulit
1433 1574 1443 1594 ‚
1456 1548 1688 1601 experientia
1699 1549 1860 1592 edostus

121 1609 176 1650 ita
196 1608 271 1650 effe
290 1608 477 1649 fatebitur.
506 1606 617 1660 Qiin
637 1605 752 1646 etiam
772 1604 911 1654 testor,
933 1616 1115 1649 me2cum
1136 1602 1290 1643 codices
1312 1602 1436 1656 plures
1447 1601 1861 1653 contuliffem,multos

120 1663 338 1720 Stephani,
366 1661 506 1713 Bezae
526 1665 566 1701 &
583 1659 736 1710 Millii,
758 1660 825 1714 qui
843 1657 1002 1700 eosdem
1012 1659 1114 1712 prius
1123 1657 1861 1708 contulerant,erroresanimadvertiss'e:

122 1733 231 1760 meos
242 1720 356 1759 etiam
368 1718 431 1757 alii
441 1747 454 1767 ,
467 1716 534 1756 sed
549 1715 702 1755 fortass‘e
713 1715 911 1767 pauciores
922 1743 933 1762 ,
945 1712 1161 1753 ostendent.
1190 1713 1386 1752 Summam
1395 1714 1499 1751 enim
1508 1710 1663 1762 ἀκρίᾰεαν
1675 1714 1861 1766 praestare

121 1772 358 1815 imbecillitas
378 1771 545 1823 humana
556 1782 637 1808 non
649 1767 846 1822 permittit.
876 1767 917 1806 Si
926 1766 1260 1812 cuitestimonium
1280 1780 1408 1807 meum
1428 1766 1638 1820 suspestum
1657 1767 1712 1807 est
1723 1799 1735 1818 ‚
1748 1769 1861 1812 adeat

122 1827 336 1870 editionem
361 1825 585 1867 L.Annae2·
608 1820 1005 1862 monachvukero
1026 1834 1149 1874 nuper
1169 1821 1613 1874 procuratam,inveniet
1632 1822 1671 1861 in
1692 1834 1768 1863 tam
1780 1825 1863 1867 bre⁴

123 1885 164 1924 vi
183 1883 311 1924 libello
329 1882 433 1922 viros
447 1878 615 1919 summos
636 1877 671 1916 1.
703 1876 915 1915 Gruterum
937 1879 976 1914 δε
995 1874 1055 1913 Cl.
1067 1874 1315 1927 Salmasium‚
1329 1875 1412 1928 plus
1430 1875 1572 1915 centies
1591 1890 1637 1917 ex
1649 1877 1864 1921 Codicibus

123 1938 328 1986 Palatinis,
360 1938 400 1974 &
419 1932 594 1987 inprimis
612 1944 658 1971 ex
680 1928 834 1970 Codice
857 1927 923 1968 ‘.D.
953 1926 1162 1979 Nazarii,
1183 1943 1281 1983 quos
1301 1942 1459 1983 uterque
1480 1930 1552 1970 suis
1572 1931 1693 1971 oculis
1714 1933 1866 1988 usurpa-

124 2005 253 2043 verat,
283 1989 450 2032 diversas
470 1990 510 2027 &
532 1987 631 2027 inter
651 1984 690 2026 se
709 1983 930 2026 diffidentes
950 1983 1061 2024 unius
1078 1983 1327 2038 ejusdemque
1348 1985 1424 2025 loci
1445 1985 1627 2026 lectiones
1648 1986 1791 2030 afferre.
1823 1990 1864 2032 Si

123 2048 212 2103 quis
239 2061 333 2101 ergo
362 2054 511 2099 putaret
531 2073 543 2093 ,
583 2041 648 2082 ubi
670 2039 749 2081 duo
770 2039 842 2081 viri
862 2038 970 2079 doffi
990 2037 1084 2078 duas
1102 2038 1275 2091 ejusdem
1296 2039 1372 2080 loci
1387 2039 1552 2080 diversas
1569 2040 1752 2083 lectiones
1774 2045 1865 2087 affe-

95 2133 100 2136 ·
125 2113 237 2153 runt,
265 2115 333 2142 eos
358 2113 440 2140 non
470 2112 551 2139 uno
575 2095 793 2149 eodemque
824 2093 977 2136 Codice
1002 2092 1088 2134 usos
1107 2093 1235 2143 fuisse,
1265 2093 1408 2148 saepius
1430 2098 1469 2135 ὃς
1491 2094 1678 2136 falleretur
1700 2110 1739 2138 et
1761 2098 1866 2141 falle-

126 2170 194 2200 ret.
261 2156 394 2198 Potuit
416 2154 520 2195 enim
541 2151 582 2192 id
603 2150 775 2192 accidere
793 2149 854 2191 vel
871 2149 952 2202 ejus
974 2148 1040 2202 qui
1060 2149 1222 2189 contulit
1238 2149 1298 2189 vel
1317 2150 1577 2204 Typographi
1596 2165 1732 2193 errore.

183 2213 296 2252 Haec
324 2209 414 2250 ideo
443 2208 627 2256 observo,
668 2205 758 2260 quia
796 2208 836 2244 &
873 2217 962 2245 vera
982 2203 1088 2253 sunt,
1120 2208 1156 2243 ὃ(
1176 2203 1202 2244 s1
1226 2204 1472 2257 ignorentur,
1501 2219 1580 2244 non
1603 2206 1722 2247 solum
1746 2208 1785 2248 in
1808 2224 1866 2251 er-

128 2282 232 2309 rores
261 2265 495 2320 conjiciunt,
530 2274 664 2302 verum
703 2261 819 2301 etiam
849 2258 1013 2301 studium
1033 2272 1149 2300 omne
1167 2273 1312 2304 errores
1331 2272 1411 2303 tum
1431 2259 1516 2301 suos
1536 2272 1617 2301 tum
1647 2263 1807 2304 aliorum
1827 2279 1868 2306 e.

127 2319 338 2364 mendandi
356 2320 594 2375 extinguunt.

334 2433 403 2475 DE
432 2431 686 2472 Comemus
718 2428 1107 2469 Evmcnmoaum
1139 2428 1346 2469 Gna-ms
1377 2440 1649 2470 versunum.

131 2534 178 2588 A.
329 2544 460 2585 Gmen
491 2541 607 2583 ducat
638 2537 780 2580 Codex
809 2537 1270 2580 ALEXANDRINUS
1302 2537 1445 2588 draus,
1482 2553 1621 2592 quem,
1658 2555 1681 2580 a
1713 2539 1866 2595 Cyrino

360 2598 497 2639 Lucati
524 2594 741 2638 Patriarcha
771 2593 1208 2647 Constantinopolitano
1241 2592 1349 2633 dono
1376 2593 1508 2634 datum
1531 2595 1678 2634 Carolo
1699 2595 1729 2635 I.
1759 2596 1864 2650 Regi

129 2657 318 2711 Angliae,
345 2653 524 2694 Thomas
547 2651 636 2692 Roe
655 2664 703 2691 ex
721 2649 911 2703 legatione
930 2649 1096 2689 Turcica
1121 2649 1234 2689 redux
1257 2648 1479 2689 Londinum
1504 2649 1627 2689 attulit
1646 2649 1711 2689 sub
1720 2663 1864 2691 annum

133 2713 256 2752 1628.
286 2711 327 2750 in
348 2707 588 2748 Bibliotheca
607 2706 710 2760 regia
731 2704 780 2744 ad
802 2704 905 2744 hunc
934 2718 1052 2758 usque
1072 2703 1176 2745 diem
1195 2703 1425 2744 custoditum
1443 2704 1519 2744 N0.
1552 2717 1567 2741 1
1581 2705 1696 2747 11.b.¹
1721 2705 1863 2746 Codex

129 2767 185 2808 est
213 2764 365 2807 Veteris
394 2761 584 2816 Novique
615 2759 854 2801 Testamenti
882 2759 1052 2799 Graecus
1071 2758 1379 2799 membranaceus
1401 2759 1438 2798 in
1462 2758 1581 2806 folio;
1611 2758 1777 2809 singulae
1797 2773 1864 2813 pa-

129 2823 243 2876 ginae
271 2819 366 2861 duas
391 2816 572 2858 exhibent
593 2815 827 2864 Columnas,
854 2827 1014 2868 quarum
1033 2813 1198 2869 singulae
1218 2813 1496 2868 quinquagenis
1518 2803 1863 2856 circitefconstanc

129 2878 249 2918 lineis.
306 2872 482 2915 Innotuit
501 2871 569 2912 iste
587 2869 728 2911 Codex
746 2869 873 2923 primo
892 2882 959 2922 pet
980 2869 1184 2909 Patricium
1198 2868 1358 2922 Junium
1378 2868 1714 2908 Bibliothecarium
1749 2869 1864 2910 Usse-

129 2933 213 2980 rio,
244 2929 413 2972 Grotio,
442 2925 723 2975 Hammondo,
752 2927 792 2963 &
825 2937 892 2977 per
920 2923 992 2963 hos
1020 2923 1178 2964 Pricaeo
1207 2936 1321 2977 atque
1353 2923 1599 2971 Curcellaco·,
1637 2922 1781 2964 deinde
1813 2938 1862 2965 ex

130 2986 271 3029 eodem
296 2980 514 3025 Alexander
544 2978 702 3021 Huissus
727 2978 946 3033 diligentius
974 2979 1173 3019 Variantes
1193 2978 1398 3019 Lestiones
1421 2978 1599 3031 collegit,
1630 2981 1669 3017 &
1690 2978 1729 3017 in
1751 2980 1864 3033 Poly-

131 3041 264 3099 glottis
284 3036 591 3079 Londinenfibus
614 3034 760 3083 edidit;
788 3033 986 3073 novissime
1006 3034 1120 3073 etiam
1142 3048 1163 3072 a
1185 3033 1336 3084 Minio,
1349 3036 1388 3072 &
1408 3033 1494 3087 post
1513 3033 1617 3072 hunc
1632 3062 1644 3082 ,
1672 3048 1693 3073 a
1706 3034 1862 3088 meipso

131 3101 173 3138 ὃ(
192 3097 244 3137 R.
274 3092 452 3146 Bentlejo
474 3089 638 3131 studiose
655 3103 742 3130 cum
760 3087 873 3129 editis
893 3087 1051 3129 collatus
1070 3089 1134 3128 est.

185 3150 429 3210 Temporum
448 3146 586 3201 injuria
607 3143 769 3195 accidit,
799 3154 841 3185 ut
861 3143 930 3185 iste
949 3142 1074 3185 codex
1104 3144 1229 3198 capite
1258 3154 1492 3186 truncaretur
1513 3156 1634 3197 usque
1655 3143 1704 3184 ad
1719 3141 1861 3236 Mgth,

1081 3206 1084 3229 ἰ
1801 3210 1860 3250 ap.
