1976 3519
463 196 1460 242 PROLEGOMENA.
1741 216 1822 256 ,ιγ

89 287 182 330 dant
207 301 218 325 .·
247 285 273 326 fi
295 285 359 327 Te
380 286 577 340 praesente
600 286 662 326 hic
685 284 758 325 frui
778 294 938 337 poter0,
970 283 1136 322 maximo
1156 282 1195 322 id
1217 285 1314 324 mihi
1335 286 1406 326 erit
1425 286 1561 327 solatio
1581 309 1592 336 3
1622 297 1747 329 tamen
1778 305 1820 330 u-

88 345 277 396 bicunque
300 341 393 391 eriS,
425 341 600 396 gaudebo
617 375 627 391 ‚
655 339 813 394 quando
830 338 892 378 Te
912 338 1008 378 bene
1029 337 1152 379 valere
1176 341 1214 377 &
1237 353 1294 379 res
1315 352 1395 381 tuas
1415 342 1483 382 tibi
1503 357 1546 383 ex
1569 356 1664 385 voto
1695 344 1818 385 succe-

86 399 176 439 dere
195 428 207 448 ,
237 396 420 448 audierim
443 412 451 437 :
481 396 578 439 Vale
599 400 638 436 ὃ(
660 409 785 436 amare
807 406 923 447 perge

1037 475 1168 520 Tuum
1198 479 1384 521 addiffiffi
1391 496 1493 523 mum

127 538 253 581 Bafileae
273 539 300 571 d.
328 548 353 568 1.
376 536 550 577 Decembris,
885 533 1121 582 FRANcrscuixi
1145 533 1299 582 C'HRls’r.
1319 533 1456 583 J.[J.D.
1482 538 1787 578 Archigrammateum

256 581 294 612 A.
316 580 346 611 S.
370 588 460 621 1733.
525 592 527 595 ·
1041 576 1231 618 Reipublicae
1247 577 1424 619 BafiIeensts,
1447 580 1481 610 ὃς
1497 580 1718 613 Scholarcham.

149 656 252 697 Cum
275 646 347 695 Ἀἵ
380 662 500 704 1744.
531 650 730 694 cathedra
751 651 902 706 linguae
914 652 1086 693 Graecae
1106 651 1144 691 in
1166 652 1375 692 Academia
1398 650 1587 694 Bafilienfi
1610 656 1696 710 post
1716 671 1816 697 mor-

88 722 167 752 tem
187 711 236 753 V.
253 709 318 749 Cl.
348 707 537 748 Samuelis
556 708 751 748 Battierii
771 720 943 758 vacaret,
972 707 1066 761 petii
1090 722 1111 746 a
1131 706 1270 748 Senatu
1291 707 1549 759 Academico,
1571 721 1613 750 ut
1644 713 1719 751 mei
1750 713 1814 752 ab·

92 766 205 806 sentis
224 765 318 804 ratio
338 763 545 803 haberetur.
599 763 690 813 llle,
719 776 769 803 ne
789 762 883 816 quid
914 774 1056 803 temere
1083 773 1233 816 ageret,
1265 776 1311 803 ex
1344 764 1481 804 ordine
1502 761 1746 818 Ampliffimo
1774 768 1812 811 d.

90 834 127 873 7.
150 820 243 874 Julii
268 817 450 871 quaesivit
468 848 479 867 ‚
511 829 637 859 utrum
666 817 708 858 id
737 818 865 858 liceret
885 819 899 858 ?
930 831 1055 871 eoque
1084 816 1339 870 respondente
1368 817 1405 858 d.
1442 832 1458 859 1
1473 833 1504 869 ς.
1529 819 1646 874 Julii,
1669 822 1781 863 licere
1802 857 1812 873 ‚

87 873 369 916 aCuratoribus
392 883 505 926 atque
517 873 656 913 Senatu
677 872 798 914 Acad.
826 885 907 912 non
928 872 1050 912 solum
1071 871 1318 926 speciminum
1348 873 1589 914 edendorum
1618 876 1713 915 mihi
1732 908 1744 925 ‚
1773 889 1814 918 ut

88 929 292 971 Profefl‘ori
312 939 415 968 extra
435 928 593 980 patriam
614 927 793 982 degenti,
823 928 944 982 gratia
963 925 1062 967 faita
1084 927 1159 978 est,
1188 928 1253 968 sed
1273 929 1388 970 etiam
1409 929 1448 970 d.
1474 944 1484 968 ι
1501 944 1535 969 2.
1557 931 1700 971 ottob.
1722 933 1814 972 Pro·

87 983 200 1025 feffor
218 983 389 1038 Linguae
409 981 579 1023 Graecae
597 983 737 1023 elestus
756 1009 767 1027 ,
797 985 836 1022 &
858 980 895 1021 d.
920 992 980 1033 14.
1011 981 1151 1035 ejusd,
1182 994 1224 1023 ut
1244 997 1329 1024 mos
1358 985 1412 1024 est
1433 1012 1444 1030 ,
1475 985 1522 1025 ab
1553 986 1690 1027 ordine
1719 990 1811 1028 Am-

88 1037 251 1094 plissimo
280 1037 526 1078 confirmatus
555 1037 620 1078 fui.
672 1037 780 1078 Licet
801 1048 928 1077 autem
957 1038 1114 1091 postea,
1136 1051 1294 1092 urgente
1316 1039 1506 1080 Societate
1535 1041 1810 1083 Remonstran-

89 1095 185 1136 tium
206 1125 218 1145 ,
246 1106 381 1134 munus
400 1092 498 1134 istud
516 1092 686 1133 oblatum
710 1091 956 1132 recusaverim
976 1123 988 1143 ,
1019 1106 1122 1132 anno
1141 1106 1269 1134 tamen
1292 1093 1463 1148 sequenti
1490 1108 1608 1147 ¹745·
1632 1097 1815 1139 Bafileam

89 1150 205 1204 petii,
235 1161 276 1189 ut
294 1161 449 1188 matrem
471 1160 594 1188 meam
614 1178 626 1197 ‚
656 1159 870 1188 matronam
890 1148 1077 1201 optimam
1098 1158 1212 1202 atque
1231 1161 1439 1189 etiamnum
1471 1164 1538 1203 per
1562 1152 1636 1192 Dei
1655 1154 1815 1206 gratiam

89 1204 321 1258 superstitem
334 1202 523 1247 ‚viderem
535 1233 547 1253 ,
575 1202 705 1256 ibique
724 1214 805 1242 non
824 1213 972 1243 tantum
989 1203 1132 1243 amicos
1154 1216 1298 1244 veteres
1314 1235 1325 1253 ,
1355 1205 1483 1258 quales
1502 1206 1746 1260 reliqueram,
1759 1224 1816 1250 re-

90 1260 172 1313 peri
192 1286 202 1305 ,
234 1258 298 1298 sed
316 1258 428 1298 etiam
450 1258 496 1297 ab
516 1258 597 1298 aliis
617 1257 796 1298 omnibus
816 1288 828 1307 ‚
859 1271 881 1297 a
911 1255 1175 1308 Senatoribus,
1206 1258 1481 1299 Profefforibus
1502 1287 1512 1305 ‚
1542 1263 1656 1302 etiam
1684 1262 1819 1304 Theo-

89 1315 187 1369 logis
211 1313 380 1363 duobus,
395 1312 582 1354 Ministris
603 1312 705 1353 verbi
725 1311 846 1352 divini
860 1311 1119 1366 ,Civibusque
1141 1313 1409 1354 honestiflimis
1428 1345 1438 1364 ,
1470 1326 1547 1354 tam
1575 1318 1736 1357 comiter
1754 1334 1818 1359 ex-

89 1381 220 1423 ceptus
240 1368 318 1409 sum
340 1399 352 1419 ,
382 1367 454 1408 acsi
479 1368 581 1408 nulla
601 1380 771 1423 unquam
798 1366 1096 1410 adversariorum
1127 1382 1301 1409 meorum
1321 1369 1516 1410 altercatio
1537 1383 1650 1425 atque
1671 1374 1817 1415 accusa-

88 1426 145 1466 tio
165 1423 287 1465 fuisset
314 1423 453 1464 audita.
1062 1475 1065 1479 ,

157 1491 191 1530 7.
223 1483 286 1519 ΑΟ.
322 1484 436 1530 1746.
465 1479 595 1533 trajeci
624 1479 663 1520 in
702 1479 886 1537 Angliam
917 1480 993 1534 (uti
1026 1481 1107 1522 dixi
1139 1496 1176 1537 p.
1211 1495 1274 1522 22.
1303 1494 1369 1535 47.
1404 1496 1465 1531 50.
1501 1491 1563 1535 53.
1598 1484 1659 1533 58.
1704 1485 1817 1539 112.)

88 1535 216 1590 ibique
236 1533 316 1575 vidi
338 1534 603 1577 Reverendisst
630 1536 973 1590 Archiepiscopum
995 1536 1331 1589 cantuariensem,
1362 1534 1419 1577 τὲν
1452 1538 1496 1577 νῖν
1525 1537 1552 1577 ἐν
1582 1536 1691 1588 ἁγίοις
1709 1571 1720 1590 ,
1751 1542 1818 1595 qui

89 1591 278 1631 tricennio
298 1602 432 1641 antea,
459 1604 545 1631 cum
573 1590 663 1631 esset
682 1592 894 1645 Episcopus
913 1592 1169 1642 Oxonienfis,
1199 1587 1247 1632 ad
1269 1593 1350 1647 ejus
1369 1593 1470 1634 urbis
1492 1592 1749 1636 Bibliothecas
1776 1600 1816 1636 &

89 1645 201 1686 MSS.
231 1645 375 1685 aditum
408 1644 503 1685 mihi
523 1645 751 1698 patefecerat
770 1677 782 1696 ,
812 1650 850 1686 &
870 1647 955 1700 post
976 1659 1053 1688 tam
1076 1648 1233 1702 longum
1257 1650 1440 1702 temporis
1473 1650 1710 1690 intervallum
1735 1666 1816 1692 non

18 1724 26 1727 -
90 1700 170 1741 fine
200 1700 393 1753 voluptate
423 1700 702 1753 colloquiorum
731 1702 948 1741 nostrorum
987 1702 1206 1742 recordatus
1235 1703 1289 1742 est
1311 1734 1322 1752 ,
1354 1704 1446 1757 quin
1483 1707 1520 1743 8<
1557 1706 1818 1747 Bibliothecae

93 1754 380 1795 Lambethanae
400 1753 553 1794 codices
580 1757 619 1793 &
642 1755 733 1801 alia,
765 1769 1014 1809 quaecunque
1038 1755 1183 1810 postet,
1214 1757 1349 1796 auxilia
1381 1756 1629 1812 liberalissime
1659 1759 1818 1812 obtulit,

92 1810 243 1850 mensae
261 1810 374 1849 etiam
397 1809 545 1850 honore
565 1822 627 1850 me
644 1808 833 1864 dignatus.
873 1810 982 1851 Idem
1004 1811 1054 1852 de
1081 1824 1170 1851 meo
1189 1811 1349 1851 confilio
1366 1812 1552 1865 judicium
1576 1813 1648 1855 fuit
1668 1813 1820 1858 alterius

91 1866 256 1919 Angliae
275 1864 471 1913 Primatis,
488 1865 553 1918 qui
573 1878 675 1904 nunc
693 1865 747 1905 est
765 1865 1012 1907 Eboracenfis
1032 1866 1382 1920 Archiepiscopus,
1411 1882 1524 1921 quem
1548 1873 1585 1909 ὅ(
1609 1874 1673 1911 ΑΟ.
1700 1885 1771 1922 171
1785 1886 1818 1921 7.

92 1920 362 1973 Cantabrigiae
380 1932 584 1964 noveram,
615 1922 656 1959 &
674 1932 763 1960 ante
782 1920 858 1960 hoc
877 1920 1223 1971 decennium‚cum
1243 1921 1454 1962 Hanovera
1474 1953 1486 1972 ,
1517 1924 1581 1964 ubi
1603 1925 1707 1981 Regi
1727 1942 1747 1966 a
1766 1927 1821 1968 sa-

90 1976 163 2015 cris
181 1975 300 2015 fuerat
319 2005 329 2024 ,
359 1973 508 2024 rediens
547 1973 875 2015 Amstelodamum
898 1975 1092 2026 transiret,
1124 1975 1306 2016 videram.
1348 1977 1409 2017 Ut
1431 1991 1533 2018 nunc
1566 1978 1613 2020 V.
1650 1981 1712 2021 cl.
1738 1981 1819 2022 Ni-

87 2029 236 2069 colaum
257 2028 386 2068 Asann
405 2063 415 2079 ,
447 2029 675 2082 Magistrum
708 2029 920 2084 Hospitalis
942 2030 981 2070 in
1005 2030 1209 2071 Carthufia
1239 2031 1475 2072 Londinenfi
1498 2064 1510 2083 ,
1541 2034 1709 2090 aliosque
1739 2038 1820 2091 plu-

89 2085 227 2135 rimos,
241 2085 479 2133 Germanos,
494 2084 630 2137 Belgas
647 2091 661 2134 ⁴,
689 2085 804 2125 etiam
823 2085 1054 2140 Theologos
1079 2087 1118 2126 in
1149 2086 1360 2127 Academia
1383 2088 1627 2142 Lugdunensi
1641 2122 1651 2140 ‚
1687 2092 1821 2134 Ultra-

85 2140 228 2194 jeffina
247 2171 259 2189 ,
289 2143 327 2179 ὃ(
348 2139 380 2180 F
383 2153 637 2193 ranequerana
652 2166 665 2186 ,
695 2140 912 2182 Consilium
935 2154 1063 2182 meum
1086 2145 1126 2180 &
1155 2142 1332 2196 privatim
1353 2147 1391 2183 ὃ(
1413 2144 1562 2197 publice
1580 2146 1785 2199 probantes
1809 2183 1821 2201 ‚

90 2207 244 2237 taceam.
298 2195 411 2248 Quae
433 2209 512 2235 non
532 2193 622 2236 ideo
642 2195 784 2246 affero,
814 2208 856 2237 ut
875 2196 934 2236 vel
956 2196 1126 2237 favorem
1148 2196 1301 2238 leEtoris
1332 2198 1407 2238 mei
1425 2199 1595 2251 eliciam,
1625 2202 1684 2242 vel
1705 2203 1819 2258 scrip-

89 2261 127 2290 ta
147 2264 230 2290 mea
251 2251 444 2291 communi
464 2252 637 2291 omnium
660 2251 840 2292 librorum
868 2251 957 2292 sorti
975 2253 1163 2302 eximam,
1182 2251 1247 2293 sed
1269 2266 1317 2293 ne
1338 2253 1530 2295 inauditus
1549 2256 1785 2299 condemner
1805 2282 1817 2309 ;

87 2317 273 2346 caeterum
291 2318 515 2356 contentus,
535 2305 560 2345 fi
580 2306 665 2359 quis
686 2320 724 2346 re
734 2307 890 2361 cognita
908 2306 1156 2360 judicaverit:

307 2360 401 2401 Sunt
430 2360 550 2410 bona,
581 2361 664 2401 sunt
685 2362 873 2415 quaedam
903 2361 1111 2403 mediocria
1133 2394 1144 2413 ,
1173 2360 1258 2405 sunt
1279 2363 1375 2405 mala
1398 2365 1527 2420 plura,

417 2416 531 2468 Quae
549 2415 640 2471 legis
661 2416 723 2456 hic
746 2431 754 2456 :
784 2417 890 2457 aliter
909 2431 990 2458 non
1016 2417 1083 2463 fit,
1118 2419 1274 2469 Amice,
1302 2420 1407 2461 liber.

141 2469 203 2510 Ut
214 2469 295 2509 vela
304 2471 541 2520 contraham,
553 2483 761 2511 extremum
775 2486 877 2512 nunc
896 2472 1066 2526 alloquar
1078 2473 1140 2513 Cl.
1157 2472 1188 2513 F
1192 2488 1268 2529 rey:
1282 2475 1320 2514 Si
1333 2476 1478 2529 semper
1488 2480 1525 2516 &
1539 2476 1631 2519 inde
1644 2478 1691 2519 ab
1701 2478 1815 2522 initio

91 2525 212 2578 rigide
224 2525 775 2580 Orthodoxus&receptarum
792 2527 1060 2567 sententiarum
1075 2527 1250 2568 omnium
1272 2541 1385 2571 tenax
1406 2531 1529 2583 fuisti,
1549 2547 1635 2583 cur,
1659 2535 1813 2589 quaeso,

90 2580 190 2620 ahud
213 2579 410 2625 simulasti,
430 2583 469 2620 &
496 2580 680 2634 discipulo
702 2592 792 2632 tuo,
826 2596 1014 2622 annorum
1042 2581 1323 2635 septendecim,
1354 2600 1440 2626 cum
1465 2598 1502 2627 te
1522 2587 1687 2642 primum
1710 2591 1818 2632 audi-

90 2647 167 2684 ret,
180 2634 430 2684 adolescenti,
443 2634 746 2676 moderationem
758 2667 769 2686 ,
792 2635 1028 2677 tolerantiam
1041 2668 1052 2686 ,
1065 2637 1276 2679 libertatem
1295 2638 1481 2681 sentiendi
1494 2646 1553 2687 δε,
1578 2658 1676 2698 quac
1703 2645 1817 2687 senti-

88 2700 145 2729 ret
157 2723 167 2738 ,
181 2690 333 2730 dicendi
354 2690 562 2744 praeceptis
582 2691 655 2731 tuis
672 2691 781 2730 omni
796 2706 884 2732 cura
903 2690 1084 2733 instillasti
1098 2696 1111 2732 ?
1124 2707 1171 2732 an
1184 2705 1225 2733 ut
1245 2694 1400 2735 haberes
1413 2727 1423 2744 ,
1437 2710 1550 2750 quem
1570 2698 1619 2738 ita
1640 2714 1659 2739 a
1682 2711 1718 2740 te
1735 2701 1815 2741 for-

90 2755 230 2784 matum
253 2758 409 2799 propter
430 2745 506 2786 hoc
526 2745 647 2799 ipsum
667 2745 810 2786 deinde
831 2746 1034 2800 proderes,
1048 2747 1249 2800 perderes,
1263 2761 1376 2803 atque
1387 2751 1644 2806 discerperes?
1674 2755 1738 2795 Sin
1752 2771 1817 2798 au-

91 2807 166 2837 tem
184 2799 307 2840 adhuc
326 2814 386 2845 es,
408 2802 462 2841 uti
484 2801 586 2853 prius
605 2800 729 2852 fuisti,
747 2801 978 2856 Theologus
998 2802 1317 2855 Latitudinarius‚
1339 2806 1406 2858 qui
1428 2805 1489 2856 fit,
1526 2820 1568 2848 ut
1586 2806 1684 2849 fasta
1706 2822 1769 2851 tua
1791 2827 1814 2852 a

94 2853 214 2893 verbis
234 2855 306 2894 tuis
324 2856 374 2894 ita
396 2856 641 2896 distentiant?
664 2867 705 2896 ut
724 2857 842 2896 animi
863 2859 917 2897 tui
939 2857 1209 2897 conscientiam
1232 2873 1311 2899 non
1334 2861 1467 2901 cures?
1496 2875 1538 2903 ut
1557 2876 1706 2904 remoto
1727 2866 1817 2906 affe-

93 2906 219 2946 &uum
239 2909 324 2948 velo
346 2923 424 2949 non
445 2910 598 2951 tandem
612 2941 624 2961 ,
646 2910 736 2951 dum
760 2911 886 2952 adhuc
916 2924 1066 2965 tempus
1086 2913 1140 2952 est
1162 2946 1173 2962 ‚
1202 2914 1437 2966 consideres,
1460 2918 1553 2970 quid
1577 2919 1759 2960 haetenus
1779 2935 1819 2962 e-

93 2961 191 3013 geris
210 2965 225 3001 ?
253 2962 290 3002 Si
309 2963 474 3018 denique
499 2966 646 3006 animus
667 2977 753 3006 tuus
772 2980 875 3007 nunc
897 2967 1115 3008 immutatus
1133 2968 1186 3008 est
1198 2999 1210 3018 ‚
1238 2970 1289 3009 ita
1310 2983 1351 3010 ut
1370 2972 1488 3024 priori
1508 2986 1634 3013 errore
1664 2974 1816 3027 abjesto

92 3014 197 3054 aliter
217 3030 316 3056 nunc
334 3018 486 3067 sentias·,
499 3034 578 3059 non
591 3020 754 3061 debebas
773 3032 900 3061 tamen
922 3035 1009 3062 cum
1025 3022 1212 3063 erroribus
1231 3024 1301 3064 illis
1330 3025 1379 3074 (fi
1401 3027 1564 3066 omnino
1583 3041 1726 3069 errores
1739 3029 1818 3069 fue-

91 3068 202 3121 runt)
231 3071 341 3110 etiam
362 3087 509 3113 auream
533 3076 741 3116 Servatoris
761 3076 950 3130 Regulam
971 3076 1154 3130 abjicere,
1185 3082 1223 3117 &
1257 3078 1317 3119 alii
1338 3080 1460 3121 facere
1479 3115 1490 3131 ‚
1520 3083 1625 3135 quod
1650 3084 1716 3122 tibi
1737 3082 1820 3123 fieri

90 3124 237 3165 nolles:
267 3125 332 3166 sed
351 3141 435 3168 cum
455 3142 523 3183 per
553 3143 675 3172 annos
703 3131 843 3186 viginti
867 3133 1039 3226 ς-υίηὲυε
1071 3132 1141 3174 tibi
1166 3135 1308 3176 erranti
1333 3149 1450 3177 nemo
1479 3137 1690 3178 molestiam
1718 3151 1818 3197 crea-

996 3200 1017 3228 e
1693 3203 1790 3232 verit
1803 3219 1814 3236 2
