1976 3519
481 212 1477 258 PRoLEGoMENA;
1811 230 1866 271 29

123 299 270 345 dicibus
289 303 473 345 hactenus
494 304 663 358 prolatae
684 301 858 349 fuerunt;
886 314 968 341 non
989 301 1094 341 enim
1114 300 1316 353 singulares
1336 301 1457 342 modo
1476 302 1681 345 Leffiones
1710 304 1750 344 ὃ(
1770 303 1861 346 huic

122 359 266 399 Codici
284 360 460 413 propriae
479 360 681 412 utrobique
699 368 948 411 comparent,
979 356 1044 396 sed
1065 359 1102 394 ὃ(
1120 357 1332 397 inseruntur
1349 356 1509 397 subinde
1528 357 1582 398 sat
1602 359 1743 410 multa,
1761 374 1860 413 quae

120 414 244 455 nullus
263 416 357 456 alius
377 414 516 455 Codex
537 413 732 467 agnoscit,
763 424 805 453 ut
824 412 1008 452 sexcentis
1027 426 1072 452 ex
1092 412 1186 452 locis
1206 413 1268 453 vix
1288 424 1385 452 unus
1404 424 1599 463 occurrat,
1628 414 1692 455 ubi
1727 416 1787 456 vel
1815 416 1857 455 in

119 483 200 510 uno
227 471 335 524 apice
363 471 462 509 inter
481 468 518 509 se
537 469 778 521 discrepant,
808 467 872 507 ubi
888 467 1026 507 scilicet
1048 467 1108 507 vel
1131 467 1374 522 typothetam
1406 466 1464 507 vel
1486 469 1740 510 correstorem
1766 470 1858 511 dor-

118 525 267 565 mitaffi:
285 535 453 579 apparet.
511 525 562 564 Et
583 523 691 578 quod
711 524 750 562 in
773 523 904 576 primis
923 521 1158 572 notandum,
1189 537 1275 563 cum
1304 522 1344 561 in
1365 521 1672 577 Cantabrigiensi
1702 525 1857 567 Codice

115 578 209 619 hinc
230 580 320 620 inde
341 579 432 619 folia
451 578 641 632 quaedam
660 580 699 618 in
720 578 925 619 Matthaeo
944 588 1059 631 atque
1073 577 1229 631 Joanne
1248 609 1260 627 ,
1288 591 1376 617 cum
1396 576 1459 617 sex
1482 579 1682 631 postremis
1704 580 1856 633 Capiti-

116 634 185 674 bus
217 635 402 674 A&orum
424 634 759 687 Apostolicorum,
780 632 1061 677 desiderentur,
1090 633 1206 673 etiam
1233 633 1512 686 Stephanianus
1540 632 1726 675 secundus
1743 665 1755 685 ‚
1786 637 1854 689 qui

114 689 204 729 alias
220 700 419 743 utramque
438 691 618 743 paginam
637 700 823 742 occupat,
854 689 894 728 in
915 688 1094 728 omnibus
1114 688 1186 729 illis
1206 688 1300 728 locis
1328 700 1518 741 nusquam
1538 702 1757 742 comparet,
1787 705 1853 732 ne-

114 758 189 797 que
209 744 282 784 ulla
302 758 347 784 ex
368 744 507 784 eodem
527 745 702 785 leffionis
720 744 880 784 varietas
900 744 1080 791 affertur;
1110 757 1209 797 quae
1233 743 1366 784 omnia
1394 743 1482 783 sane
1507 744 1550 783 in
1572 743 1722 785 duobus
1741 745 1851 786 fimul

113 798 328 840 Codicibus
347 800 399 839 ita
420 799 504 839 casu
526 799 687 840 fortuito
706 799 923 852 conspirare
942 798 1047 839 haud
1067 810 1285 851 potuerunt.

168 854 348 909 Denique
368 854 471 894 hunc
490 855 684 895 Codicem
703 855 911 907 praeconio
931 853 998 894 suo
1016 853 1235 895 nobilitavit
1257 852 1481 894 Theodorus
1503 852 1623 894 Beza
1643 885 1655 905 ‚
1685 870 1773 897 cum
1790 857 1839 898 N
1841 886 1850 898 .

110 907 161 949 T.
189 908 294 949 suum
323 908 477 959 ederet,
507 910 613 962 cujus
639 909 752 950 verba
783 909 914 950 audire
943 909 1068 950 lubet:
1097 940 1123 959 ,‚
1153 908 1249 963 quid
1268 909 1313 951 fit
1332 924 1354 949 a
1374 909 1510 959 nobis,
1539 910 1685 964 inquit,
1715 912 1755 951 in
1776 911 1850 953 hac

107 993 136 1015 „
165 965 274 1004 tertia
293 964 406 1018 hujus
417 963 635 1006 Voluminis
654 965 839 1006 Editione
858 964 1098 1018 praestitum,
1129 964 1180 1004 sic
1201 966 1330 1018 paucis
1351 979 1545 1019 cognosce
1562 987 1628 996 ---
1647 966 1776 1008 Multa
1787 988 1851 999 ---·-

106 1049 136 1070 ‚,
165 1021 204 1059 in
234 1019 360 1074 priore
390 1020 547 1074 quidem
581 1021 720 1061 horum
748 1020 931 1060 librorum
952 1031 1059 1073 parte
1079 1020 1102 1060 i.
1131 1033 1162 1060 e.
1190 1020 1231 1059 in
1253 1031 1416 1074 quatuor
1438 1020 1656 1074 Evangeliis
1677 1025 1716 1061 &
1737 1021 1849 1063 Astis

105 1105 133 1125 ,‚
163 1076 398 1128 Apostolicis
417 1090 460 1116 ex
482 1076 751 1129 Manuscripto
774 1075 1087 1116 Graeco-Latino
1101 1102 1111 1120 ‚
1141 1088 1188 1115 ex
1211 1076 1261 1115 D.
1291 1075 1438 1116 Irenaei
1460 1076 1670 1116 Coenobio
1690 1076 1848 1131 Lugdu·
1907 1114 1914 1123 ,

103 1160 131 1179 ‚‚
160 1130 265 1170 nenfi
284 1142 414 1180 erute,
445 1134 485 1170 &
505 1130 720 1184 majusculis
736 1131 916 1184 utrinque
935 1129 1052 1170 literis
1073 1130 1288 1183 descripto,
1321 1141 1526 1185 tantaeque
1543 1131 1738 1172 vetustatis
1760 1133 1845 1173 Co-

103 1208 130 1235 ‚‚
158 1184 263 1235 dice,
294 1198 335 1226 ut
355 1185 470 1239 ipfius
490 1200 589 1239 pene
610 1187 758 1227 Irenaei
777 1186 1012 1240 temporibus
1029 1185 1190 1226 extitisse
1209 1184 1330 1226 videri
1352 1184 1487 1239 poffit,
1515 1185 1583 1226 nifi
1605 1200 1651 1227 ex
1681 1187 1845 1228 Graecia

102 1271 129 1290 ‚‚
159 1239 267 1281 fiiiffe
287 1252 376 1281 ante
396 1241 542 1295 aliquot
562 1242 682 1282 secula
704 1242 954 1295 importatum
974 1255 1022 1281 ex
1040 1241 1122 1281 aliis
1140 1240 1293 1281 indiciis
1312 1241 1512 1282 constaret.
1567 1241 1614 1281 In
1634 1242 1845 1295 posteriore

101 1325 129 1347 ‚‚
159 1309 270 1346 vero,
299 1297 323 1336 i.
353 1310 385 1336 e.
411 1297 517 1337 Pauli
547 1297 727 1351 Epistolis
755 1310 803 1337 ex
823 1297 899 1336 alio
919 1297 1019 1350 paris
1038 1296 1233 1337 vetustatis
1252 1296 1480 1350 exemplari,
1510 1297 1550 1336 in
1571 1296 1842 1339 Claromonta-

101 1380 129 1400 ‚,
157 1365 210 1390 no
230 1351 333 1405 apud
353 1350 578 1393 Bellovacos
599 1352 809 1392 Coenobio
827 1362 1001 1405 reperto,
1014 1352 1175 1405 plurima
1196 1365 1277 1391 non
1300 1351 1409 1405 parvi
1430 1353 1619 1392 momenti
1629 1352 1844 1394 observavi-

98 1435 126 1456 ,,
155 1420 249 1447 mus.
306 1407 490 1448 Genevae
511 1422 569 1448 xx.
593 1407 703 1448 Febr.
737 1421 810 1446 elz>
833 1409 1073 1448 loLxxx11’'.
1129 1407 1176 1447 In
1196 1406 1269 1447 hac
1288 1407 1454 1461 primum
1474 1407 1656 1448 Editione
1666 1407 1842 1462 frequen-

99 1472 157 1501 ter
188 1461 237 1501 ad
263 1461 374 1502 istum
404 1462 598 1503 Codicem
628 1463 752 1503 verbis
769 1462 960 1513 ejusmodi
977 1474 1187 1515 provocat:
1215 1493 1241 1512 „
1273 1462 1313 1501 in
1334 1476 1424 1503 meo
1443 1462 1684 1503 venerandae
1706 1464 1838 1517 impri-

97 1542 126 1566 „
156 1516 229 1557 mis
246 1517 482 1571 antiquitatis
504 1518 680 1568 Codice,
710 1515 998 1558 vetustiffimum
1018 1517 1111 1558 illud
1134 1531 1263 1558 meum
1281 1517 1474 1571 exemplar
1498 1519 1603 1559 &c’'.
1658 1519 1840 1560 Eundem

97 1582 225 1612 tamen
257 1573 448 1614 Codicem
472 1573 555 1627 jam
584 1588 689 1614 anno
718 1573 910 1627 superiore
929 1572 1163 1614 Academiae
1183 1573 1489 1627 Cantabrigiensi
1509 1572 1745 1626 donaverat,
1775 1589 1841 1617 cu-

93 1626 156 1679 jus
174 1627 396 1669 donationis
414 1629 573 1684 sequens
593 1629 766 1683 Epistola
786 1627 904 1668 fidem
924 1627 1016 1668 facit
1036 1643 1058 1668 a
1079 1642 1140 1668 me
1161 1642 1206 1669 ex
1228 1627 1488 1683 Autographo
1510 1627 1720 1682 descripta:

152 1707 179 1727 ‚‚
209 1683 378 1738 Inclytae
397 1684 601 1737 modisque
619 1685 798 1724 omnibus
830 1683 1137 1724 celebratissimae
1168 1683 1403 1724 Academiae
1423 1683 1729 1738 Cantabrigienfi
1742 1684 1840 1726 Gra-

94 1738 123 1787 ‘„
153 1738 247 1776 tiam
267 1741 305 1776 &
328 1739 467 1779 Pacem
490 1753 511 1778 a
532 1740 622 1778 Deo
634 1739 744 1778 Patre
765 1752 809 1777 ac
829 1739 1007 1777 Domino
1028 1738 1161 1777 nostro
1178 1737 1269 1791 Jesu
1290 1737 1461 1776 Christo.
1515 1739 1698 1791 Quatuor
1710 1740 1840 1780 Evan-

97 1821 124 1842 ‚‚
152 1792 338 1845 geliorum
359 1797 396 1833 δε
420 1794 606 1833 Actorum
626 1792 941 1847 Apostolicorum
961 1792 1314 1832 Graeco-Latinum
1336 1791 1540 1845 Exemplar
1557 1806 1604 1832 ex
1626 1793 1662 1834 S.
1690 1794 1839 1836 Irenaei

97 1876 125 1897 ‚,
155 1847 363 1888 Coenobio
394 1847 640 1902 Lugdunensi
663 1859 752 1887 ante
772 1847 921 1901 aliquot
941 1859 1064 1886 annos
1085 1848 1238 1895 naitus,
1267 1847 1443 1887 mutilum
1464 1846 1623 1900 quidem
1645 1848 1763 1900 illud,
1795 1854 1836 1890 δε

96 1928 124 1953 „
152 1915 277 1956 neque
307 1903 393 1942 satis
420 1902 623 1943 emendate
649 1903 696 1942 ab
715 1903 828 1942 initio
846 1902 988 1955 ubique
1004 1900 1259 1954 descriptum,
1288 1914 1414 1954 neque
1436 1901 1488 1941 ita
1509 1913 1552 1942 ut
1569 1905 1744 1956 oportuit
1767 1905 1837 1945 ha-

97 1978 124 2007 ‚·,
152 1958 296 2008 bitum,
326 1957 419 1999 ficut
449 1972 494 1998 ex
517 1957 667 2012 paginis
689 1955 917 2011 quibusdam
937 1955 1089 1996 diverso
1109 1956 1328 1996 chara&ere
1350 1955 1517 2006 insertis,
1545 1960 1586 1997 &
1606 1958 1756 1999 indoffi
1773 1974 1839 2001 cu-

96 2043 124 2063 „
148 2012 309 2067 juspiam
341 2014 480 2054 Graeci
508 2014 691 2068 Calogeri
720 2012 885 2052 barbaris
915 2011 1053 2052 alicubi
1083 2012 1187 2052 notis
1215 2022 1394 2065 apparet,
1423 2012 1583 2053 Vestrae
1601 2013 1838 2067 potiffimum

93 2095 123 2118 ,,
153 2068 405 2120 Academiae,
436 2081 479 2110 ut
497 2070 595 2110 inter
616 2082 705 2110 vere
727 2068 967 2108 Christianas
987 2066 1274 2116 vetustiffimae‚
1287 2066 1535 2121 plurimisque
1547 2069 1766 2111 nominibus
1777 2085 1838 2112 ce-

97 2149 124 2174 ‚‚
152 2123 390 2175 leberrimae‚
418 2124 626 2165 dicandum
646 2124 879 2173 existimavi,
909 2122 1134 2163 Reverendi
1153 2123 1316 2163 Domini
1341 2125 1380 2161 &
1400 2122 1555 2173 Patres,
1586 2124 1625 2163 in
1647 2126 1753 2178 cujus
1772 2126 1838 2166 Sa-

69 2222 73 2229 l
97 2185 125 2229 „²
153 2180 273 2220 crario
296 2192 445 2220 tantum
467 2180 543 2220 hoc
563 2179 827 2225 venerandae,
857 2178 898 2218 ni
920 2177 1019 2218 forte
1038 2177 1170 2224 fallor,
1198 2177 1393 2218 vetustatis
1411 2179 1695 2220 monimentum
1717 2181 1838 2221 collo*

98 2262 125 2284 „
153 2246 267 2274 cetur.
320 2234 399 2275 Etfi
422 2250 514 2275 vero
534 2235 627 2276 nulli
648 2234 780 2275 melius
802 2247 919 2289 quam
940 2247 1011 2273 vos
1031 2233 1120 2287 ipsi,
1153 2246 1251 2288 quae
1272 2232 1315 2274 sit
1338 2232 1427 2273 huic
1446 2234 1653 2287 exemplari
1665 2235 1759 2276 fides
1771 2237 1838 2277 ha-

97 2316 124 2339 ,‚
154 2289 300 2334 benda,
330 2291 581 2340 aestimarint,
613 2290 684 2330 hac
701 2289 753 2330 de
772 2304 812 2330 re
833 2302 961 2331 tamen
982 2303 1054 2329 vos
1072 2287 1342 2329 admonendos
1361 2288 1476 2334 duxi,
1504 2300 1650 2330 tantam
1672 2305 1694 2330 a
1713 2305 1775 2332 me
1794 2293 1836 2331 in

97 2366 124 2395 ,·,
154 2345 280 2386 Lucae
310 2346 528 2399 praesertim
560 2346 774 2400 Evangelio
802 2356 993 2399 repertam
1022 2343 1098 2385 effe
1128 2345 1228 2385 inter
1259 2344 1363 2384 hunc
1393 2342 1587 2385 Codicem
1608 2349 1647 2384 &
1668 2358 1837 2388 caeteros

98 2425 125 2449 „
153 2401 399 2454 quantumvis
428 2414 574 2443 veteres
605 2401 917 2454 discrepantiam,
947 2412 989 2440 ut
1016 2399 1197 2441 vitandae
1226 2399 1470 2453 quorundam
1500 2400 1708 2440 offenfioni
1728 2401 1838 2442 affer-

99 2479 127 2505 ,,
158 2456 328 2496 vandum
357 2457 486 2510 potius
514 2471 630 2512 quam
660 2456 931 2510 publicandum
953 2455 1175 2496 existimem.
1228 2455 1273 2494 In
1295 2454 1366 2494 hac
1386 2467 1514 2496 tamen
1534 2469 1614 2495 non
1637 2455 1838 2498 sentcntia-

97 2538 125 2560 ‚,
146 2522 238 2551 ‘rum
269 2511 333 2551 sed
361 2527 500 2552 vocum
531 2512 746 2553 diversitate
767 2511 861 2552 nihil
882 2509 1058 2565 profesto
1074 2511 1268 2564 comperi,
1298 2509 1402 2551 unde
1425 2509 1600 2564 suspicari
1620 2513 1836 2565 potuerim,

99 2594 125 2616 „
155 2580 175 2605 a
196 2568 383 2607 veteribus
404 2568 475 2608 illis
495 2568 692 2608 haereticis
709 2566 817 2607 fuisse
833 2567 1094 2621 depravatum.
1125 2566 1211 2606 Imo
1231 2564 1349 2606 multa
1371 2565 1614 2606 mihivideor
1624 2565 1841 2621 deprehen-

100 2643 127 2670 5,
156 2619 248 2662 disse
267 2636 407 2677 magna
425 2623 690 2664 observatione
708 2622 846 2678 digna:
875 2622 1065 2677 quaedam
1084 2622 1199 2662 etiam
1211 2621 1266 2662 sic
1286 2636 1307 2660 a
1328 2633 1479 2674 recepta
1499 2621 1680 2675 scriptura
1702 2622 1840 2663 discre-

99 2703 126 2725 ‚,
155 2677 305 2729 panna,
335 2689 377 2718 ut
397 2689 525 2719 tamen
545 2693 633 2720 cum
652 2690 824 2719 veterum
834 2677 1127 2733 quorundam&
1145 2678 1382 2717 Graecorum
1394 2677 1671 2718 &Latinorum
1682 2679 1838 2718 Patrum

101 2758 128 2779 ‚³
157 2731 304 2786 scriptis
320 2733 582 2783 consentiant·,
612 2747 692 2774 non
715 2747 835 2788 pauca
856 2733 1044 2788 denique,
1075 2733 1211 2786 quibus
1230 2732 1374 2772 vetusta
1396 2732 1532 2772 Latina
1554 2732 1687 2774 Editio
1710 2748 1839 2774 corro-

102 2804 130 2834 >A
160 2790 332 2829 boratur:
362 2803 459 2843 quae
479 2791 609 2830 omnia
628 2803 700 2844 pro
721 2789 865 2842 ingenii
886 2790 962 2830 mei
981 2788 1141 2830 modulo
1161 2789 1258 2828 inter
1279 2787 1315 2828 se
1335 2800 1574 2841 comparata,
1603 2791 1643 2827 ὃς
1661 2802 1748 2828 cum
1770 2788 1839 2842 Sy-

103 2866 131 2886 2,
160 2856 199 2881 ra
232 2846 271 2882 &
305 2845 466 2886 Arabica
496 2845 669 2886 editione
707 2844 876 2891 collata,·
907 2846 947 2885 in
975 2845 1138 2898 majores
1160 2857 1262 2884 meas
1284 2843 1570 2883 Annotationes
1591 2858 1610 2882 a
1632 2857 1694 2883 mc
1717 2856 1840 2897 nuper

106 2926 133 2945 ‚,
160 2899 398 2946 emendatas,
433 2904 473 2941 ὃς
492 2901 620 2947 brevi,
652 2902 742 2942 Deo
765 2900 938 2950 favente,
981 2898 1197 2954 prodituras
1238 2897 1420 2952 congelli.
1475 2897 1551 2939 Sed
1572 2912 1642 2951 age
1666 2912 1724 2938 res
1746 2898 1840 2938 haec

106 2980 134 3000 2,
165 2961 245 2992 tota
267 2955 376 2995 vestri
389 2987 399 3006 ‚
429 2956 535 2996 ficuti
555 2971 624 3010 par
640 2957 712 3006 est,
744 2955 880 3009 judicii
900 2956 1001 2997 esto:
1028 2955 1203 2995 Tantum
1223 2969 1244 2994 a
1263 2954 1372 2994 vobis
1393 2964 1485 3007 peto
1498 2953 1745 3000 ,Reverendi
1758 2954 1841 2993 Do-

107 3033 135 3055 „
163 3007 257 3046 mini
276 3012 315 3048 &
336 3011 487 3062 Patres,
518 3024 558 3052 ut
579 3013 655 3052 hoc
677 3011 941 3066 qualecunque
960 3011 1127 3051 summae
1146 3011 1185 3050 in
1205 3009 1367 3050 vestram
1386 3007 1690 3061 Amplitudincm
1701 3008 1842 3063 Obser-

110 3089 138 3111 ‚‚
168 3063 318 3103 vantiae
338 3078 443 3107 meae
463 3068 577 3108 veluti
609 3068 914 3117 monimentum,
943 3067 990 3107 ab
1012 3066 1172 3106 homine
1187 3065 1300 3105 vestri
1318 3062 1583 3105 studiosissimo
1605 3062 1839 3117 profestum,

109 3144 138 3166 υ
167 3117 278 3170 aequi
303 3118 470 3174 bonique
495 3123 706 3164 consulatis.
762 3123 813 3163 D.
837 3123 945 3177 Jesus
973 3122 1152 3163 Servator
1179 3120 1329 3170 noster,
1361 3123 1400 3159 &
1418 3119 1589 3159 universe
1605 3117 1781 3176 omnibus
1802 3119 1843 3155 &

112 3195 138 3222 2,
166 3172 345 3225 privatim
374 3174 548 3230 singulis,
577 3179 728 3234 totique
754 3177 853 3219 adeo
887 3175 1228 3220 Christianissimae
1255 3174 1474 3229 Anglorum
1507 3173 1630 3215 Genti
1658 3184 1780 3225 magis
1798 3185 1842 3211 ac

974 3233 1016 3273 D
1047 3245 1068 3284 3
1685 3243 1737 3278 ὐ
1765 3239 1846 3280 ma?
