1976 3519
429 183 1459 244 ·PR0LEG0MENA;
1734 191 1813 239 137

74 301 101 351 ζ,
129 296 257 337 reneka
286 288 414 333 tamen
437 289 658 344 plerumque
676 283 812 338 exigua
829 278 996 335 quadarn
1015 278 1114 318 inter
1141 276 1337 329 utriusque
1363 270 1676 319 emendationem
1703 264 1816 311 diffe=

76 381 104 405 ‚,
134 352 264 392 rentia.
318 348 362 393 In
386 360 429 387 ea
450 359 489 385 re
509 338 836 397 quemadmodum
855 334 1001 383 habeo,
1030 331 1137 386 quod
1158 331 1255 370 mihi
1275 331 1461 385 gratuler,
1493 327 1601 383 quod
1622 326 1726 367 idem
1747 325 1816 365 mi-

75 439 104 459 „
134 408 175 448 hi
209 407 306 446 circa
337 417 381 443 ea
408 400 491 440 loca
519 412 563 437 ac
591 395 657 437 tali
689 393 774 434 viro
794 392 835 432 in
855 401 1024 430 mentem
1046 387 1215 436 venerit,
1244 386 1296 425 ita
1321 397 1500 438 cuperem
1525 394 1679 432 tamen,
1709 392 1751 422 ut
1772 378 1815 420 id

76 491 103 514 -‚‚
134 462 247 516 paulo
276 455 457 499 maturius
486 451 536 492 ad
565 449 744 491 notitiam
773 459 894 487 meam
926 443 1177 498 pervenisset,
1205 454 1285 494 quo
1311 437 1513 493 potuissem
1543 451 1673 478 earum
1704 436 1817 482 loco,

78 549 106 569 „
134 531 229 572 quas
257 514 318 554 ille
349 507 561 564 praecepit,
590 505 679 545 alias
707 505 747 543 in
778 500 948 541 medium
977 510 1196 553 proponere
1214 523 1226 546 ,
1255 505 1320 535 aut
1350 493 1480 534 saltem
1510 493 1687 546 pauculas
1713 491 1817 540 illas,

79 603 106 625 „
136 585 233 626 quae
262 567 357 609 mihi
379 577 466 604 cum
496 570 545 602 eo
575 570 799 600 communes
829 555 935 604 sunt,
963 552 1115 608 prorsus
1144 551 1366 592 omittere’'.
1422 548 1543 588 Hunc
1562 547 1689 587 locum
1719 546 1819 586 mihi

80 625 303 669 monstravit
331 620 404 663 Vir
436 616 500 657 Cl.
526 616 589 670 J0.
619 613 840 655 Ludovicus
869 610 989 664 Frey,
1019 607 1116 648 Iselii
1138 619 1228 647 tunc
1250 603 1439 652 aemulus,
1468 602 1599 656 postea
1630 600 1820 655 Collega,

81 697 188 723 meus
207 690 332 720 autem
351 676 389 715 in
407 671 609 715 Hebraicis
629 672 668 708 &
696 666 857 722 Syriacis
878 674 1122 719 praeceptor3
1154 660 1337 714 simulque
1358 657 1595 704 observavit,
1624 656 1821 699 neminem

80 733 305 792 Polyglottis
326 727 548 782 Anglicanis
565 725 619 767 uti
640 725 770 778 posse,
799 721 893 776 quin
916 719 1022 760 simul
1042 717 1198 758 Castelli
1219 715 1363 757 Lexico
1381 725 1516 755 utatur.
1570 746 1572 750 Α

133 792 178 832 In
207 787 347 830 eodem
374 782 578 838 specimine
608 793 691 833 cap.
722 778 752 818 Ι.
790 790 849 827 19.
879 775 972 815 haec
1002 774 1177 828 leguntur
1207 784 1215 811 t
1257 797 1283 820 ‚‚
1311 768 1541 822 Exemplum
1571 766 1822 821 expositionis

78 875 105 900 „
132 843 287 900 nugacis
307 852 421 894 atque
443 835 631 878 fabulosae
653 834 809 874 afferam
831 828 961 872 Rabhi
981 827 1139 868 <David
1164 824 1332 867 Kimchi
1359 837 1406 864 ex
1427 823 1639 877 praecipuis
1652 821 1825 876 Judaeo-

80 933 105 955 ‚,
134 909 218 942 rum
237 892 624 938 commentatoribus,
655 891 685 930 is
707 889 810 930 enirn
833 885 956 927 Notis
975 885 1016 924 in
1040 880 1319 937 Haphtharoth
1342 880 1382 919 in
1413 876 1710 932 Haphtharath
1744 877 1824 915 Va-

80 986 106 1010 „
121 956 217 1012 jera
249 951 460 993 desumtam
489 961 536 991 ex
571 960 602 986 2.
625 945 727 999 Reg.
757 942 828 984 IV.
858 953 900 981 ut
932 941 1119 980 rationem
1143 937 1302 986 reddat,
1331 933 1435 975 unde
1461 933 1595 974 mulier
1617 932 1825 976 Sunamitis

80 1043 106 1064 ,‚
136 1006 382 1064 cognoverit,
412 1003 597 1044 Elisaeum
625 999 699 1040 effe
726 996 963 1051 Prophetam
992 994 1105 1048 (nam
1130 993 1207 1033 hoc
1240 992 1364 1032 siletur
1387 991 1425 1029 in
1455 989 1605 1041 Textu)
1628 1001 1708 1027 non
1731 1001 1827 1027 con-

80 1097 108 1120 „
135 1078 261 1107 tentus
279 1062 332 1103 est
353 1058 507 1108 euxine,
537 1055 658 1110 ipsum
691 1055 729 1093 in
760 1052 895 1093 Israele
925 1049 1179 1091 communiter
1202 1045 1308 1087 fuiffe
1329 1045 1501 1086 habitum
1530 1058 1603 1098 pro
1627 1042 1727 1083 Viro
1746 1042 1825 1082 Dei

80 1150 108 1174 ‚‚
140 1124 178 1160 ὃ(
199 1133 270 1173 pro
288 1118 372 1158 viro
391 1114 544 1161 saneto,
572 1123 614 1151 ut
635 1108 744 1149 addit
763 1109 804 1147 in
824 1105 1103 1147 commentario
1123 1103 1210 1147 suo,
1240 1102 1306 1155 qui
1337 1111 1439 1140 extat
1468 1101 1507 1139 in
1537 1098 1683 1139 Bibliis
1714 1096 1827 1136 Bux-

81 1205 109 1229 „
138 1174 315 1227 torfianis
346 1193 357 1220 3
401 1168 465 1209 sed
505 1181 551 1208 ex
592 1161 844 1220 nugacisfimis
883 1160 1130 1201 Commentis
1171 1157 1441 1198 Rabbinorum
1490 1154 1641 1195 suorum
1693 1152 1824 1194 addit:

84 1262 113 1284 „
140 1229 311 1271 Rabbini
327 1224 443 1278 nostri
467 1222 602 1262 beatae
622 1221 824 1259 memoriae
843 1216 981 1257 dicunt
1000 1246 1010 1265 ‚
1041 1213 1145 1270 quod
1162 1223 1244 1252 tum
1266 1212 1414 1251 demum
1427 1210 1601 1262 sciverit
1620 1208 1732 1249 illum
1756 1207 1827 1261 effe

83 1315 110 1335 ,‚
138 1288 270 1326 virum
293 1281 381 1322 ‘Dei
391 1278 597 1334 sanarum,
628 1273 676 1319 dy*
696 1287 771 1314 non
792 1281 913 1312 antea
945 1272 966 1322 ζ
969 1271 1027 1311 vel
1049 1270 1221 1310 Latinius
1235 1298 1244 1316 ‚
1273 1280 1358 1306 cum
1379 1264 1424 1304 id
1439 1273 1556 1305 antea
1579 1261 1827 1316 nesciviffet)

165 1342 317 1381 uoniam
337 1350 410 1376 non
433 1332 582 1374 viderit
603 1330 770 1384 mustum
793 1331 834 1368 in
855 1327 984 1380 mensa
1007 1326 1114 1382 ejus,
1133 1325 1179 1369 ὠ
1204 1320 1405 1363 LECTU
1409 1320 1459 1359 M
1478 1322 1519 1359 in
1533 1319 1708 1365 syndone
1728 1317 1828 1370 ejus,

83 1425 110 1449 „
139 1397 180 1437 id
199 1395 274 1440 est,
297 1392 429 1445 potuit
449 1389 520 1428 hoc
551 1386 626 1440 legi
656 1388 698 1425 in
729 1383 901 1437 Syndone
926 1381 1032 1433 ejus,
1062 1393 1144 1420 eum
1177 1378 1248 1431 effe
1274 1376 1511 1431 prophetam.
1552 1377 1606 1415 At
1637 1367 1829 1429 quis‘hoc

84 1482 109 1503 ‚‚
138 1452 228 1492 istos
250 1446 456 1489 nebulones
476 1442 609 1484 docuit
620 1443 668 1481 ''?
699 1439 760 1480 Ut
776 1438 869 1479 nihil
894 1436 1019 1477 dicam
1042 1435 1091 1476 de
1113 1434 1284 1480 syndone
1308 1432 1365 1472 bis
1387 1445 1459 1485 pro
1483 1430 1644 1470 sindone
1668 1429 1830 1483 scripta,

85 1508 274 1562 postrema
297 1500 467 1543 Rabbini
494 1497 608 1539 verba
638 1496 773 1536 vertit:
804 1492 890 1535 ET
907 1494 1041 1545 potuit
1074 1490 1144 1529 hoc
1174 1490 1271 1542 legi,
1303 1502 1346 1527 ac
1379 1487 1404 1527 si
1435 1484 1554 1526 ess'ent
1583 1484 1829 1533 affirmantis,

86 1577 173 1604 cum
194 1560 267 1600 smt
288 1556 484 1611 neganti8‚
502 1555 554 1594 ita
573 1563 614 1592 ut
633 1549 726 1591 illud
748 1546 796 1595 dy
818 1563 889 1602 pro
911 1560 979 1587 nec
1001 1546 1165 1600 positum
1192 1544 1255 1593 sit,
1286 1541 1394 1597 quod
1416 1542 1514 1581 clare
1536 1552 1641 1594 patet
1659 1553 1705 1580 ex
1728 1540 1829 1593 ejus-

86 1617 176 1658 dem
196 1613 371 1656 Kimchii
387 1607 664 1651 commentario
688 1607 726 1645 in
752 1620 785 1645 2.
816 1605 918 1659 Reg.
946 1601 1018 1642 IV.
1048 1616 1086 1652 9.
1117 1600 1184 1640 nisi
1208 1599 1231 1639 fi
1257 1599 1359 1638 dicat
1381 1596 1604 1637 Rabbinum
1630 1595 1754 1636 secum
1774 1595 1832 1648 ip-

87 1672 129 1714 so
150 1680 383 1726 pugnantem
401 1662 579 1717 scripsisse
592 1693 603 1711 ,
617 1661 663 1700 ab
684 1659 819 1700 eadem
841 1658 997 1699 muliere
1019 1655 1182 1697 eandem
1203 1668 1282 1694 rem
1308 1657 1345 1692 ὃ(
1362 1651 1503 1692 eodem
1526 1664 1700 1704 tempore
1722 1648 1830 1690 simul

87 1731 128 1767 &
146 1726 262 1766 visam
282 1726 321 1763 &
341 1734 420 1761 non
448 1719 565 1759 visam
587 1715 702 1756 fuiss‘e.
759 1716 818 1754 Ex
838 1712 978 1754 eodem
1004 1709 1301 1751 Commentario
1333 1707 1463 1746 videre
1486 1718 1636 1759 poterat
1652 1733 1663 1751 ‚
1692 1717 1829 1746 vocem

88 1787 172 1839 wip,
207 1792 320 1834 quam
341 1775 481 1816 larum
503 1774 791 1824 interpretatur,
820 1782 900 1808 non
923 1766 1018 1815 esse,
1051 1777 1091 1806 ut
1113 1764 1293 1819 putabat,
1315 1762 1449 1815 primi,
1481 1760 1545 1801 sed
1567 1760 1690 1815 quarti
1713 1759 1830 1800 casus.

89 1837 271 1889 Denique
293 1845 373 1871 non
399 1827 582 1884 cogitavit
602 1826 794 1878 Interpres
826 1827 865 1863 &
896 1821 1046 1863 Censor
1068 1820 1194 1859 noster
1223 1818 1272 1858 de
1293 1818 1386 1866 alia,
1409 1830 1530 1869 eaque
1552 1816 1640 1856 loco
1662 1814 1833 1855 Rabbini

91 1892 214 1933 multo
238 1884 573 1932 convenientiore,
602 1880 774 1932 ejusdem
805 1878 911 1920 vocis
933 1881 996 1933 ’ἾΡ
1028 1874 1304 1929 significatione
1317 1899 1327 1918 ‚
1358 1885 1455 1925 quae
1476 1870 1503 1911 si
1523 1871 1593 1926 ipsi
1612 1870 1769 1912 venisset
1790 1870 1831 1910 in

92 1958 283 1994 mentem,
312 1940 428 1982 credo
442 1970 454 1989 ,
476 1935 687 1990 exemplum
710 1932 945 1987 turpiculum
969 1945 1042 1972 non
1066 1928 1272 1981 attuliffet.

148 2032 173 2053 ‚,
202 2003 268 2041 ΑΟ.
301 2009 419 2048 1709.
449 1993 486 2034 d.
523 2005 585 2032 21.
616 1989 715 2043 Maji
741 1988 864 2029 edidit
891 1983 1171 2040 differtationis
1192 1981 1476 2031 Academiam,
1505 1994 1582 2036 qua
1615 1982 1835 2021 aeternitas·

92 2088 118 2110 „
148 2053 280 2096 mundi
299 2050 536 2106 argumentis
554 2044 764 2098 Historicis
784 2042 1034 2095 confutatur,
1050 2040 1220 2079 ‘Partem
1246 2041 1303 2078 1.''
1334 2037 1439 2087 Ubi,
1460 2036 1664 2090 postquam
1685 2035 1836 2078 docuis-

93 2113 147 2154 set
166 2109 270 2164 apud
285 2105 518 2159 Babylonios
535 2104 717 2154 480000.
748 2111 934 2139 annornm
953 2092 1423 2150 obfhrvatianesflklerum
1443 2089 1645 2131 condiens
1667 2091 1833 2131 latercu-

94 2168 146 2209 lis
168 2166 238 2220 effe
262 2163 493 2216 inscriptas,
522 2157 614 2211 teste
637 2155 799 2205 Plinio,
830 2158 868 2193 &
897 2153 1079 2192 Cicerone
1100 2151 1166 2204 qui
1187 2163 1253 2190 eos
1285 2161 1466 2199 470000.
1498 2160 1684 2186 annorum
1705 2160 1837 2186 monu-

95 2223 238 2264 mentis
266 2215 527 2271 comprehensa
557 2216 751 2253 continere
768 2208 936 2262 fi ribit3
968 2208 1017 2247 ita
1039 2206 1182 2260 pergit:
1210 2231 1235 2254 ‚,
1266 2203 1304 2243 Si
1327 2203 1412 2257 quis
1432 2214 1560 2243 tamen
1581 2217 1601 2241 a
1624 2202 1735 2242 nobis
1764 2216 1835 2255 po-

96 2307 122 2330 „
151 2277 258 2318 stulat
278 2287 318 2314 ut
341 2273 408 2312 has
429 2283 547 2324 nugas
568 2268 661 2308 serio
682 2265 907 2313 refutemus,
937 2263 997 2303 ille
1020 2263 1148 2316 paucis
1169 2261 1219 2299 ita
1240 2260 1375 2298 habeat
1398 2275 1406 2297 z
1436 2257 1606 2297 Primum
1637 2257 1738 2310 ipsos
1768 2257 1836 2303 sibi

98 2366 123 2386 ,‚
153 2331 285 2372 bacin
303 2343 342 2369 re
360 2327 518 2380 turpiter
541 2319 808 2364 contradixisse
839 2318 1073 2373 Babylonios
1094 2343 1105 2363 ‚
1136 2314 1295 2369 quando
1323 2311 1452 2352 Diod.
1483 2311 1559 2358 Sic,
1590 2313 1684 2354 teste
1712 2313 1734 2352 l.
1774 2326 1835 2353 ιιι

99 2421 125 2441 ‚‚
155 2402 194 2442 p.
222 2384 313 2426 edit.
344 2384 396 2424 H.
427 2379 556 2434 Steph.
593 2380 654 2418 8:.
686 2375 827 2431 majori
858 2374 984 2414 adhuc
1023 2373 1138 2412 hiatu
1169 2369 1434 2424 quadraginta
1458 2368 1610 2422 septem
1643 2367 1839 2418 myriades

99 2475 126 2496 ,‚
156 2441 203 2488 ό
224 2442 305 2481 tria
327 2437 452 2477 millia
471 2447 656 2475 annorum
676 2432 747 2471 suis
766 2429 1089 2471 observationibus
1108 2436 1310 2479 arrogant,
1336 2423 1378 2463 id
1396 2423 1472 2473 est,
1493 2422 1520 2463 si
1540 2423 1625 2477 quis
1645 2422 1747 2463 hunc
1767 2422 1839 2461 im-

100 2531 127 2551 „
155 2509 305 2538 manem
324 2506 521 2533 numerum
541 2489 656 2529 latine
675 2485 886 2540 expressum
909 2485 1034 2538 cupit,
1064 2493 1250 2521 annorum
1279 2486 1416 2532 qnater
1438 2476 1579 2518 millies
1611 2476 1659 2523 ὠ
1677 2479 1837 2531 septin-

103 2586 127 2606 „
149 2554 306 2607 genties
327 2547 482 2589 millena
503 2548 656 2599 triaque
673 2545 766 2581 item
786 2540 955 2580 millia''.
1011 2538 1127 2579 Tunc
1148 2551 1222 2591 ego
1242 2534 1404 2575 sedecim
1424 2547 1612 2574 annorum
1634 2547 1747 2586 puer,
1768 2533 1837 2586 qui

105 2606 385 2649 Arithmcticae.
397 2606 436 2641 ὃς
448 2600 693 2641 Geometriae
714 2597 900 2637 elementa
919 2593 1110 2635 discebam
1136 2607 1157 2631 a
1170 2590 1432 2632 Celeberrimo
1454 2587 1553 2628 Viro
1568 2588 1724 2639 Joanne
1743 2588 1839 2628 Ber-

104 2662 244 2706 noullio
257 2692 268 2711 ,
289 2668 537 2714 provocatus,
557 2667 598 2695 ut
616 2667 699 2694 mos
719 2651 773 2692 est
793 2652 832 2690 in
852 2649 1083 2693 Academia,
1105 2646 1155 2687 ad
1177 2644 1479 2700 opponendum,
1502 2643 1612 2684 fassus
1641 2643 1744 2693 sum,
1773 2656 1838 2684 me

106 2734 177 2760 nec
197 2718 295 2757 hanc
320 2714 563 2753 Latinitatem
582 2708 810 2762 intelligere,
839 2720 937 2760 quac
956 2717 1009 2756 47
1017 2717 1137 2756 3000.
1167 2714 1289 2742 annos
1319 2700 1506 2753 exprimat
1526 2713 1593 2752 per
1614 2711 1698 2750 470
1706 2711 1838 2751 3000,

105 2789 175 2814 nec
206 2769 549 2812 contradiffionem
579 2777 728 2818 turpem
757 2765 795 2801 &
824 2762 1030 2801 immanem
1058 2759 1155 2798 inter
1184 2756 1417 2796 Ciceronem
1437 2785 1448 2803 ,
1489 2754 1731 2807 Pliniumque
1751 2784 1762 2802 ‚
1800 2757 1840 2802 &c

108 2826 325 2869 Diodorum
354 2822 518 2864 Siculum
539 2820 669 2860 videre
690 2816 806 2872 poss'e.
865 2816 1071 2856 Caeterum
1094 2814 1218 2853 Autor
1242 2811 1353 2863 hujus
1376 2809 1646 2849 dissertationis
1677 2820 1754 2847 tam
1802 2822 1841 2847 a-

110 2897 190 2923 rum
213 2895 292 2922 tum
313 2880 392 2920 aliis
408 2891 490 2920 tum
509 2875 578 2917 fibi
594 2874 664 2929 ipfi
685 2871 884 2923 satisfecit,
912 2883 954 2912 ut
983 2881 1129 2925 partem
1160 2869 1323 2922 primam
1354 2866 1448 2906 aliae
1476 2875 1602 2919 partes
1620 2862 1745 2904 nullae
1804 2876 1841 2903 e-

111 2938 186 2978 rint
206 2937 358 2976 secutae.

167 2994 232 3031 ΑΟ.
265 3003 335 3040 171
350 3004 380 3029 ι.
410 3003 482 3042 pro
501 2997 659 3028 vacante
670 2981 868 3024 Cathedra
878 2980 1122 3034 Theologica
1132 2976 1423 3020 Dissertationes
1433 2974 1546 3015 edere
1568 2974 1688 3027 coepit
1708 2971 1757 3012 de
1768 2971 1842 3010 Ca-

112 3059 206 3087 none
229 3044 343 3084 Novi
363 3043 597 3097 Testamenti
609 3072 620 3090 ,
647 3040 712 3081 ubi
731 3039 933 3093 postquam
954 3040 1040 3076 κατ’
1059 3033 1150 3088 &gem
1169 3032 1354 3074 docuiss'et
1375 3065 1385 3081 ,
1416 3031 1501 3084 quis
1531 3030 1736 3069 Canonem
1767 3038 1843 3064 non

114 3100 419 3144 concinnaverit,
449 3101 487 3138 ὃ(
516 3108 649 3137 contra
676 3093 902 3135 Pontificios
923 3088 1254 3132 Dissertationibus
1281 3098 1446 3140 quatuor
1476 3098 1543 3138 per
1563 3084 1694 3124 omnia
1721 3079 1846 3120 secula.

110 3153 245 3199 eundo
263 3152 448 3203 evicisset,
472 3166 543 3194 nos
563 3152 670 3193 illum
689 3163 761 3192 nec
782 3143 1028 3197 aConciliiS,
1040 3161 1110 3203 uec
1129 3160 1150 3187 a
1166 3142 1438 3191 Pontificibus,
1460 3153 1531 3180 nec
1549 3153 1571 3179 a
1589 3137 1764 3186 ,Patribus
1779 3134 1847 3173 ha-

1016 3201 1043 3242 S
1751 3188 1853 3234 bere:

83 1373 109 1395 θ’
