1976 3519
107 235 158 274 28
486 226 1497 271 'PROLEGOMENA

104 320 218 372 Qiae
236 316 326 357 ideo
349 316 556 365 adnotavi,
585 326 666 356 tum
690 329 738 355 ne
758 315 842 368 quis
863 314 996 356 frustra
1018 316 1058 355 in
1080 314 1145 355 illo
1156 314 1310 355 Codice
1331 323 1548 368 quaereret,
1577 325 1674 366 quae
1694 312 1746 352 ibi
1768 325 1849 352 non

106 373 370 413 inveniuntur:
402 383 483 413 tuin
505 383 545 412 ut
568 370 861 424 perspicaciores
880 370 985 424 plura
1007 371 1254 424 detegerent3
1273 368 1382 423 saepe
1401 369 1505 409 enim
1524 367 1576 407 ob
1595 367 1777 407 summam
1795 368 1849 407 rei

105 428 370 468 difficultatem
390 441 504 468 voces
526 426 716 466 obsoletas
736 439 864 465 eruere
889 437 1005 480 atque
1026 425 1168 479 assequi
1188 424 1355 479 legendo
1375 438 1457 463 non
1478 423 1598 478 potui.

164 482 230 522 Ad
252 481 448 523 Hebraeos
466 482 555 523 VII.
581 495 617 533 7.
639 482 678 520 in
702 481 872 533 margine
894 495 916 521 a
936 495 1051 521 manu
1072 481 1296 521 correctoris
1313 480 1468 535 legitur:
1501 494 1540 519 εις
1559 494 1617 523 την
1636 491 1850 523 vorator-wrm

107 565 154 588 w
177 565 220 586 >w
241 564 326 593 ημων
347 562 374 584 ιυ
396 563 468 598 χυ;
495 545 599 587 unde
621 544 802 598 consequi
822 557 938 597 puto,
952 544 1145 586 Codicem
1167 543 1288 597 ipsum
1309 558 1330 582 a
1350 543 1473 596 prima
1493 556 1609 583 manu
1631 556 1719 584 ante
1738 543 1851 596 scrip·

103 605 190 643 'tum
222 602 349 650 fuisse,
381 616 497 656 quam
526 599 676 647 Festum
700 598 1006 650 ‘Purificanonis
1026 600 1186 642 Mariae
1205 598 1296 639 esset
1326 598 1558 646 institutum,
1588 597 1631 638 id
1652 610 1779 639 autem
1797 598 1852 640 fa-

107 660 213 699 &um
241 659 296 698 est
327 660 391 698 AO.
428 669 519 708 542.
551 655 675 709 Qiod
707 669 823 708 porro
844 655 1092 696 confirmatur
1119 668 1165 694 ex
1195 653 1464 694 convenientia
1485 664 1566 693 turn
1590 654 1851 694 charasteriim

107 726 190 754 tum
222 713 430 753 lectionum
461 713 558 752 inter
593 711 704 751 istum
727 709 921 750 Codicem
943 715 981 749 &
1004 709 1331 758 Alexandrinum,
1360 721 1458 761 quae
1478 719 1582 748 tanta
1601 710 1676 759 est,
1706 721 1747 749 ut
1770 709 1853 749 nul-

107 769 165 809 lus
193 768 389 818 dubitem,
420 780 623 820 utrumque
647 764 819 818 ejusdem
848 766 981 806 aetatis
1009 777 1125 818 atque
1144 764 1304 818 originis
1324 763 1418 812 effe,
1449 762 1524 802 hoc
1544 763 1620 813 est,
1651 775 1853 818 utrumque

107 839 154 864 ex
175 823 361 864 Versione
381 823 474 863 Itala
495 822 602 862 fuisse
623 820 904 874 interpolatum.
960 820 1007 860 In
1027 834 1077 860 eo
1097 819 1212 859 etiam
1233 818 1415 858 convenit
1435 818 1502 858 iste
1526 818 1666 859 Codex
1687 833 1774 859 cum
1800 822 1852 858 A-

108 878 335 919 lexandrino
356 882 395 917 &
413 876 628 926 Vaticano,
659 875 766 930 quod
788 879 828 915 δε
846 875 1019 916 Historia
1038 874 1244 915 Adulterae
1267 884 1392 923 caret,
1414 876 1453 911 δε
1475 872 1651 914 ordinem
1663 874 1852 928 Epistola-

107 949 191 975 rum
210 934 316 974 Pauli
331 932 498 974 eundem
519 932 649 972 servat.

167 990 217 1030 D.
247 988 389 1029 Codex
418 985 955 1028 CANTABRIGIENSIS.
986 984 1080 1025 Hoc
1109 983 1263 1025 Codice
1293 982 1400 1024 usum
1429 983 1535 1025 fuisse
1562 984 1736 1024 existimo
1754 983 1853 1025 Tho-

110 1059 213 1084 mam
233 1043 403 1082 Charkel
420 1043 497 1083 five
520 1041 812 1093 Heraclienfi’m
835 1076 845 1091 ‚
877 1055 964 1082 cum
992 1042 1060 1080 A0.
1085 1046 1179 1088 615.
1211 1039 1465 1080 Alexandriae
1486 1039 1709 1079 Versionem
1732 1039 1856 1094 Syria-

110 1114 194 1140 cam
214 1099 392 1148 alteram,
423 1098 600 1151 auspiciis
622 1096 826 1136 Philoxeni
847 1096 1097 1146 adornatam,
1119 1109 1206 1136 cum
1228 1094 1443 1135 Codicibus
1463 1094 1623 1134 Graecis
1641 1093 1851 1144 conferret,

112 1159 153 1195 δε
174 1155 376 1206 Variantes
395 1154 598 1194 Lestiones
617 1153 656 1192 in
677 1153 847 1206 margine
867 1163 1078 1191 annotaret.
1117 1151 1164 1191 In
1190 1164 1239 1190 eo
1258 1150 1363 1189 enim
1381 1150 1554 1204 margine
1575 1149 1758 1203 plurimae
1778 1149 1854 1189 val-

112 1210 163 1250 de
190 1209 351 1264 longae,
382 1208 485 1249 addo
512 1209 628 1248 etiam
656 1207 767 1246 valde
795 1206 977 1247 absurdae
1004 1206 1187 1246 lectiones
1207 1206 1466 1258 reperiuntur,
1498 1218 1592 1259 quas
1614 1203 1745 1244 frustra
1765 1205 1854 1245 alibi

114 1279 230 1317 quam
252 1266 290 1304 in
315 1263 623 1319 Cantabrigiensi
643 1262 778 1302 codice
798 1276 977 1316 quaeras,
1006 1261 1083 1301 vid.
1114 1261 1210 1302 Aer.
1240 1259 1311 1300 VI.
1348 1273 1406 1300 ιο.
1437 1259 1530 1300 VII.
1562 1273 1626 1299 21.
1655 1258 1762 1299 VIII.
1789 1261 1855 1301 28.

112 1321 165 1361 X.
200 1333 261 1369 17.
292 1319 356 1373 (in
384 1319 556 1360 editione
587 1316 800 1359 Oxonienfi
826 1315 964 1369 Millii)
985 1316 1098 1358 XVI.
1131 1329 1195 1369 35.
1229 1329 1292 1369 39.
1323 1315 1476 1358 XVIII.
1509 1328 1571 1356 11.
1601 1314 1716 1355 XIX.
1749 1327 1783 1363 5.
1814 1328 1856 1365 9.

117 1377 182 1415 28.
211 1374 307 1415 XX.
343 1388 405 1428 23.
465 1374 569 1414 Usus
599 1384 723 1413 autem
751 1372 805 1413 est
822 1371 1001 1412 Thomas
1023 1371 1177 1412 Codice
1198 1371 1275 1412 hoc
1295 1371 1468 1425 integro,
1497 1369 1602 1411 unde
1621 1368 1784 1418 fastum,
1812 1380 1856 1411 ut

111 1432 153 1471 in
174 1431 375 1484 postremis
394 1430 584 1471 Ac‘Zorum
602 1428 827 1482 Capitibus,
858 1428 922 1467 ubi
947 1427 1089 1468 Codex
1111 1441 1214 1467 nunc
1232 1426 1286 1466 est
1306 1426 1460 1466 mutilus
1481 1456 1493 1475 ‚
1523 1439 1604 1465 non
1629 1439 1768 1478 paucas
1792 1438 1857 1465 ex-

113 1486 242 1526 hibeat
255 1486 458 1526 Lestiones
477 1484 649 1539 ejusdem
671 1483 707 1523 h.
736 1497 767 1523 e.
797 1484 924 1533 σονηρέ
939 1481 1137 1530 κόμματος.
1167 1481 1403 1522 Probabilius
1420 1481 1516 1520 mihi
1536 1480 1666 1520 saltem
1681 1479 1857 1531 videtur,

114 1541 309 1581 Codicem
330 1540 509 1580 Thomae
530 1544 568 1579 &
589 1537 946 1592 Cantabrigiensem
965 1537 1040 1578 effe
1059 1551 1180 1578 unum
1199 1535 1462 1590 eundemque:
1492 1535 1587 1590 quid
1605 1535 1710 1575 enim
1732 1536 1858 1575 neces-

115 1595 153 1636 se
172 1597 249 1642 est,
279 1596 394 1637 aliurn
425 1595 581 1636 fimilem
610 1606 725 1648 atque
753 1592 956 1647 gemellum
977 1607 1124 1642 creare,
1154 1605 1320 1646 eumque
1339 1592 1464 1633 statim
1484 1590 1535 1632 ad
1565 1590 1729 1631 nihilum
1760 1589 1860 1632 redi-

113 1654 230 1705 gere?
260 1652 367 1700 licet,
396 1662 522 1692 utrum
540 1650 678 1704 eligas,
708 1662 765 1688 res
784 1647 924 1689 eodem
945 1647 1022 1688 fere
1040 1647 1195 1689 recidat.

172 1708 230 1746 Ex
253 1707 433 1761 AEgypto
454 1705 578 1745 codex
598 1705 666 1744 iste
684 1703 744 1744 vel
768 1703 880 1743 rediit
900 1703 960 1744 vel
978 1703 1145 1756 primum
1164 1703 1297 1743 allatus
1316 1701 1370 1742 est
1389 1702 1430 1741 in
1452 1700 1762 1755 Galliam‚quod
1783 1700 1861 1742 dis-

115 1762 235 1802 cimus
263 1775 309 1801 ex
338 1759 556 1811 Christiani
587 1757 840 1798 ‘Drmhmari
869 1757 1110 1810 expositione
1139 1759 1180 1796 in
1214 1756 1483 1806 Matthaeum,
1513 1757 1581 1810 qui
1609 1786 1635 1806 ‚,
1657 1756 1773 1806 Vidi,
1802 1756 1861 1796 in-

112 1848 141 1867 „
170 1817 274 1870 quit,
305 1816 442 1856 librum
469 1813 668 1867 Evangelii
702 1812 852 1852 Graece
872 1811 1076 1865 scriptum,
1106 1812 1174 1866 qui
1203 1811 1402 1852 dicebatur
1419 1811 1549 1852 Sanffi
1567 1811 1709 1852 Hilarii
1727 1810 1859 1862 fuisse‚

115 1903 142 1922 ‚,
172 1873 212 1911 in
243 1886 322 1925 quo
349 1871 476 1925 primo
512 1879 621 1909 erant
651 1867 875 1908 Matthaeus
902 1871 942 1906 ὃ(
973 1867 1188 1920 Iohannes,
1217 1866 1362 1920 &post
1381 1866 1445 1905 alii
1477 1865 1566 1906 duo.
1621 1866 1862 1922 Interrogavi

115 1958 143 1978 „
172 1928 276 1967 enim
295 1924 553 1979 Euphemium
573 1921 817 1962 Monachum
842 1922 1061 1968 Graecum,
1090 1935 1157 1961 cur
1177 1920 1253 1961 hoc
1277 1922 1331 1961 ita
1348 1920 1463 1962 esset?
1493 1920 1591 1961 dixit
1611 1921 1725 1961 mihi:
1753 1922 1792 1961 in
1816 1922 1861 1962 si-

116 2014 142 2033 „
172 1981 429 2021 militudinem
458 1979 551 2019 boni
572 1976 784 2032 agricolae,
807 1976 894 2029 qui,
923 1990 1024 2030 quos
1055 1976 1233 2017 fortiores
1258 1975 1374 2017 habet
1394 1976 1672 2030 boves,primo
1695 1977 1864 2030 jungit''.

117 2037 208 2078 Fuit
228 2048 354 2077 autem
383 2034 639 2076 Druthmarus
660 2032 728 2072 iste
753 2032 911 2072 natione
932 2032 1171 2086 Aquitanus‚
1201 2031 1415 2072 monachus
1444 2032 1575 2084 postea
1593 2031 1863 2086 Corbejenfis,

117 2093 291 2146 vixitque
310 2091 409 2131 circa
430 2103 574 2129 annum
597 2089 691 2139 840.
722 2087 871 2127 Utrum
890 2100 984 2128 vero
1006 2086 1199 2128 Codicem
1218 2088 1259 2127 in
1282 2086 1373 2128 urbe
1392 2087 1662 2133 Pistavorum,
1692 2101 1789 2141 quae
1812 2089 1865 2129 A-

116 2148 309 2201 quitaniae
328 2160 413 2200 pars
431 2157 533 2193 erat,
562 2157 612 2184 an
632 2144 670 2183 in
692 2142 813 2183 Claro
832 2142 999 2192 Monte,
1027 2156 1076 2182 an
1107 2142 1300 2196 Corbejae
1329 2142 1490 2188 viderit,
1519 2156 1600 2183 non
1621 2142 1735 2183 dicit:
1766 2142 1866 2183 vidit

117 2217 267 2251 tamen,
299 2201 366 2241 nisi
388 2199 600 2241 admodum
621 2198 753 2248 fallor,
783 2198 885 2238 hunc
905 2197 1027 2251 ipsum
1049 2197 1244 2238 Codicem
1265 2197 1644 2252 Cantabrigiensem‚
1673 2198 1739 2252 qui
1767 2211 1866 2238 unus

119 2262 158 2297 ὃ(
177 2257 276 2297 solus
294 2258 469 2296 omnium
493 2253 691 2295 Codicum
716 2254 867 2294 Graece
886 2252 1112 2307 scriptorum
1132 2253 1236 2293 hunc
1254 2252 1433 2294 ordinem
1456 2253 1589 2294 servat.

178 2312 384 2366 Postquam
405 2311 471 2351 diu
491 2309 650 2350 latuisset
661 2308 802 2349 Codex
823 2308 971 2358 noster,
987 2310 1124 2349 iterum
1144 2309 1184 2348 in
1203 2308 1326 2349 lucem
1347 2307 1557 2362 produstus
1579 2308 1633 2348 est
1653 2309 1752 2348 circa
1771 2319 1870 2348 tem-

120 2382 215 2422 pora
235 2367 406 2407 Concilii
424 2365 671 2415 Tridentini,
700 2364 809 2418 quod
831 2364 1000 2417 conjicio
1018 2378 1065 2404 ex
1091 2363 1274 2404 Mariani
1297 2363 1466 2404 Vic‘lorii
1487 2365 1589 2403 notis
1610 2364 1651 2403 in
1672 2364 1868 2419 Hierony-

120 2437 250 2472 mum,
279 2424 318 2462 in
342 2422 478 2476 quibus
498 2422 633 2460 citatur
662 2450 688 2470 „
718 2418 993 2473 antiquiflimus
1026 2420 1198 2460 Graecus
1226 2418 1392 2465 Codex,
1423 2433 1538 2474 quem
1558 2419 1791 2459 Tridentum
1812 2431 1869 2458 at-

121 2506 146 2528 „
178 2478 312 2518 tulerat
335 2476 659 2516 claromontanus
682 2473 900 2528 Episcopus
930 2476 996 2515 A0.
1030 2478 1140 2526 1546
1151 2477 1186 2516 ”.
1214 2474 1246 2514 is
1276 2487 1377 2525 erat,
1408 2486 1450 2515 ut
1466 2489 1513 2515 ex
1534 2474 1643 2514 Astis
1664 2473 1869 2528 Synodicis

119 2534 290 2582 constat,
324 2532 551 2572 Guilielmus
574 2545 594 2570 a
615 2531 756 2580 Prato,
787 2531 876 2584 qui,
906 2529 956 2570 ad
975 2529 1105 2571 locum
1118 2529 1261 2584 Joann.
1276 2530 1392 2571 XXI.
1427 2543 1490 2569 22.
1522 2541 1637 2583 prout
1658 2529 1696 2568 in
1723 2529 1871 2569 Latinis

119 2588 397 2642 exemplaribus
426 2587 562 2642 legitur
594 2585 922 2636 confirmandum,
953 2585 1057 2626 istius
1083 2585 1248 2626 Codicis
1281 2587 1429 2626 Graeca
1461 2584 1620 2639 protulit
1639 2615 1650 2634 ,
1680 2582 1736 2623 εᾱῖν
1764 2581 1869 2623 &vi-bv

120 2640 220 2683 θέλω
240 2641 334 2689 μένειν
354 2641 482 2692 ‘Avi-025,
506 2640 567 2683 ’ἕως
586 2639 754 2692 ἕρχομαι,
780 2640 814 2689 [ἰ
830 2654 913 2680 eum
941 2640 1032 2680 volo
1049 2640 1109 2692 stc
1128 2654 1301 2691 manere,
1331 2639 1553 2696 usquedum
1576 2641 1702 2680 venio.
1757 2639 1869 2680 Haec

120 2700 223 2740 enim
245 2698 359 2738 lestio
382 2698 562 2737 haetenus
584 2697 623 2736 in
643 2696 724 2736 solo
745 2695 1051 2752 Cantabrigiensi
1072 2708 1221 2750 reperta
1240 2696 1305 2736 est.

177 2754 298 2794 Paulo
316 2753 402 2807 post
426 2752 616 2793 Robertus
640 2751 865 2803 Stephanus
886 2752 1052 2805 amplam
1075 2752 1157 2805 ejus
1187 2751 1276 2792 fecit
1297 2750 1535 2791 mentionem
1555 2751 1594 2790 in
1618 2749 1791 2790 editione
1811 2747 1870 2789 N.

120 2809 171 2851 T.
202 2811 266 2849 ΑΟ.
304 2822 421 2858 ¹550·
450 2808 503 2848 est
527 2808 630 2847 enim
651 2807 765 2860 ipsius
785 2806 926 2847 Codex
957 2806 1163 2857 secundus,
1192 2820 1307 2860 quem
1329 2807 1380 2846 ita
1401 2805 1581 2845 describit
1604 2806 1643 2844 in
1664 2803 1871 2859 praefatio-

122 2879 171 2904 ne
190 2866 356 2904 Graeca:
387 2860 428 2902 τὸ
462 2865 500 2905 β.
530 2861 599 2906 {tf-iv
631 2859 670 2901 τὸ
696 2861 723 2901 ἐν
750 2860 905 2911 Ἰταλίᾳ
929 2860 1002 2902 ὑπό
1023 2878 1110 2902 τινων
1128 2859 1286 2913 ἡμετέρων
1315 2857 1513 2905 &va-«emilii
1535 2858 1722 2907 Φῖλων,ἰη
1734 2860 1872 2899 Latina

121 2934 214 2960 vero
237 2923 275 2958 &
294 2917 586 2970 vetuffifflmum
607 2930 719 2958 vocat
742 2917 939 2971 exrmssar
959 2920 1002 2957 in
1016 2917 1144 2958 Italia
1164 2917 1212 2958 ab
1233 2919 1373 2957 amicis
1393 2915 1588 2955 collatum.
1618 2914 1750 2955 Potuit
1765 2916 1871 2954 enim

117 2975 204 3027 jure
234 2974 300 3014 suo
333 2973 527 3014 Codicem
549 2972 722 3013 Italicum
740 2987 898 3021 vocare,
929 2972 1005 3014 sive
1032 2972 1140 3027 quod
1164 2989 1186 3013 a
1210 2971 1290 3013 filio
1312 2971 1424 3027 ipsius
1454 2971 1630 3011 Henrico
1662 2982 1753 3011 tunc
1777 2982 1873 3010 tem-

121 3030 227 3083 poris
258 3029 406 3069 Italiam
427 3028 665 3082 perlustranti
686 3029 726 3067 in
748 3027 825 3081 ipsa
846 3028 954 3069 Italia
984 3041 1174 3081 repertus,
1204 3040 1320 3082 atque
1344 3028 1542 3081 Episcopo
1562 3025 1874 3066 Claromontano

121 3085 304 3134 traditus,
334 3084 409 3126 five
430 3082 536 3138 quod
560 3082 740 3124 Tridenti
764 3084 802 3122 in
824 3082 986 3123 finitima
1009 3083 1140 3124 Italiae
1159 3083 1250 3124 urbe
1271 3082 1492 3137 aliquandiu
1517 3080 1719 3121 asservatus
1738 3079 1875 3120 fuisset.

121 3140 208 3180 Esse
227 3152 354 3180 autem
375 3153 493 3180 unum
514 3149 629 3192 atque
650 3137 817 3178 eundem
837 3138 1032 3179 Codicem
1056 3138 1240 3192 Stephani
1263 3137 1469 3179 secundum
1489 3140 1529 3176 &
1553 3136 1655 3177 hunc
1671 3135 1876 3176 Cantabri-

120 3195 289 3249 giensem
318 3195 441 3236 elucet
467 3209 512 3236 ex
533 3193 740 3236 collatione
762 3193 1017 3246 Leffionum,
1048 3208 1148 3249 quae
1169 3206 1352 3248 tanquam
1369 3207 1417 3235 ex
1440 3191 1591 3234 duobus
1616 3190 1774 3234 diversis
1783 3189 1876 3285 (Co-

1574 3264 1582 3274 ³
1814 3258 1878 3283 lcl-
