1976 3519
131 263 212 302 ω,
515 248 1538 307 'PROLEGOMENffi

624 392 703 433 DE
743 391 1058 434 VERs1oNE
1103 391 1388 432 GoTuch.

227 500 446 554 ‚Ersionem
469 501 680 543 Gothicam
702 500 935 553 Franciscus
954 500 1109 555 Junius
1127 501 1172 543 F.
1199 498 1324 541 edidit
1343 499 1641 542 Amstelaedami
1667 503 1788 553 1684.
1806 503 1873 545 dc·
1955 535 1959 539 .

275 569 469 612 promtam
498 571 545 598 ex
575 556 727 597 Codice
756 556 874 597 literis
904 556 1092 611 argenteis
1121 556 1163 597 in
1179 555 1399 596 membrana
1419 555 1579 598 violacei
1599 555 1740 597 coloris
1759 557 1872 612 scrip-

136 628 179 656 to
193 643 202 660 ‚
235 617 274 653 &
306 614 434 667 primo
464 613 503 652 in
535 612 699 653 Abbatia
720 611 929 652 Werdenfi
952 625 1075 666 prope
1095 610 1328 657 Coloniam,
1354 613 1435 664 jam
1455 625 1549 652 vero
1571 611 1611 651 in
1632 611 1873 653 Bibliotheca

136 669 371 712 Academiae
402 666 640 722 Upsaliensis
668 667 708 706 in
728 666 861 707 Suecia
878 666 1075 708 asservato.
1134 667 1327 707 Continet
1346 665 1415 707 iste
1434 667 1575 707 Codex
1597 666 1668 708 IV.
1699 667 1874 723 Evange—

135 727 184 766 lia
217 724 282 765 sed
313 723 455 764 mutila.
512 722 660 763 Desunt
679 722 783 762 enim
803 723 934 762 omnia
956 722 997 762 in
1019 721 1163 763 Matth.
1191 718 1242 760 ad
1263 719 1364 775 Cap.
1390 719 1441 761 V.
1481 735 1540 770 ις.
1569 721 1777 764 itemaVI.
1810 736 1876 777 33.

136 780 304 822 —--VII.
342 792 402 818 11.
431 793 454 818 a
482 776 534 817 X.
570 791 603 817 1.
638 777 688 816 ad
722 790 783 816 22.
815 777 862 817 ab
889 777 963 818 XI.
997 773 1285 824 25.—-XXVI.
1315 786 1379 827 71.
1415 790 1437 817 a
1465 775 1643 818 XXVII.
1677 789 1875 829 20.-—4t.

137 838 236 889 Cap.
279 834 477 876 XXVIII.
515 833 637 873 Marc.
679 831 774 873 XII.
814 831 1056 883 39.-‚0X111.
1102 836 1164 872 16.
1202 844 1224 870 a
1252 844 1347 872 vers.
1378 831 1635 885 30..-X1V.
1663 843 1702 883 4.
1732 847 1754 872 a
1779 845 1876 874 vers.

140 896 337 941 16.—41.
367 904 389 930 a
411 889 511 942 Cap.
542 888 659 930 XVI.
694 901 756 927 12.
783 886 835 927 ad
855 886 983 928 finem.
1013 887 1139 927 Lucae
1160 886 1212 927 X.
1246 884 1495 940 31.-X1V.
1529 900 1591 927 10.
1620 902 1642 927 a
1663 886 1773 929 XVI.
1808 899 1873 939 24.

136 945 335 987 -XVIL
370 958 404 985 2.
435 959 456 983 a
477 942 593 984 XIX.
630 953 825 994 15.—-23.
853 957 875 982 a
895 942 991 983 XX.
1026 943 1154 994 38.—-
1169 941 1233 996 Jo.
1264 940 1330 981 VI.
1361 953 1429 992 45.
1453 941 1519 996 J0.
1548 940 1657 982 VIII.
1692 954 1827 981 1.——·1
1841 955 1876 993 5.

137 1002 211 1043 XI.
243 999 459 1051 48.——fin.
488 997 581 1038 XII.
615 997 828 1048 5.—XIII.
863 1011 925 1038 11.
953 997 1069 1038 XIX.
1107 1009 1167 1050 13·
1200 995 1250 1036 ad
1270 995 1400 1037 finem.
1458 996 1644 1038 Canones
1663 997 1779 1038 etiam
1798 997 1877 1038 Eu·

139 1056 229 1096 sebii
252 1054 462 1108 adscriptos
479 1052 604 1093 habet.
1182 1102 1185 1104 p

194 1110 427 1151 Communis
449 1108 631 1149 haetenus
653 1106 724 1149 fuit
746 1107 984 1150 eruditorum
1002 1106 1164 1162 opinio,
1195 1105 1400 1161 Ulphilam
1419 1106 1646 1148 Gothorum
1662 1105 1703 1147 in
1726 1106 1877 1148 Moefia

140 1165 377 1220 Episcopum
408 1177 573 1219 quatuor
603 1163 811 1218 Evangelia
839 1177 886 1205 ex
914 1163 1044 1219 lingua
1076 1163 1226 1203 Graeca
1243 1161 1488 1209 immediate,
1517 1173 1559 1203 ut
1579 1162 1808 1217 loquuntur,
1837 1162 1878 1202 in

140 1221 353 1262 Gothicam
371 1218 607 1261 convertisse.
637 1219 754 1260 Hanc
772 1219 999 1273 opinionem
1017 1231 1105 1259 cum
1125 1219 1164 1258 in
1185 1217 1308 1272 prima
1326 1216 1695 1272 Prolegomenorum
1705 1216 1878 1263 editione

141 1276 330 1318 vocassem
354 1276 393 1315 in
413 1274 596 1325 dubium,
623 1274 764 1328 placuit
789 1274 839 1327 J.
868 1275 924 1316 A.
954 1271 1142 1328 Bengelio
1178 1273 1277 1314 illius
1305 1273 1562 1327 patrocinium
1594 1271 1777 1327 suscipere
1797 1303 1808 1323 ‚
1838 1272 1880 1312 in

141 1333 354 1387 Apparatu
376 1329 433 1371 N.
467 1329 510 1371 T.
541 1343 579 1384 p.
608 1330 706 1380 408.
735 1333 776 1370 &
795 1341 894 1377 409.
951 1359 978 1380 ‚,
1007 1327 1298 1379 Immediatam,
1326 1328 1477 1383 inquit,
1504 1326 1733 1369 Verfionem
1753 1326 1882 1368 dicere

142 1418 169 1438 „
198 1388 329 1437 liceat,
358 1400 456 1441 quae
478 1399 523 1426 ex
557 1385 716 1426 Graecis
730 1385 785 1426 est
800 1384 900 1425 faeta
920 1383 1223 1425 Codicibus.--
1251 1383 1500 1434 Immediata,
1523 1382 1551 1423 fi
1571 1383 1646 1424 ulla
1666 1383 1762 1433 alia,
1793 1383 1885 1424 Go-

143 1474 169 1493 ‚‚
200 1443 304 1483 thica
323 1455 479 1495 quoque
498 1440 563 1481 est.
592 1465 657 1471 —-
684 1439 828 1481 Nullus
859 1440 1066 1494 reperietur
1085 1439 1214 1489 locus,
1243 1439 1308 1480 ubi
1330 1439 1488 1480 Gothus
1508 1438 1658 1493 liquido
1678 1438 1883 1479 lectionem

143 1528 169 1548 „
200 1512 302 1537 mere
331 1497 508 1537 Latinam
536 1495 793 1549 anteposuerit
822 1495 993 1535 Graecae
1004 1497 1037 1535 ’'.
1102 1494 1259 1548 Operae
1288 1494 1403 1550 igitur
1436 1494 1602 1548 pretium
1621 1492 1758 1544 fuerit,
1787 1492 1882 1534 haec

144 1554 276 1593 onmia
296 1552 412 1606 paulo
433 1551 642 1592 accuratius
660 1550 726 1591 sub
743 1549 924 1591 incudem
947 1562 1051 1590 nunc
1071 1561 1262 1590 revocare.

204 1610 264 1649 Ac
293 1608 419 1661 primo
451 1606 610 1661 quidem
641 1605 748 1647 nullo
777 1605 924 1646 indicio
954 1604 1122 1654 constat,
1154 1603 1383 1658 Ulphilam,
1413 1617 1459 1644 ex
1478 1602 1735 1660 Cappadocia
1752 1604 1884 1644 oriun-

145 1663 264 1713 dum,
295 1663 466 1717 Linguae
494 1662 653 1702 Latinae
685 1661 850 1715 peritum
876 1658 1006 1701 fuisse:
1034 1670 1074 1700 at
1091 1659 1278 1714 interpres
1297 1672 1460 1713 quatuor
1479 1660 1779 1714 Evangeliorum
1800 1659 1886 1699 Go-

146 1718 339 1758 thicorum
371 1717 507 1757 multas
531 1715 645 1755 habet
665 1729 779 1756 voces
798 1714 976 1763 Latinas;
1005 1714 1145 1768 partim
1163 1728 1208 1754 ex
1229 1715 1402 1755 versione
1421 1715 1558 1755 Latina
1579 1715 1718 1768 partim
1740 1728 1787 1755 ex
1818 1713 1885 1755 usu

146 1773 300 1827 linguae
328 1772 488 1812 Latinae
514 1769 737 1824 depromtas
763 1791 776 1819 3
814 1768 954 1823 fasciis
978 1795 990 1815 ‚
1031 1781 1186 1820 carcer,
1217 1768 1398 1820 lucerna,
1416 1769 1561 1822 finex,
1591 1781 1681 1820 aes,
1709 1777 1886 1820 acetum,

146 1828 291 1877 oleum,
312 1839 484 1876 annona,
515 1825 762 1876 militantes,
781 1824 868 1878 fol,
889 1836 1005 1875 arca,
1034 1834 1228 1864 urceorum
1241 1844 1254 1870 ,-
1269 1827 1307 1864 δε
1329 1824 1488 1865 nomina
1509 1825 1664 1879 propria
1685 1823 1887 1873 scribit,ut

149 1883 300 1923 Latini:
333 1880 581 1931 Bethlehem,
610 1879 839 1932 Johannes,
870 1878 1046 1933 Esajas,
1076 1879 1231 1931 lvloses‚
1262 1878 1529 1933 cafarnaum,
1561 1878 1769 1925 Naeman,
1800 1880 1888 1919 ‘Pa-

150 1939 333 1977 racletus.
391 1935 611 1989 Alphabeto
637 1935 775 1985 utitur,
804 1935 912 1987 cujus
938 1933 1062 1973 decem
1092 1934 1221 1974 literae
1254 1935 1413 1974 Graecis
1444 1938 1484 1974 &
1517 1935 1663 1975 Latinis
1678 1935 1763 1975 sunt
1783 1947 1889 1975 com-

149 2006 304 2041 munes,
337 1991 417 2031 Sex
441 1991 668 2031 Latinorum
689 1989 868 2044 propriae
889 1988 925 2029 d.
955 1988 1000 2030 F.
1031 1988 1082 2028 G.
1112 1987 1150 2029 h.
1178 1989 1232 2030 R.
1261 1993 1300 2029 ὃς
1322 1989 1358 2030 S.
1374 2018 1387 2040 ,
1415 1997 1582 2042 quatuor
1603 2001 1751 2030 tantum
1766 1990 1887 2030 Grae-

151 2062 219 2088 cae
249 2052 288 2087 Γ.
321 2052 364 2086 Λ.
395 2051 442 2085 Π.
471 2049 511 2084 &
534 2051 580 2084 X.
611 2058 771 2098 quarum
801 2044 964 2097 primam
995 2043 1186 2098 Interpres
1215 2044 1370 2085 coactus
1389 2045 1444 2085 est
1463 2042 1626 2096 addere,
1655 2056 1697 2085 ut
1719 2058 1887 2099 pronun·

158 2103 365 2143 ciationcm
401 2100 593 2154 duplicem
624 2100 754 2141 literae
785 2100 860 2147 G.,
887 2099 952 2140 ubi
974 2098 1034 2140 vel
1054 2109 1097 2139 ut
1107 2111 1150 2152 g.
1179 2099 1238 2140 vel
1259 2110 1302 2140 ut
1317 2098 1361 2153 j.
1388 2098 1606 2141 consonans
1626 2100 1801 2151 effertur,
1830 2099 1890 2139 di-

152 2159 377 2216 stingueret:
403 2155 592 2210 postrema
609 2166 736 2196 autem
765 2156 881 2196 etiam
899 2153 1003 2209 apud
1020 2153 1180 2196 Latinos
1199 2166 1351 2209 recepta
1367 2155 1421 2196 est
1432 2185 1443 2206 ,
1473 2156 1540 2210 qui
1559 2156 1599 2195 in
1619 2155 1676 2198 N.
1704 2155 1756 2196 T.
1784 2155 1890 2195 codi-

154 2222 258 2263 cibus
286 2233 429 2261 nomen
456 2219 603 2260 Christi
633 2220 686 2260 ita
712 2217 834 2260 solent
849 2219 1008 2273 pingere
1038 2211 1127 2260 YS.
1184 2217 1310 2272 Qiod
1331 2230 1423 2260 vero
1441 2218 1644 2273 praecipue
1674 2218 1889 2260 notandum

153 2278 230 2327 est,
260 2275 375 2316 habet
404 2274 499 2316 haec
527 2274 649 2315 versio
677 2282 845 2330 quatuor
875 2273 1000 2313 literas
1027 2286 1148 2314 novas
1178 2278 1218 2317 Θ
1250 2279 1285 2313 Ψ
1309 2272 1354 2314 C·
1383 2277 1422 2315 &
1442 2273 1507 2324 Y,
1535 2274 1633 2327 q'uae
1652 2273 1769 2315 literis
1796 2273 1889 2324 wh,

157 2331 226 2382 th,
257 2345 307 2386 qu
341 2334 380 2370 &
412 2344 478 2381 w,
506 2340 621 2384 prout
647 2330 695 2370 ab
725 2329 863 2385 Anglis
892 2327 1011 2369 hodie
1040 2328 1365 2383 pronunciantur,
1394 2328 1638 2383 respondent.
1693 2329 1778 2370 Has
1797 2340 1890 2370 vero

155 2398 319 2442 quatuor
339 2386 465 2426 literas
486 2397 567 2425 non
587 2385 655 2425 nisi
679 2396 840 2426 exeunte
858 2383 983 2424 seculo
1004 2383 1110 2425 sexto
1130 2398 1153 2424 a
1170 2383 1389 2440 Chilperico
1408 2384 1647 2426 Francorum
1657 2397 1746 2438 rege
1756 2385 1890 2425 inven-

155 2452 213 2483 tas
233 2446 272 2482 δε
295 2440 514 2495 Alphabeto
532 2439 698 2493 adjeftas
720 2438 825 2480 fuisse
841 2453 889 2479 ex
909 2439 1093 2492 Gregorio
1118 2437 1328 2491 Turonenst
1341 2439 1479 2480 Annal.
1510 2439 1693 2480 Francor.
1703 2440 1726 2480 1.
1737 2454 1772 2480 v.
1783 2439 1889 2490 §.452

154 2498 254 2538 eruit
282 2497 339 2536 vir
360 2494 608 2549 sagacissimus
630 2496 690 2536 M.
722 2496 768 2536 V.
798 2494 843 2534 de
864 2493 905 2533 la
920 2493 1062 2535 Croze.
1093 2493 1243 2535 Potiori
1263 2494 1377 2550 igitur
1394 2495 1477 2549 jure
1498 2495 1565 2535 ista
1583 2494 1705 2535 verfio
1723 2494 1890 2548 appella-

156 2564 258 2594 retur
278 2552 463 2591 Francica
489 2564 604 2605 quam
635 2549 808 2590 Gothica
827 2580 839 2599 ‚
877 2563 957 2603 quo
984 2550 1184 2603 posteriori
1213 2550 1372 2590 nomine
1405 2549 1510 2590 Galli
1528 2550 1646 2590 hodie
1666 2563 1747 2590 non
1766 2561 1890 2590 certae

157 2607 325 2646 nationis
342 2605 545 2646 dialestum
567 2636 579 2656 ,
609 2605 671 2646 sed
691 2605 994 2659 qualemcunque
1014 2605 1271 2646 chara&erem
1293 2606 1492 2659 antiquum
1514 2608 1554 2645 ὃ(
1574 2605 1674 2646 lectu
1694 2603 1891 2645 difficilem

156 2662 395 2716 intelligunt:
426 2660 566 2701 Saltem
586 2661 632 2700 ab
655 2660 818 2715 Ulphila
839 2659 1029 2714 proficisci
1048 2675 1127 2701 non
1149 2661 1286 2714 potuit.

212 2716 340 2757 Variis
368 2715 510 2756 deinde
537 2716 769 2771 argumentis
789 2715 941 2769 probari
959 2716 1108 2769 potest,
1138 2715 1366 2757 Verfionem
1385 2714 1595 2756 Gothicam
1614 2712 1688 2756 esse
1709 2714 1891 2764 mixtam,

157 2773 199 2813 id
227 2772 299 2818 cst,
329 2771 582 2824 Interpretern
609 2785 689 2810 non
718 2784 855 2825 purum
885 2769 1035 2812 fontem
1068 2771 1261 2812 Graccum
1282 2771 1394 2811 unice
1413 2767 1659 2819 consuluisse‚
1696 2768 1764 2809 sed
1787 2782 1892 2822 mag-

157 2842 247 2868 nam
265 2828 381 2867 etiarn
402 2825 590 2878 Verstonis
612 2825 787 2865 Latinae
807 2824 974 2866 habuiss‘e
994 2826 1192 2866 rationem.
1244 2825 1399 2866 'D'tulus
1415 2824 1471 2866 est
1491 2839 1537 2865 ex
1561 2823 1723 2865 formula
1733 2824 1893 2864 Latino·

158 2897 263 2931 rum,
294 2895 375 2921 non
410 2881 675 2921 Graecorum:
715 2880 867 2934 Incipit
898 2879 1170 2935 Evangelium
1190 2879 1406 2933 secundum
1427 2879 1632 2929 Marcum,
1664 2879 1813 2933 Incipit
1835 2878 1891 2918 E-

158 2934 603 2989 vaagteliumsecundum
627 2935 789 2976 Lucam.
846 2935 1106 2989 Frequenter,
1135 2935 1201 2976 ubi
1219 2949 1294 2976 una
1317 2949 1395 2977 vox
1417 2935 1566 2975 Graeca
1584 2932 1730 2975 duabus
1746 2934 1894 2975 Latinis

159 2992 356 3041 redditur,
384 2990 479 3031 duas
498 2991 614 3031 etiam
636 2990 749 3031 habet
770 2990 947 3030 Gothus:
976 2991 1041 3031 ubi
1058 2990 1220 3032 eandem
1241 3004 1379 3032 vocem
1400 2990 1588 3031 Graecam
1611 2989 1650 3029 in
1669 2988 1827 3031 diversis
1837 2989 1893 3028 lo-

158 3049 213 3089 cis
237 3046 344 3087 aliter
374 3046 489 3088 vertit
517 3045 698 3095 Latinus,
738 3044 841 3085 idem
873 3044 963 3085 facit
986 3047 1026 3085 ὃς
1047 3045 1215 3087 Gothus.
1245 3046 1390 3087 Matth.
1420 3044 1473 3088 V.
1507 3057 1569 3099 31.
1599 3042 1769 3085 libellum
1787 3054 1892 3098 repu—

156 3103 226 3144 dii.
254 3101 322 3143 VI.
354 3113 390 3154 7.
419 3100 586 3141 multum
607 3100 711 3155 loqui
731 3100 822 3141 Luc.
856 3100 904 3139 ΙΙ.
938 3101 974 3139 8.
1005 3100 1269 3155 Custodientes
1296 3099 1475 3155 vigilias.
1512 3098 1627 3142 XIV.
1673 3112 1737 3150 19.
1779 3098 1892 3139 alter.

163 3172 229 3199 20.
257 3155 374 3199 alius.
404 3155 519 3198 XIX.
554 3169 617 3210 3¹·
644 3166 794 3210 operam
813 3153 900 3210 ejus
921 3154 1116 3208 defiderat.
1148 3168 1214 3209 34.
1244 3169 1329 3197 eum
1349 3154 1590 3210 neceffarium
1608 3154 1736 3196 habet.
1770 3154 1896 3249 Porrbq

1833 3223 1858 3249 u
1886 3222 1898 3248 1
