1976 3519
141 232 225 280 164
554 217 1542 266 PROLE·GOMENA.

141 340 169 366 „
197 312 449 361 merarianus,
478 309 736 365 Dionysianus
768 307 872 362 apud
905 306 1148 362 Gagnejum,
1179 305 1418 352 Gehlianus‚
1445 305 1738 348 Parisinusunus
1758 305 1868 361 apud*

142 400 170 420 ‚,
201 369 437 416 Simonium,
467 364 659 407 Wolfiani
677 363 779 414 duo,
810 366 1026 417 complures
1048 362 1150 416 apud
1170 362 1212 402 L.
1245 359 1395 401 Vallam
1417 361 1508 415 &J
1542 361 1704 402 Fabrum
1727 363 1862 415 Stapu·

140 455 167 475 ‚,
196 421 347 463 lensem.
376 445 441 453 ---·
471 420 668 462 Accessere
699 418 896 461 Versionis
926 417 1117 471 Copticae
1148 419 1187 455 ὃς
1219 418 1408 456 Armenae
1429 420 1467 455 &
1487 416 1603 456 multa
1623 417 1692 456 alia
1713 419 1863 458 Verfio⁴

141 509 166 529 ‚,
198 491 290 518 num
322 477 551 530 Patrumque
579 474 883 528 supplementa’'.
940 473 1045 512 Cum
1072 471 1150 525 ipse
1182 471 1385 526 Bengelius
1403 472 1442 511 in
1462 483 1626 525 utroque
1649 471 1861 523 prodromo

142 531 294 574 nonnisi
315 532 407 573 XII.
438 531 589 572 suorum
610 528 805 570 Codicum
827 529 1062 568 mentionem
1087 527 1235 575 fecerit,
1266 539 1346 580 quo
1360 526 1442 580 jure
1461 527 1726 580 conqueritur,
1757 528 1794 566 in
1807 542 1862 568 re-

140 587 320 628 censione
349 586 490 627 nullam
518 586 705 626 rationem
734 582 839 623 fuisse
870 583 1038 622 habitam
1071 581 1303 635 reliquorum
1321 581 1540 631 Codicum,
1569 581 1618 621 de
1637 581 1771 635 quibus
1792 597 1861 622 nec

141 642 221 697 ipse
250 642 406 683 verbum
434 641 607 682 dixerat?
656 637 731 679 Sed
759 637 903 678 etiamsi
932 637 1136 692 Bengelius
1158 638 1293 677 horum
1314 636 1628 676 adminiculorum
1651 649 1741 676 tunc
1760 651 1864 678 men-

141 700 289 740 tionem
321 695 484 741 fecisset,
514 694 620 751 quod
641 693 772 748 postea
793 693 833 732 in
853 694 1063 746 Apparatu
1084 690 1195 741 fecit,
1226 690 1321 730 nihil
1340 704 1418 732 erat
1436 691 1596 742 necesse,
1614 702 1654 732 ut
1675 692 1712 731 in
1735 705 1864 732 recen-

141 753 248 795 sione
277 751 380 792 idem
410 751 525 792 fieret.
579 749 651 790 Ista
672 748 775 788 enim
796 746 1025 787 adminicula
1043 747 1174 786 omnia
1193 746 1274 799 jam
1296 758 1385 786 ante
1408 746 1575 800 Bengelii
1595 745 1804 787 editionem
1825 761 1864 787 e-

142 820 228 850 rant
245 807 339 862 juris
360 807 522 860 publici,
553 809 592 845 &
610 803 849 844 versabantur
871 817 908 842 in
932 802 1106 842 omnium
1124 801 1304 841 manibus.
1360 801 1399 841 Si
1425 802 1626 857 Bengelius
1644 800 1715 842 illis
1735 804 1788 841 uti
1802 817 1866 843 ne·

141 862 328 919 glexisset,
355 863 439 916 jure
459 861 534 901 hoc
554 859 622 914 ipsi
643 858 738 898 vitio
756 858 850 898 verti
868 868 1037 912 poterat:
1068 856 1175 911 quod
1195 868 1319 897 autem
1342 856 1415 897 illis
1433 857 1517 897 usus
1535 857 1612 902 est,
1643 868 1722 896 non
1736 857 1865 908 video,

141 933 207 960 cur
235 918 384 972 magnis
411 916 583 956 laudibus
604 913 649 954 sit
671 912 980 967 praedicandum.
1036 911 1184 953 Eodem
1199 912 1283 965 jure
1299 911 1478 965 potuisset
1506 926 1528 951 a
1548 926 1607 951 mc
1624 914 1794 964 exigere,
1823 925 1866 953 ut

143 973 377 1026 Catalogum
408 971 583 1011 omniurn
611 969 792 1008 librorum
813 968 870 1008 vel
893 967 1043 1008 suorum
1062 966 1120 1008 vel
1141 968 1351 1006 amicorum
1370 964 1519 1020 suorum
1533 993 1543 1012 ,
1574 967 1708 1020 quibus
1728 966 1767 1006 in
1786 967 1864 1008 edi-

141 1030 248 1082 tione
277 1028 339 1067 sua
368 1022 635 1066 concinnanda
667 1023 722 1064 est
749 1022 856 1069 usus,
885 1021 1176 1063 conscriberem:
1207 1020 1316 1076 quod
1347 1024 1386 1061 &
1404 1020 1605 1062 absurdum
1627 1025 1666 1061 ὃς
1689 1022 1864 1076 iniquum

139 1083 213 1124 effe
231 1096 349 1122 nemo
367 1095 447 1122 non
467 1080 584 1121 videt.

151 1150 153 1152 ·
198 1152 262 1178 20.
291 1151 328 1192 p.
363 1150 424 1185 19.
464 1165 489 1185 „
520 1135 666 1175 Mirum
696 1131 750 1173 est
768 1144 846 1174 tam
869 1131 994 1186 ampla
1015 1131 1210 1173 censorem
1231 1130 1467 1184 praefatione
1496 1130 1575 1172 duo
1593 1131 1688 1173 haec
1707 1131 1867 1186 allegata

140 1224 166 1245 „
194 1193 364 1241 ornasse,
395 1194 435 1231 &
461 1191 501 1230 in
533 1204 577 1230 ea
606 1190 728 1229 virum
758 1189 1043 1243 integerrimum
1075 1188 1126 1227 G.
1156 1201 1177 1226 a
1199 1186 1402 1227 Mastricht
1422 1201 1494 1241 pro
1517 1187 1661 1228 infideli
1681 1187 1778 1228 duce
1801 1187 1867 1227 de-

140 1280 167 1300 „
198 1247 392 1288 clarasse''.
451 1248 505 1286 At
535 1245 655 1300 magis
684 1243 822 1284 mirum
849 1243 925 1293 est,
954 1241 1230 1297 praefationem
1253 1241 1424 1296 quinque
1444 1241 1639 1292 versuum,
1667 1257 1764 1297 quae
1785 1256 1865 1282 non

141 1305 261 1346 solum
291 1303 353 1342 illa
384 1301 463 1342 duo
495 1300 675 1354 allegata,
705 1297 769 1338 sed
802 1297 945 1352 reliqua
973 1299 1126 1346 omnia,
1156 1310 1253 1351 quae
1272 1297 1400 1338 multis
1417 1297 1566 1351 paginis
1586 1298 1715 1352 postea
1734 1297 1869 1338 dicun-

141 1371 222 1407 tur,
253 1357 422 1412 respicit,
453 1356 618 1409 amplam
641 1354 845 1408 appellari:
874 1366 1031 1394 omnem
1053 1366 1147 1394 vero
1169 1351 1461 1392 admirationem
1473 1352 1757 1407 superat‚quod
1770 1354 1870 1393 Ben-

141 1414 261 1471 gelius
292 1428 314 1452 a
341 1423 471 1453 mente
502 1411 685 1451 Censoris
717 1409 830 1462 plane
858 1408 1080 1456 deerravit;
1119 1407 1199 1447 duo
1218 1407 1321 1447 enim
1341 1407 1541 1448 manifesto
1563 1420 1758 1462 ponuntur
1777 1408 1869 1448 lem-

141 1482 265 1518 mata,
295 1467 452 1508 alterum
485 1466 550 1506 ubi
582 1464 786 1519 Bengelius
817 1463 966 1504 suarum
996 1462 1208 1518 regularum
1221 1462 1276 1502 est
1294 1462 1458 1512 oblitus,
1486 1463 1643 1504 alterum
1666 1463 1728 1503 ubi
1753 1462 1870 1503 duces

141 1523 314 1566 infideles
345 1522 397 1563 est
436 1521 606 1567 secutus·,
647 1520 784 1574 prioris
800 1518 1015 1572 exemplum
1031 1517 1085 1558 est
1104 1531 1152 1558 ex
1173 1517 1395 1558 Collatione
1415 1516 1579 1559 Codicis
1599 1516 1828 1558 Viennensis
1847 1531 1870 1558 a
1908 1525 1912 1554 t

143 1580 195 1620 G.
225 1576 509 1672 debMagstricht
539 1575 661 1627 fasta,
690 1574 741 1616 de
772 1588 849 1629 qua
877 1573 987 1629 fiipra
1015 1571 1178 1627 Obsserv.
1211 1585 1247 1626 7.
1275 1572 1494 1627 posterioris
1520 1587 1565 1614 ex
1595 1572 1792 1624 Simonio,
1821 1574 1872 1613 de

168 1649 220 1676 uo
241 1635 278 1674 Ο
322 1666 331 1675 .
390 1664 400 1674 .

139 1650 265 1743 q421.
293 1634 333 1742 ζ
370 1700 434 1740 23.
473 1716 499 1736 „
535 1687 667 1738 Quam
699 1683 863 1725 Censori
893 1676 1117 1734 sententiam
1138 1681 1188 1723 de
1207 1681 1372 1724 leffione
1389 1683 1536 1737 aliquot
1554 1683 1727 1724 locorum
1746 1683 1802 1724 N.
1820 1682 1875 1724 T.

141 1773 168 1799 „
198 1741 374 1796 adscripsi
392 1755 437 1782 ea
456 1749 540 1781 tum
560 1748 688 1789 certe,
720 1753 839 1793 quum
861 1737 1051 1792 specimen
1071 1737 1566 1790 imprimeretur,Censoris
1588 1738 1769 1779 sententia
1791 1738 1874 1780 fuit.

147 1826 175 1854 5,
203 1796 270 1832 --'-·-
296 1797 562 1840 Veruntamen
583 1796 775 1835 veritatis
797 1794 912 1845 causa
926 1823 938 1845 ,
968 1806 1050 1834 non
1069 1790 1219 1848 possum
1241 1793 1484 1847 intercipere,
1514 1807 1612 1848 quae
1642 1794 1698 1833 vir
1712 1793 1876 1849 insignis

141 1884 170 1908 „
197 1853 363 1897 Basileae
396 1851 493 1906 prid.
534 1849 647 1892 Non.
685 1848 798 1890 Febr.
834 1851 903 1890 ΑΟ.
952 1861 1000 1900 ¹7
1007 1861 1026 1900 3
1037 1861 1069 1896 5.
1107 1846 1291 1901 rescripsit
1309 1861 1318 1886 τ
1357 1847 1424 1889 llle
1448 1862 1539 1889 vero
1577 1846 1873 1906 [Wtstemus]

141 1931 170 1965 „
200 1909 309 1966 quod
329 1907 455 1948 sanste
474 1918 609 1948 omnes
629 1903 680 1949 de
703 1903 885 1957 Collegio
901 1902 1115 1954 affirmant,
1145 1915 1270 1956 neque
1288 1901 1513 1958 significavit
1531 1904 1675 1958 aliquid
1697 1904 1875 1958 cuiquam

142 1986 169 2020 ‚3
198 1965 367 2006 nostrum
380 1992 392 2013 ,
422 1961 473 2002 de
504 1970 652 2001 mutato
673 1973 694 1998 a
715 1958 752 1999 se
771 1959 966 2008 instituto,
995 1972 1040 1998 ac
1059 1957 1100 1997 in
1119 1956 1304 1997 diversam
1323 1972 1344 1997 a
1364 1958 1524 1998 Schedis
1544 1958 1785 2014 Magistratui
1803 1969 1877 1999 tra·'

142 2050 169 2076 „
196 2021 286 2062 ditis
303 2018 469 2059 formam
488 2015 670 2069 deinceps
692 2011 1016 2055 reconcinnando.
1043 2034 1092 2043 ·--
1120 2011 1197 2053 Sed
1217 2026 1309 2053 vero
1330 2012 1415 2067 post
1434 2026 1519 2063 eas,
1542 2027 1635 2067 quas
1645 2013 1744 2064 dixi,
1757 2015 1876 2055 Sche-

143 2108 171 2130 „
202 2076 270 2117 das
290 2088 363 2128 pro
380 2070 587 2125 exemplari
607 2083 732 2110 novae
752 2069 934 2110 editionis
952 2067 1002 2108 ad
1025 2066 1261 2120 Bibliopolas
1283 2066 1407 2109 missas
1426 2099 1437 2118 ‚
1467 2067 1597 2109 denuo
1618 2068 1653 2109 se
1673 2083 1816 2109 novum
1838 2084 1878 2108 a-

143 2130 170 2185 „
197 2129 332 2186 liquod
368 2126 566 2167 consilium
596 2123 758 2179 cepisse,
789 2135 904 2179 atque
934 2122 1078 2164 idcirco
1110 2123 1225 2163 etiam
1254 2123 1335 2163 illas
1355 2122 1545 2174 Schedas,
1574 2123 1667 2164 illud
1685 2124 1879 2177 exemplar

143 2222 168 2241 ‚‚
199 2186 326 2240 operis
356 2183 542 2236 abjicere,
572 2183 612 2220 &
645 2178 783 2220 nullius
806 2179 918 2233 pretii
939 2178 1077 2219 habere
1097 2178 1215 2223 velle,
1244 2191 1368 2232 neque
1387 2178 1503 2229 dixit,
1532 2193 1657 2233 neque
1677 2178 1753 2219 dici
1774 2194 1880 2219 cura-

144 2271 172 2295 „
201 2243 256 2283 vit
285 2238 456 2280 nostrum
485 2237 674 2290 cuiquam.
731 2234 842 2275 Haec
871 2234 940 2275 tibi
970 2231 1221 2290 significanda
1240 2232 1315 2274 esse
1334 2234 1573 2287 putavimus,
1604 2247 1644 2274 ut
1665 2247 1737 2288 pro
1758 2235 1878 2276 lubitu

145 2329 172 2350 „
200 2309 269 2338 tuo
288 2295 366 2343 uti,
398 2307 442 2333 ac
462 2292 622 2332 nomine
640 2302 756 2344 atque
774 2290 976 2330 autoritate
1007 2288 1154 2328 ordinis
1189 2288 1306 2328 nostri
1328 2288 1377 2328 ad
1400 2301 1437 2330 te
1460 2289 1663 2343 perscripta
1677 2320 1689 2339 ,
1717 2289 1881 2330 affirma⁴

144 2381 171 2407 ‚,
202 2366 242 2393 re
273 2348 441 2404 poffis'ffi
500 2346 602 2400 Qiis
630 2345 742 2386 fuerit
772 2344 833 2386 ille
851 2359 918 2385 vtr
938 2343 1117 2398 insignis,
1147 2357 1217 2383 nec
1241 2343 1340 2393 scio,
1372 2358 1442 2384 nec
1461 2344 1552 2385 scire
1572 2345 1714 2385 laboro.
1772 2345 1878 2385 Cum

147 2422 241 2451 vero
261 2404 461 2459 personam
479 2401 680 2457 Theologi
698 2398 864 2441 induerit
884 2400 924 2439 in
946 2399 1017 2438 hac
1038 2398 1622 2453 epistola‚autimpudentissimc
1635 2400 1813 2440 mentitus
1824 2400 1879 2440 est

146 2461 305 2517 insignis
321 2457 507 2513 impostor
518 2468 604 2508 ,aut
624 2455 760 2496 odium
779 2454 1064 2509 Theologicum
1079 2454 1300 2494 memoriam
1313 2455 1393 2508 ejus
1404 2469 1559 2494 omnem
1572 2455 1758 2495 exstinxit.
1779 2455 1874 2495 Non

145 2520 226 2574 jam
256 2516 404 2562 dicam,
434 2527 495 2553 me
523 2512 634 2552 initio
663 2511 755 2551 anni
791 2523 910 2565 1730.
940 2511 1059 2564 longo
1084 2509 1284 2549 multarum
1307 2509 1485 2550 horarum
1508 2510 1703 2563 colloquio
1723 2524 1801 2550 rem
1822 2522 1881 2549 to-

152 2586 256 2621 tam,
286 2579 471 2624 quantum
494 2579 668 2621 poteram
689 2565 912 2616 clarissime,
938 2563 1151 2618 Theologo
1171 2565 1299 2604 vicino
1320 2578 1407 2605 meo
1427 2564 1779 2618 exposuiffe,&,ut
1793 2578 1880 2604 cum

153 2626 325 2681 Collegis
345 2623 644 2664 communicaret
659 2653 671 2672 ,
693 2621 860 2676 rogasse:
892 2634 978 2660 cum
999 2633 1091 2659 vero
1111 2621 1142 2659 is
1164 2619 1234 2658 alia
1253 2621 1383 2659 omnia
1396 2619 1881 2674 fecissct,contigittamen,·

153 2684 271 2735 idque
290 2694 369 2720 non
395 2679 473 2719 sine
492 2678 624 2718 divina
646 2676 906 2730 providentia,
936 2687 1001 2719 ut,
1031 2674 1259 2730 indignitate
1279 2676 1331 2714 rei
1354 2687 1549 2728 permotus
1568 2706 1578 2724 ,
1618 2675 1680 2714 ubi
1701 2689 1778 2714 non
1797 2690 1883 2714 om-

154 2739 252 2779 nino
283 2746 362 2775 erat
392 2732 557 2782 necesse,
590 2731 845 2786 praesentibus
870 2729 1120 2779 Consulibus,
1152 2729 1401 2769 Curatoribus
1428 2729 1660 2769 Academiae
1687 2733 1724 2767 &
1747 2730 1882 2769 Theo-

154 2793 273 2847 logis,
294 2789 428 2830 eadem
457 2800 689 2840 repeterem3
718 2786 826 2840 quod
853 2801 874 2825 a
895 2785 1010 2825 scriba
1031 2785 1174 2824 Curiae
1190 2799 1236 2824 ex
1259 2796 1326 2824 ore
1349 2798 1436 2823 meo
1455 2796 1675 2837 exceptum,
1707 2799 1726 2823 a
1747 2785 1883 2824 Theo-

155 2849 254 2903 logis
274 2859 352 2885 non
373 2843 544 2883 auditum
565 2841 703 2886 solum,
732 2855 862 2880 verum
885 2841 1000 2881 etiam
1023 2840 1062 2878 in
1074 2839 1222 2887 libello,
1254 2837 1385 2878 frustra
1398 2850 1548 2878 vetante
1560 2839 1696 2878 ordine
1713 2840 1881 2892 Amplisss

157 2904 253 2944 fimo
274 2902 312 2939 in
330 2900 452 2939 lucem
475 2897 604 2941 edito,
636 2896 737 2951 typis
755 2894 965 2949 expressum
986 2894 1061 2942 est·,
1090 2894 1129 2933 in
1150 2894 1216 2933 illo
1240 2894 1450 2934 Conventu
1469 2893 1506 2933 d.
1541 2908 1557 2933 2
1572 2907 1601 2934 ς.
1615 2895 1746 2934 Martii
1768 2908 1883 2946 ¹730-

155 2956 356 3008 Theologi
377 2952 640 3006 quaesiverunt
660 2965 696 3004 p.
728 2964 822 3001 459.
878 2981 902 2999 ‚‚
934 2951 1016 2990 Cur
1036 2951 1074 2989 in
1096 2948 1330 2989 sermonibus
1351 2950 1443 2988 meis
1463 2949 1511 2987 de
1528 2948 1774 3001 dispositione
1797 2963 1882 3002 pro-

157 3041 184 3063 „
217 3011 305 3051 sitae
334 3008 527 3049 Editionis
547 3006 659 3046 Novi
678 3006 917 3046 Testamenti
939 3005 1080 3044 Graeci
1094 3005 1208 3044 toties
1229 3004 1449 3043 variaverim
1466 3006 1514 3043 ?''
1547 3004 1761 3057 Responsio
1780 3019 1885 3057 repe-

159 3069 251 3108 ritur
278 3080 315 3120 p.
350 3076 440 3115 343.
475 3074 564 3113 344.
595 3061 657 3100 ubi
685 3062 783 3100 inter
805 3061 876 3099 alia
908 3060 1001 3099 haec
1030 3060 1224 3114 leguntur:
1254 3086 1278 3107 ‚2
1309 3059 1505 3098 Praeterea
1526 3059 1644 3106 dixit,
1674 3060 1781 3113 quod
1801 3059 1884 3098 atti-

160 3152 186 3175 ,‚
218 3133 282 3162 net
300 3119 348 3160 ad
370 3117 659 3172 dispositionem
682 3116 789 3155 Novi
808 3115 1046 3154 Testamenti
1070 3129 1090 3153 a
1113 3114 1148 3154 sc
1168 3112 1332 3162 edendi,
1362 3113 1398 3152 se
1421 3113 1546 3154 mense
1569 3115 1679 3163 lunio
1691 3114 1886 3168 (quospe-

158 3210 183 3232 ‚,
213 3178 338 3219 cimen
357 3171 597 3228 scripseram)
626 3173 667 3212 in
689 3171 760 3212 alia
782 3168 888 3211 fuisse
904 3170 1114 3226 opinione,
1143 3183 1258 3223 quam
1282 3168 1411 3210 mense
1432 3163 1642 3224 Septembr.
1673 3169 1775 3223 (quo
1792 3183 1887 3208 con-

1714 3255 1740 3275 „
1769 3224 1889 3264 silium
