<?xml version="1.0" encoding="UTF-8"?>
<!DOCTYPE html PUBLIC "-//W3C//DTD XHTML 1.0 Transitional//EN"
    "http://www.w3.org/TR/xhtml1/DTD/xhtml1-transitional.dtd">
<html xmlns="http://www.w3.org/1999/xhtml" xml:lang="en" lang="en">
 <head>
  <title>
</title>
<meta http-equiv="Content-Type" content="text/html;charset=utf-8" />
  <meta name='ocr-system' content='tesseract 3.04.00' />
  <meta name='ocr-capabilities' content='ocr_page ocr_carea ocr_par ocr_line ocrx_word'/>
</head>
<body>
  <div class='ocr_page' id='page_1' title='image "./hekainediatheken00clem/hekainediatheken00clem_0326.png"; bbox 0 0 1976 3519; ppageno 0'>
   <div class='ocr_carea' id='block_1_1' title="bbox 103 218 944 277">
    <p class='ocr_par' dir='ltr' id='par_1_1' title="bbox 103 218 944 277">
     <span class='ocr_line' id='line_1_1' title="bbox 103 218 944 277; baseline -0.012 -14"><span class='ocrx_word' id='word_1_1' title='bbox 103 234 190 277; x_wconf 84' lang='lat'>3¹4</span> <span class='ocrx_word' id='word_1_2' title='bbox 560 218 944 257; x_wconf 77' lang='grc' dir='ltr'><strong>ΕΥΑΓΓ</strong></span> 
     </span>
    </p>
   </div>
   <div class='ocr_carea' id='block_1_2' title="bbox 100 300 613 348">
    <p class='ocr_par' dir='ltr' id='par_1_2' title="bbox 100 300 613 348">
     <span class='ocr_line' id='line_1_2' title="bbox 100 300 613 348; baseline -0.01 0"><span class='ocrx_word' id='word_1_3' title='bbox 100 304 161 348; x_wconf 66' lang='grc' dir='ltr'>ἐπὶ</span> <span class='ocrx_word' id='word_1_4' title='bbox 201 304 346 347; x_wconf 59' lang='grc' dir='ltr'>δικαίους</span> <span class='ocrx_word' id='word_1_5' title='bbox 375 300 435 344; x_wconf 66' lang='lat' dir='ltr'>noti</span> <span class='ocrx_word' id='word_1_6' title='bbox 464 300 613 345; x_wconf 60' lang='grc' dir='ltr'>αἶὸἷκους.</span> 
     </span>
    </p>
   </div>
   <div class='ocr_carea' id='block_1_3' title="bbox 136 451 803 530">
    <p class='ocr_par' dir='ltr' id='par_1_3' title="bbox 136 451 803 530">
     <span class='ocr_line' id='line_1_3' title="bbox 159 451 803 490; baseline -0.002 -8"><span class='ocrx_word' id='word_1_7' title='bbox 159 458 175 483; x_wconf 82' lang='grc'>6</span> <span class='ocrx_word' id='word_1_8' title='bbox 195 451 363 487; x_wconf 52' lang='lat' dir='ltr'>&amp;vardo-nvn,</span> <span class='ocrx_word' id='word_1_9' title='bbox 382 453 395 489; x_wconf 92' lang='lat'>]</span> <span class='ocrx_word' id='word_1_10' title='bbox 413 452 538 486; x_wconf 68' lang='grc' dir='ltr'>οἱγκπὲὶτε</span> <span class='ocrx_word' id='word_1_11' title='bbox 557 463 603 490; x_wconf 83' lang='lat'>57.</span> <span class='ocrx_word' id='word_1_12' title='bbox 624 462 670 489; x_wconf 82' lang='lat'>59.</span> <span class='ocrx_word' id='word_1_13' title='bbox 689 454 735 482; x_wconf 75' lang='lat'>60.</span> <span class='ocrx_word' id='word_1_14' title='bbox 755 455 803 481; x_wconf 78' lang='lat'>6¹.</span> 
     </span>
     <span class='ocr_line' id='line_1_4' title="bbox 136 488 722 530; baseline 0 -9"><span class='ocrx_word' id='word_1_15' title='bbox 136 495 228 529; x_wconf 76' lang='grc' dir='ltr'><strong><em>ιχετι]</em></strong></span> <span class='ocrx_word' id='word_1_16' title='bbox 249 488 312 528; x_wconf 73' lang='grc' dir='ltr'><strong><em>ἐ’ξετι</em></strong></span> <span class='ocrx_word' id='word_1_17' title='bbox 331 495 368 522; x_wconf 87' lang='lat' dir='ltr'>D.</span> <span class='ocrx_word' id='word_1_18' title='bbox 393 503 434 530; x_wconf 84' lang='lat'>13.</span> <span class='ocrx_word' id='word_1_19' title='bbox 455 493 549 521; x_wconf 79' lang='lat' dir='ltr'>Versio</span> <span class='ocrx_word' id='word_1_20' title='bbox 565 494 676 529; x_wconf 71' lang='lat' dir='ltr'>Vulgata</span> <span class='ocrx_word' id='word_1_21' title='bbox 698 502 722 521; x_wconf 83' lang='grc'>1.</span> 
     </span>
    </p>
   </div>
   <div class='ocr_carea' id='block_1_4' title="bbox 95 565 958 3201">
    <p class='ocr_par' dir='ltr' id='par_1_4' title="bbox 98 565 951 1077">
     <span class='ocr_line' id='line_1_5' title="bbox 101 565 949 610; baseline -0.005 -10"><span class='ocrx_word' id='word_1_22' title='bbox 101 586 131 601; x_wconf 78' lang='grc' dir='ltr'>το</span> <span class='ocrx_word' id='word_1_23' title='bbox 159 570 185 600; x_wconf 36' lang='grc' dir='ltr'>ὄχ’</span> <span class='ocrx_word' id='word_1_24' title='bbox 208 569 250 600; x_wconf 63' lang='grc' dir='ltr'><em>δειν</em></span> <span class='ocrx_word' id='word_1_25' title='bbox 272 573 434 610; x_wconf 57' lang='grc' dir='ltr'>παρκχρῖμκοι</span> <span class='ocrx_word' id='word_1_26' title='bbox 451 574 462 599; x_wconf 81' lang='grc' dir='ltr'><strong><em>ὁ</em></strong></span> <span class='ocrx_word' id='word_1_27' title='bbox 480 570 526 603; x_wconf 64' lang='grc' dir='ltr'>θεὶς</span> <span class='ocrx_word' id='word_1_28' title='bbox 539 571 646 607; x_wconf 70' lang='grc' dir='ltr'><em>νίφοντος</em></span> <span class='ocrx_word' id='word_1_29' title='bbox 671 573 716 599; x_wconf 73' lang='grc' dir='ltr'>τοῦ</span> <span class='ocrx_word' id='word_1_30' title='bbox 732 573 791 598; x_wconf 60' lang='grc' dir='ltr'><em>θεοῦ.</em></span> <span class='ocrx_word' id='word_1_31' title='bbox 820 565 949 598; x_wconf 77' lang='lat' dir='ltr'>Taam&#39;th</span> 
     </span>
     <span class='ocr_line' id='line_1_6' title="bbox 100 611 949 654; baseline -0.005 -10"><span class='ocrx_word' id='word_1_32' title='bbox 100 614 122 644; x_wconf 83' lang='lat' dir='ltr'>f.</span> <span class='ocrx_word' id='word_1_33' title='bbox 146 623 197 654; x_wconf 82' lang='lat'>23.</span> <span class='ocrx_word' id='word_1_34' title='bbox 218 623 247 644; x_wconf 90' lang='lat'>2.</span> <span class='ocrx_word' id='word_1_35' title='bbox 291 612 374 643; x_wconf 88' lang='lat' dir='ltr'>Cum</span> <span class='ocrx_word' id='word_1_36' title='bbox 392 612 549 653; x_wconf 81' lang='lat' dir='ltr'>aliquando</span> <span class='ocrx_word' id='word_1_37' title='bbox 566 613 648 643; x_wconf 86' lang='lat' dir='ltr'>tellus</span> <span class='ocrx_word' id='word_1_38' title='bbox 665 612 831 652; x_wconf 84' lang='lat' dir='ltr'>pluviarum</span> <span class='ocrx_word' id='word_1_39' title='bbox 850 611 949 651; x_wconf 83' lang='lat' dir='ltr'>inopia</span> 
     </span>
     <span class='ocr_line' id='line_1_7' title="bbox 100 653 950 697; baseline -0.005 -11"><span class='ocrx_word' id='word_1_40' title='bbox 100 656 247 686; x_wconf 84' lang='lat' dir='ltr'>laboraret</span> <span class='ocrx_word' id='word_1_41' title='bbox 259 678 270 694; x_wconf 91' lang='lat'>,</span> <span class='ocrx_word' id='word_1_42' title='bbox 291 655 565 697; x_wconf 84' lang='lat' dir='ltr'>Rabbinipuerose</span> <span class='ocrx_word' id='word_1_43' title='bbox 583 655 682 686; x_wconf 88' lang='lat' dir='ltr'>schola</span> <span class='ocrx_word' id='word_1_44' title='bbox 703 653 739 683; x_wconf 81' lang='lat' dir='ltr'>ad</span> <span class='ocrx_word' id='word_1_45' title='bbox 766 653 876 684; x_wconf 84' lang='lat' dir='ltr'>Chone</span> <span class='ocrx_word' id='word_1_46' title='bbox 893 653 950 682; x_wconf 87' lang='lat' dir='ltr'>mi-</span> 
     </span>
     <span class='ocr_line' id='line_1_8' title="bbox 102 695 948 739; baseline -0.005 -11"><span class='ocrx_word' id='word_1_47' title='bbox 102 698 198 729; x_wconf 89' lang='lat' dir='ltr'>serunt</span> <span class='ocrx_word' id='word_1_48' title='bbox 214 698 361 729; x_wconf 88' lang='lat' dir='ltr'>dicentes:</span> <span class='ocrx_word' id='word_1_49' title='bbox 383 697 487 737; x_wconf 85' lang='lat' dir='ltr'>Pater,</span> <span class='ocrx_word' id='word_1_50' title='bbox 498 707 576 739; x_wconf 84' lang='lat' dir='ltr'>pater</span> <span class='ocrx_word' id='word_1_51' title='bbox 587 722 596 737; x_wconf 84' lang='lat'>‚</span> <span class='ocrx_word' id='word_1_52' title='bbox 618 697 653 726; x_wconf 89' lang='lat' dir='ltr'>da</span> <span class='ocrx_word' id='word_1_53' title='bbox 669 697 756 727; x_wconf 92' lang='lat' dir='ltr'>nobis</span> <span class='ocrx_word' id='word_1_54' title='bbox 773 695 913 736; x_wconf 69' lang='lat' dir='ltr'>plumam.</span> <span class='ocrx_word' id='word_1_55' title='bbox 925 695 948 724; x_wconf 89' lang='lat' dir='ltr'>is</span> 
     </span>
     <span class='ocr_line' id='line_1_9' title="bbox 100 739 948 781; baseline -0.002 -11"><span class='ocrx_word' id='word_1_56' title='bbox 100 750 175 772; x_wconf 86' lang='lat' dir='ltr'>vero</span> <span class='ocrx_word' id='word_1_57' title='bbox 191 741 385 780; x_wconf 85' lang='lat' dir='ltr'>praesentibus</span> <span class='ocrx_word' id='word_1_58' title='bbox 402 741 468 781; x_wconf 83' lang='lat' dir='ltr'>ipsis</span> <span class='ocrx_word' id='word_1_59' title='bbox 482 740 591 770; x_wconf 82' lang='lat' dir='ltr'>oravit:</span> <span class='ocrx_word' id='word_1_60' title='bbox 612 739 749 770; x_wconf 84' lang='lat' dir='ltr'>Domine</span> <span class='ocrx_word' id='word_1_61' title='bbox 760 739 850 769; x_wconf 88' lang='lat' dir='ltr'>totius</span> <span class='ocrx_word' id='word_1_62' title='bbox 861 747 948 768; x_wconf 89' lang='lat' dir='ltr'>mun-</span> 
     </span>
     <span class='ocr_line' id='line_1_10' title="bbox 101 780 948 824; baseline -0.005 -10"><span class='ocrx_word' id='word_1_63' title='bbox 101 783 131 814; x_wconf 94' lang='lat' dir='ltr'>di</span> <span class='ocrx_word' id='word_1_64' title='bbox 143 783 207 823; x_wconf 81' lang='lat' dir='ltr'>‚fac</span> <span class='ocrx_word' id='word_1_65' title='bbox 225 792 344 824; x_wconf 71' lang='lat' dir='ltr'>propter</span> <span class='ocrx_word' id='word_1_66' title='bbox 360 783 445 819; x_wconf 86' lang='lat' dir='ltr'>illos,</span> <span class='ocrx_word' id='word_1_67' title='bbox 466 784 516 823; x_wconf 90' lang='lat' dir='ltr'>qui</span> <span class='ocrx_word' id='word_1_68' title='bbox 532 781 728 812; x_wconf 77' lang='lat' dir='ltr'>differentiam</span> <span class='ocrx_word' id='word_1_69' title='bbox 746 780 882 811; x_wconf 88' lang='lat' dir='ltr'>nondum</span> <span class='ocrx_word' id='word_1_70' title='bbox 892 781 948 811; x_wconf 88' lang='lat' dir='ltr'>sci-</span> 
     </span>
     <span class='ocr_line' id='line_1_11' title="bbox 101 823 946 867; baseline -0.005 -11"><span class='ocrx_word' id='word_1_71' title='bbox 101 836 156 857; x_wconf 82' lang='lat' dir='ltr'>unt</span> <span class='ocrx_word' id='word_1_72' title='bbox 182 827 254 857; x_wconf 87' lang='lat' dir='ltr'>inter</span> <span class='ocrx_word' id='word_1_73' title='bbox 280 835 391 867; x_wconf 87' lang='lat' dir='ltr'>patrem</span> <span class='ocrx_word' id='word_1_74' title='bbox 408 825 458 866; x_wconf 89' lang='lat' dir='ltr'>qui</span> <span class='ocrx_word' id='word_1_75' title='bbox 477 825 609 865; x_wconf 85' lang='lat' dir='ltr'>pluviam</span> <span class='ocrx_word' id='word_1_76' title='bbox 625 823 693 854; x_wconf 89' lang='lat' dir='ltr'>dare</span> <span class='ocrx_word' id='word_1_77' title='bbox 710 823 824 864; x_wconf 84' lang='lat' dir='ltr'>potest,</span> <span class='ocrx_word' id='word_1_78' title='bbox 850 824 883 854; x_wconf 86' lang='lat'>&amp;</span> <span class='ocrx_word' id='word_1_79' title='bbox 901 824 946 852; x_wconf 93' lang='lat' dir='ltr'>in-</span> 
     </span>
     <span class='ocr_line' id='line_1_12' title="bbox 100 866 948 908; baseline -0.004 -9"><span class='ocrx_word' id='word_1_80' title='bbox 100 878 143 899; x_wconf 86' lang='lat' dir='ltr'>ter</span> <span class='ocrx_word' id='word_1_81' title='bbox 171 878 239 899; x_wconf 87' lang='lat' dir='ltr'>eum</span> <span class='ocrx_word' id='word_1_82' title='bbox 265 871 315 908; x_wconf 60' lang='lat' dir='ltr'>qui</span> <span class='ocrx_word' id='word_1_83' title='bbox 333 878 394 899; x_wconf 89' lang='lat' dir='ltr'>non</span> <span class='ocrx_word' id='word_1_84' title='bbox 411 866 518 908; x_wconf 83' lang='lat' dir='ltr'>potest.</span> <span class='ocrx_word' id='word_1_85' title='bbox 562 867 612 897; x_wconf 80' lang='lat' dir='ltr'>Ab</span> <span class='ocrx_word' id='word_1_86' title='bbox 631 868 717 896; x_wconf 85' lang='lat' dir='ltr'>omni</span> <span class='ocrx_word' id='word_1_87' title='bbox 734 867 813 896; x_wconf 90' lang='lat' dir='ltr'>enim</span> <span class='ocrx_word' id='word_1_88' title='bbox 830 875 948 906; x_wconf 85' lang='lat' dir='ltr'>tempo-</span> 
     </span>
     <span class='ocr_line' id='line_1_13' title="bbox 98 908 951 951; baseline -0.002 -10"><span class='ocrx_word' id='word_1_89' title='bbox 98 922 128 942; x_wconf 92' lang='lat' dir='ltr'>re</span> <span class='ocrx_word' id='word_1_90' title='bbox 145 920 268 951; x_wconf 85' lang='lat' dir='ltr'>vapores</span> <span class='ocrx_word' id='word_1_91' title='bbox 283 912 313 941; x_wconf 93' lang='lat' dir='ltr'>in</span> <span class='ocrx_word' id='word_1_92' title='bbox 333 912 432 941; x_wconf 74' lang='lat' dir='ltr'>aerem</span> <span class='ocrx_word' id='word_1_93' title='bbox 449 908 671 945; x_wconf 80' lang='lat' dir='ltr'>adscendentes,</span> <span class='ocrx_word' id='word_1_94' title='bbox 691 908 827 939; x_wconf 82' lang='lat' dir='ltr'>&amp;nubes</span> <span class='ocrx_word' id='word_1_95' title='bbox 838 909 951 947; x_wconf 87' lang='lat' dir='ltr'>pendu-</span> 
     </span>
     <span class='ocr_line' id='line_1_14' title="bbox 99 950 950 994; baseline -0.004 -10"><span class='ocrx_word' id='word_1_96' title='bbox 99 954 164 989; x_wconf 89' lang='lat' dir='ltr'>lae,</span> <span class='ocrx_word' id='word_1_97' title='bbox 186 954 219 984; x_wconf 86' lang='lat'>&amp;</span> <span class='ocrx_word' id='word_1_98' title='bbox 245 954 344 994; x_wconf 85' lang='lat' dir='ltr'>pluvia</span> <span class='ocrx_word' id='word_1_99' title='bbox 366 952 505 983; x_wconf 83' lang='lat' dir='ltr'>decidens</span> <span class='ocrx_word' id='word_1_100' title='bbox 523 959 619 982; x_wconf 87' lang='lat' dir='ltr'>tantae</span> <span class='ocrx_word' id='word_1_101' title='bbox 635 951 808 982; x_wconf 85' lang='lat' dir='ltr'>hominibus</span> <span class='ocrx_word' id='word_1_102' title='bbox 824 950 950 981; x_wconf 89' lang='lat' dir='ltr'>admira-</span> 
     </span>
     <span class='ocr_line' id='line_1_15' title="bbox 99 992 950 1034; baseline -0.002 -9"><span class='ocrx_word' id='word_1_103' title='bbox 99 996 177 1026; x_wconf 86' lang='lat' dir='ltr'>tioni</span> <span class='ocrx_word' id='word_1_104' title='bbox 203 996 342 1034; x_wconf 86' lang='lat' dir='ltr'>fuerunt,</span> <span class='ocrx_word' id='word_1_105' title='bbox 364 1004 396 1026; x_wconf 90' lang='lat' dir='ltr'>ut</span> <span class='ocrx_word' id='word_1_106' title='bbox 420 995 527 1024; x_wconf 82' lang='lat' dir='ltr'>merito</span> <span class='ocrx_word' id='word_1_107' title='bbox 556 992 754 1034; x_wconf 85' lang='lat' dir='ltr'>sapientiffimi</span> <span class='ocrx_word' id='word_1_108' title='bbox 770 993 888 1033; x_wconf 83' lang='lat' dir='ltr'>opificis</span> <span class='ocrx_word' id='word_1_109' title='bbox 904 1003 950 1023; x_wconf 87' lang='lat' dir='ltr'>ar-</span> 
     </span>
     <span class='ocr_line' id='line_1_16' title="bbox 99 1036 481 1077; baseline -0.005 -8"><span class='ocrx_word' id='word_1_110' title='bbox 99 1047 162 1069; x_wconf 87' lang='lat' dir='ltr'>tem</span> <span class='ocrx_word' id='word_1_111' title='bbox 179 1038 209 1067; x_wconf 87' lang='lat' dir='ltr'>in</span> <span class='ocrx_word' id='word_1_112' title='bbox 227 1047 265 1068; x_wconf 88' lang='lat' dir='ltr'>eo</span> <span class='ocrx_word' id='word_1_113' title='bbox 281 1036 481 1077; x_wconf 82' lang='lat' dir='ltr'>agnoscerent.</span> 
     </span>
    </p>

    <p class='ocr_par' dir='ltr' id='par_1_5' title="bbox 103 1076 946 1154">
     <span class='ocr_line' id='line_1_17' title="bbox 138 1076 946 1121; baseline -0.005 -10"><span class='ocrx_word' id='word_1_114' title='bbox 138 1083 189 1120; x_wconf 88' lang='lat'>46.</span> <span class='ocrx_word' id='word_1_115' title='bbox 211 1080 308 1116; x_wconf 58' lang='grc' dir='ltr'>μισθὸν</span> <span class='ocrx_word' id='word_1_116' title='bbox 320 1079 417 1121; x_wconf 64' lang='grc' dir='ltr'>ἔχετε]</span> <span class='ocrx_word' id='word_1_117' title='bbox 440 1079 584 1110; x_wconf 90' lang='lat' dir='ltr'>nimirum</span> <span class='ocrx_word' id='word_1_118' title='bbox 601 1078 678 1120; x_wconf 90' lang='lat' dir='ltr'>apud</span> <span class='ocrx_word' id='word_1_119' title='bbox 690 1077 807 1109; x_wconf 88' lang='lat' dir='ltr'>Patrem</span> <span class='ocrx_word' id='word_1_120' title='bbox 816 1076 946 1108; x_wconf 83' lang='lat' dir='ltr'>vestrum</span> 
     </span>
     <span class='ocr_line' id='line_1_18' title="bbox 103 1121 465 1154; baseline -0.006 0"><span class='ocrx_word' id='word_1_121' title='bbox 103 1122 262 1154; x_wconf 81' lang='lat' dir='ltr'>coelestem</span> <span class='ocrx_word' id='word_1_122' title='bbox 280 1122 332 1152; x_wconf 87' lang='lat' dir='ltr'>inf.</span> <span class='ocrx_word' id='word_1_123' title='bbox 356 1121 412 1153; x_wconf 86' lang='lat' dir='ltr'>VI.</span> <span class='ocrx_word' id='word_1_124' title='bbox 439 1131 465 1152; x_wconf 91' lang='lat'>1.</span> 
     </span>
    </p>

    <p class='ocr_par' dir='ltr' id='par_1_6' title="bbox 95 1161 958 3201">
     <span class='ocr_line' id='line_1_19' title="bbox 136 1161 948 1204; baseline -0.006 -9"><span class='ocrx_word' id='word_1_125' title='bbox 136 1164 259 1204; x_wconf 70' lang='lat' dir='ltr'>Gloffizr.</span> <span class='ocrx_word' id='word_1_126' title='bbox 279 1165 436 1201; x_wconf 80' lang='lat' dir='ltr'>Portitor,</span> <span class='ocrx_word' id='word_1_127' title='bbox 457 1163 575 1204; x_wconf 63' lang='grc' dir='ltr'>τελώνης,</span> <span class='ocrx_word' id='word_1_128' title='bbox 597 1164 768 1204; x_wconf 86' lang='lat' dir='ltr'>portorium</span> <span class='ocrx_word' id='word_1_129' title='bbox 782 1163 864 1196; x_wconf 70' lang='grc' dir='ltr'><em>τέλος.</em></span> <span class='ocrx_word' id='word_1_130' title='bbox 881 1161 948 1192; x_wconf 87' lang='lat' dir='ltr'>Pol-</span> 
     </span>
     <span class='ocr_line' id='line_1_20' title="bbox 98 1205 944 1247; baseline -0.004 -10"><span class='ocrx_word' id='word_1_131' title='bbox 98 1206 149 1237; x_wconf 78' lang='lat' dir='ltr'>lux</span> <span class='ocrx_word' id='word_1_132' title='bbox 161 1207 217 1238; x_wconf 77' lang='lat' dir='ltr'>IX.</span> <span class='ocrx_word' id='word_1_133' title='bbox 229 1216 278 1246; x_wconf 87' lang='lat'>29.</span> <span class='ocrx_word' id='word_1_134' title='bbox 287 1207 404 1246; x_wconf 56' lang='lat' dir='ltr'>mamasac,</span> <span class='ocrx_word' id='word_1_135' title='bbox 413 1206 553 1237; x_wconf 58' lang='grc' dir='ltr'>δὶκοῖἶωνῖοι.</span> <span class='ocrx_word' id='word_1_136' title='bbox 564 1209 680 1247; x_wconf 64' lang='grc' dir='ltr'><em>τελῶναι,</em></span> <span class='ocrx_word' id='word_1_137' title='bbox 691 1205 830 1237; x_wconf 50' lang='grc' dir='ltr'><em>δεκοίῖῶνοιι.</em></span> <span class='ocrx_word' id='word_1_138' title='bbox 840 1206 944 1242; x_wconf 73' lang='lat' dir='ltr'>Alcon.</span> 
     </span>
     <span class='ocr_line' id='line_1_21' title="bbox 97 1247 947 1291; baseline -0.005 -9"><span class='ocrx_word' id='word_1_139' title='bbox 97 1260 143 1291; x_wconf 78' lang='lat' dir='ltr'>ap.</span> <span class='ocrx_word' id='word_1_140' title='bbox 167 1253 222 1281; x_wconf 83' lang='lat' dir='ltr'>Cic.</span> <span class='ocrx_word' id='word_1_141' title='bbox 245 1251 276 1280; x_wconf 89' lang='lat' dir='ltr'>in</span> <span class='ocrx_word' id='word_1_142' title='bbox 301 1249 414 1281; x_wconf 86' lang='lat' dir='ltr'>Caecil.</span> <span class='ocrx_word' id='word_1_143' title='bbox 438 1259 485 1279; x_wconf 89' lang='lat'>10.</span> <span class='ocrx_word' id='word_1_144' title='bbox 511 1249 669 1289; x_wconf 86' lang='lat' dir='ltr'>Mancipes</span> <span class='ocrx_word' id='word_1_145' title='bbox 688 1247 752 1279; x_wconf 89' lang='lat' dir='ltr'>sunt</span> <span class='ocrx_word' id='word_1_146' title='bbox 770 1247 947 1289; x_wconf 85' lang='lat' dir='ltr'>publicano-</span> 
     </span>
     <span class='ocr_line' id='line_1_22' title="bbox 98 1290 946 1333; baseline -0.004 -10"><span class='ocrx_word' id='word_1_147' title='bbox 98 1303 165 1324; x_wconf 96' lang='lat' dir='ltr'>rum</span> <span class='ocrx_word' id='word_1_148' title='bbox 181 1293 348 1333; x_wconf 74' lang='lat' dir='ltr'>principeS,</span> <span class='ocrx_word' id='word_1_149' title='bbox 369 1292 507 1323; x_wconf 87' lang='lat' dir='ltr'>Romani</span> <span class='ocrx_word' id='word_1_150' title='bbox 524 1291 659 1322; x_wconf 85' lang='lat' dir='ltr'>homines</span> <span class='ocrx_word' id='word_1_151' title='bbox 671 1314 680 1329; x_wconf 83' lang='lat'>,</span> <span class='ocrx_word' id='word_1_152' title='bbox 701 1291 752 1332; x_wconf 90' lang='lat' dir='ltr'>qui</span> <span class='ocrx_word' id='word_1_153' title='bbox 763 1290 896 1330; x_wconf 86' lang='lat' dir='ltr'>quaestus</span> <span class='ocrx_word' id='word_1_154' title='bbox 906 1291 946 1321; x_wconf 85' lang='lat' dir='ltr'>sui</span> 
     </span>
     <span class='ocr_line' id='line_1_23' title="bbox 96 1332 947 1374; baseline -0.005 -8"><span class='ocrx_word' id='word_1_155' title='bbox 96 1335 194 1366; x_wconf 82' lang='lat' dir='ltr'>caussa</span> <span class='ocrx_word' id='word_1_156' title='bbox 216 1335 236 1366; x_wconf 88' lang='lat' dir='ltr'>fi</span> <span class='ocrx_word' id='word_1_157' title='bbox 263 1334 403 1365; x_wconf 86' lang='lat' dir='ltr'>decumas</span> <span class='ocrx_word' id='word_1_158' title='bbox 421 1333 570 1365; x_wconf 89' lang='lat' dir='ltr'>redimunt</span> <span class='ocrx_word' id='word_1_159' title='bbox 587 1357 596 1373; x_wconf 88' lang='lat'>,</span> <span class='ocrx_word' id='word_1_160' title='bbox 624 1332 781 1364; x_wconf 88' lang='lat' dir='ltr'>decumani</span> <span class='ocrx_word' id='word_1_161' title='bbox 798 1333 947 1374; x_wconf 88' lang='lat' dir='ltr'>appellan-</span> 
     </span>
     <span class='ocr_line' id='line_1_24' title="bbox 99 1376 947 1419; baseline -0.004 -11"><span class='ocrx_word' id='word_1_162' title='bbox 99 1387 168 1417; x_wconf 71' lang='lat' dir='ltr'>tur3</span> <span class='ocrx_word' id='word_1_163' title='bbox 190 1378 210 1408; x_wconf 87' lang='lat' dir='ltr'>fi</span> <span class='ocrx_word' id='word_1_164' title='bbox 227 1386 348 1419; x_wconf 89' lang='lat' dir='ltr'>portum</span> <span class='ocrx_word' id='word_1_165' title='bbox 364 1385 414 1408; x_wconf 89' lang='lat' dir='ltr'>aut</span> <span class='ocrx_word' id='word_1_166' title='bbox 430 1376 553 1417; x_wconf 86' lang='lat' dir='ltr'>pascua,</span> <span class='ocrx_word' id='word_1_167' title='bbox 575 1377 733 1416; x_wconf 82' lang='lat' dir='ltr'>portitores</span> <span class='ocrx_word' id='word_1_168' title='bbox 749 1384 797 1406; x_wconf 85' lang='lat' dir='ltr'>aut</span> <span class='ocrx_word' id='word_1_169' title='bbox 808 1376 947 1416; x_wconf 83' lang='lat' dir='ltr'>pecuarii,</span> 
     </span>
     <span class='ocr_line' id='line_1_25' title="bbox 98 1418 948 1461; baseline -0.004 -10"><span class='ocrx_word' id='word_1_170' title='bbox 98 1430 228 1461; x_wconf 90' lang='lat' dir='ltr'>quorum</span> <span class='ocrx_word' id='word_1_171' title='bbox 247 1421 322 1451; x_wconf 89' lang='lat' dir='ltr'>ratio</span> <span class='ocrx_word' id='word_1_172' title='bbox 338 1419 478 1461; x_wconf 89' lang='lat' dir='ltr'>scriptura</span> <span class='ocrx_word' id='word_1_173' title='bbox 496 1418 616 1450; x_wconf 88' lang='lat' dir='ltr'>dicitur.</span> <span class='ocrx_word' id='word_1_174' title='bbox 639 1418 683 1449; x_wconf 85' lang='lat' dir='ltr'>Hi</span> <span class='ocrx_word' id='word_1_175' title='bbox 703 1428 808 1448; x_wconf 90' lang='lat' dir='ltr'>omnes</span> <span class='ocrx_word' id='word_1_176' title='bbox 826 1420 948 1458; x_wconf 80' lang='lat' dir='ltr'>exigen-</span> 
     </span>
     <span class='ocr_line' id='line_1_26' title="bbox 97 1461 947 1503; baseline 0 -11"><span class='ocrx_word' id='word_1_177' title='bbox 97 1463 134 1493; x_wconf 89' lang='lat' dir='ltr'>da</span> <span class='ocrx_word' id='word_1_178' title='bbox 152 1474 167 1494; x_wconf 89' lang='lat' dir='ltr'>a</span> <span class='ocrx_word' id='word_1_179' title='bbox 190 1463 277 1493; x_wconf 90' lang='lat' dir='ltr'>sociis</span> <span class='ocrx_word' id='word_1_180' title='bbox 301 1462 352 1493; x_wconf 89' lang='lat' dir='ltr'>suo</span> <span class='ocrx_word' id='word_1_181' title='bbox 380 1461 513 1503; x_wconf 89' lang='lat' dir='ltr'>periculo</span> <span class='ocrx_word' id='word_1_182' title='bbox 530 1463 673 1502; x_wconf 84' lang='lat' dir='ltr'>exigunt,</span> <span class='ocrx_word' id='word_1_183' title='bbox 696 1461 728 1491; x_wconf 89' lang='lat'>&amp;</span> <span class='ocrx_word' id='word_1_184' title='bbox 754 1461 947 1501; x_wconf 68' lang='lat' dir='ltr'>Reipublicae</span> 
     </span>
     <span class='ocr_line' id='line_1_27' title="bbox 97 1503 947 1547; baseline -0.004 -11"><span class='ocrx_word' id='word_1_185' title='bbox 97 1505 325 1547; x_wconf 81' lang='lat' dir='ltr'>repraesentant,</span> <span class='ocrx_word' id='word_1_186' title='bbox 353 1504 545 1546; x_wconf 86' lang='lat' dir='ltr'>providentes</span> <span class='ocrx_word' id='word_1_187' title='bbox 568 1505 658 1535; x_wconf 88' lang='lat' dir='ltr'>etiam</span> <span class='ocrx_word' id='word_1_188' title='bbox 674 1505 706 1534; x_wconf 91' lang='lat' dir='ltr'>in</span> <span class='ocrx_word' id='word_1_189' title='bbox 722 1503 770 1534; x_wconf 90' lang='lat' dir='ltr'>illa</span> <span class='ocrx_word' id='word_1_190' title='bbox 787 1504 947 1533; x_wconf 87' lang='lat' dir='ltr'>redemtio-</span> 
     </span>
     <span class='ocr_line' id='line_1_28' title="bbox 96 1545 947 1587; baseline -0.002 -9"><span class='ocrx_word' id='word_1_191' title='bbox 96 1557 134 1578; x_wconf 90' lang='lat' dir='ltr'>ne</span> <span class='ocrx_word' id='word_1_192' title='bbox 157 1547 331 1579; x_wconf 79' lang='lat' dir='ltr'>commodis</span> <span class='ocrx_word' id='word_1_193' title='bbox 357 1546 423 1578; x_wconf 89' lang='lat' dir='ltr'>suis.</span> <span class='ocrx_word' id='word_1_194' title='bbox 472 1545 548 1578; x_wconf 84' lang='lat' dir='ltr'>Plin.</span> <span class='ocrx_word' id='word_1_195' title='bbox 578 1546 688 1586; x_wconf 85' lang='lat' dir='ltr'>Paneg.</span> <span class='ocrx_word' id='word_1_196' title='bbox 718 1555 769 1587; x_wconf 88' lang='lat'>37.</span> <span class='ocrx_word' id='word_1_197' title='bbox 792 1546 947 1587; x_wconf 84' lang='lat' dir='ltr'>publicani</span> 
     </span>
     <span class='ocr_line' id='line_1_29' title="bbox 95 1587 951 1631; baseline -0.002 -11"><span class='ocrx_word' id='word_1_198' title='bbox 95 1591 270 1622; x_wconf 77' lang='lat' dir='ltr'>vicesimam</span> <span class='ocrx_word' id='word_1_199' title='bbox 300 1590 511 1622; x_wconf 79' lang='lat' dir='ltr'>haereditatum</span> <span class='ocrx_word' id='word_1_200' title='bbox 547 1590 676 1629; x_wconf 84' lang='lat' dir='ltr'>exigunt.</span> <span class='ocrx_word' id='word_1_201' title='bbox 737 1591 792 1619; x_wconf 86' lang='lat' dir='ltr'>Cic.</span> <span class='ocrx_word' id='word_1_202' title='bbox 830 1587 866 1618; x_wconf 88' lang='lat' dir='ltr'>ad</span> <span class='ocrx_word' id='word_1_203' title='bbox 902 1588 951 1631; x_wconf 77' lang='lat' dir='ltr'>Q</span> 
     </span>
     <span class='ocr_line' id='line_1_30' title="bbox 95 1630 948 1675; baseline -0.001 -12"><span class='ocrx_word' id='word_1_204' title='bbox 95 1632 188 1665; x_wconf 84' lang='lat' dir='ltr'>Fratr.</span> <span class='ocrx_word' id='word_1_205' title='bbox 212 1642 239 1664; x_wconf 86' lang='lat'>1.</span> <span class='ocrx_word' id='word_1_206' title='bbox 265 1643 290 1664; x_wconf 87' lang='lat'>1.</span> <span class='ocrx_word' id='word_1_207' title='bbox 321 1632 485 1675; x_wconf 88' lang='lat' dir='ltr'>publicanis</span> <span class='ocrx_word' id='word_1_208' title='bbox 512 1631 687 1670; x_wconf 65' lang='lat' dir='ltr'>sauss-acm,</span> <span class='ocrx_word' id='word_1_209' title='bbox 709 1630 876 1671; x_wconf 83' lang='lat' dir='ltr'>praesertim</span> <span class='ocrx_word' id='word_1_210' title='bbox 895 1640 948 1670; x_wconf 86' lang='lat' dir='ltr'>pu-</span> 
     </span>
     <span class='ocr_line' id='line_1_31' title="bbox 95 1672 947 1713; baseline -0.004 -7"><span class='ocrx_word' id='word_1_211' title='bbox 95 1675 182 1706; x_wconf 83' lang='lat' dir='ltr'>blicis</span> <span class='ocrx_word' id='word_1_212' title='bbox 212 1675 289 1707; x_wconf 82' lang='lat' dir='ltr'>male</span> <span class='ocrx_word' id='word_1_213' title='bbox 316 1675 462 1706; x_wconf 81' lang='lat' dir='ltr'>redemtis.</span> <span class='ocrx_word' id='word_1_214' title='bbox 506 1677 618 1703; x_wconf 80' lang='lat' dir='ltr'>Sueton.</span> <span class='ocrx_word' id='word_1_215' title='bbox 643 1672 704 1712; x_wconf 91' lang='lat' dir='ltr'>Jul.</span> <span class='ocrx_word' id='word_1_216' title='bbox 731 1683 782 1703; x_wconf 86' lang='lat'>20.</span> <span class='ocrx_word' id='word_1_217' title='bbox 811 1672 947 1713; x_wconf 88' lang='lat' dir='ltr'>publica-</span> 
     </span>
     <span class='ocr_line' id='line_1_32' title="bbox 95 1713 951 1758; baseline -0.005 -10"><span class='ocrx_word' id='word_1_218' title='bbox 95 1728 152 1750; x_wconf 87' lang='lat' dir='ltr'>nos</span> <span class='ocrx_word' id='word_1_219' title='bbox 185 1717 385 1748; x_wconf 88' lang='lat' dir='ltr'>temisfionem</span> <span class='ocrx_word' id='word_1_220' title='bbox 409 1724 541 1758; x_wconf 86' lang='lat' dir='ltr'>petentes</span> <span class='ocrx_word' id='word_1_221' title='bbox 572 1716 657 1746; x_wconf 87' lang='lat' dir='ltr'>tertia</span> <span class='ocrx_word' id='word_1_222' title='bbox 685 1713 858 1745; x_wconf 86' lang='lat' dir='ltr'>mercedum</span> <span class='ocrx_word' id='word_1_223' title='bbox 883 1724 951 1756; x_wconf 87' lang='lat' dir='ltr'>par-</span> 
     </span>
     <span class='ocr_line' id='line_1_33' title="bbox 95 1757 950 1797; baseline -0.004 -6"><span class='ocrx_word' id='word_1_224' title='bbox 95 1768 124 1791; x_wconf 86' lang='lat' dir='ltr'>te</span> <span class='ocrx_word' id='word_1_225' title='bbox 155 1759 298 1792; x_wconf 84' lang='lat' dir='ltr'>relevavit</span> <span class='ocrx_word' id='word_1_226' title='bbox 313 1782 323 1797; x_wconf 88' lang='lat'>,</span> <span class='ocrx_word' id='word_1_227' title='bbox 359 1769 396 1790; x_wconf 89' lang='lat' dir='ltr'>ac</span> <span class='ocrx_word' id='word_1_228' title='bbox 425 1768 463 1790; x_wconf 90' lang='lat' dir='ltr'>ne</span> <span class='ocrx_word' id='word_1_229' title='bbox 487 1759 518 1789; x_wconf 91' lang='lat' dir='ltr'>in</span> <span class='ocrx_word' id='word_1_230' title='bbox 542 1757 693 1789; x_wconf 86' lang='lat' dir='ltr'>locatione</span> <span class='ocrx_word' id='word_1_231' title='bbox 718 1766 871 1788; x_wconf 88' lang='lat' dir='ltr'>novorum</span> <span class='ocrx_word' id='word_1_232' title='bbox 898 1767 950 1789; x_wconf 84' lang='lat' dir='ltr'>ve-</span> 
     </span>
     <span class='ocr_line' id='line_1_34' title="bbox 95 1800 950 1845; baseline -0.002 -11"><span class='ocrx_word' id='word_1_233' title='bbox 95 1802 248 1845; x_wconf 69' lang='lat' dir='ltr'>stigalium</span> <span class='ocrx_word' id='word_1_234' title='bbox 274 1802 498 1833; x_wconf 82' lang='lat' dir='ltr'>immoderatius</span> <span class='ocrx_word' id='word_1_235' title='bbox 513 1801 690 1842; x_wconf 76' lang='lat' dir='ltr'>licei-entur,</span> <span class='ocrx_word' id='word_1_236' title='bbox 711 1800 866 1842; x_wconf 84' lang='lat' dir='ltr'>propalam</span> <span class='ocrx_word' id='word_1_237' title='bbox 881 1810 950 1832; x_wconf 91' lang='lat' dir='ltr'>mo-</span> 
     </span>
     <span class='ocr_line' id='line_1_35' title="bbox 95 1841 950 1884; baseline -0.002 -8"><span class='ocrx_word' id='word_1_238' title='bbox 95 1847 185 1877; x_wconf 81' lang='lat' dir='ltr'>nuit.&#39;</span> <span class='ocrx_word' id='word_1_239' title='bbox 212 1848 268 1876; x_wconf 85' lang='lat' dir='ltr'>Cic.</span> <span class='ocrx_word' id='word_1_240' title='bbox 295 1845 333 1876; x_wconf 91' lang='lat' dir='ltr'>ad</span> <span class='ocrx_word' id='word_1_241' title='bbox 358 1844 452 1876; x_wconf 87' lang='lat' dir='ltr'>Attic.</span> <span class='ocrx_word' id='word_1_242' title='bbox 481 1843 508 1875; x_wconf 92' lang='grc' dir='ltr'>Ι.</span> <span class='ocrx_word' id='word_1_243' title='bbox 538 1853 584 1882; x_wconf 88' lang='lat'>17.</span> <span class='ocrx_word' id='word_1_244' title='bbox 628 1842 727 1874; x_wconf 79' lang='lat' dir='ltr'>Afiam</span> <span class='ocrx_word' id='word_1_245' title='bbox 744 1844 796 1884; x_wconf 91' lang='lat' dir='ltr'>qui</span> <span class='ocrx_word' id='word_1_246' title='bbox 818 1841 855 1874; x_wconf 89' lang='lat' dir='ltr'>de</span> <span class='ocrx_word' id='word_1_247' title='bbox 880 1853 950 1874; x_wconf 89' lang='lat' dir='ltr'>cen-</span> 
     </span>
     <span class='ocr_line' id='line_1_36' title="bbox 97 1885 950 1928; baseline -0.004 -8"><span class='ocrx_word' id='word_1_248' title='bbox 97 1888 212 1920; x_wconf 85' lang='lat' dir='ltr'>soribus</span> <span class='ocrx_word' id='word_1_249' title='bbox 249 1887 453 1919; x_wconf 82' lang='lat' dir='ltr'>conduxerant</span> <span class='ocrx_word' id='word_1_250' title='bbox 470 1911 480 1928; x_wconf 82' lang='lat'>‚</span> <span class='ocrx_word' id='word_1_251' title='bbox 516 1886 613 1927; x_wconf 88' lang='lat' dir='ltr'>questi</span> <span class='ocrx_word' id='word_1_252' title='bbox 645 1885 711 1917; x_wconf 89' lang='lat' dir='ltr'>sunt</span> <span class='ocrx_word' id='word_1_253' title='bbox 746 1887 777 1916; x_wconf 92' lang='lat' dir='ltr'>in</span> <span class='ocrx_word' id='word_1_254' title='bbox 799 1885 897 1917; x_wconf 88' lang='lat' dir='ltr'>senatu</span> <span class='ocrx_word' id='word_1_255' title='bbox 922 1886 950 1917; x_wconf 90' lang='lat' dir='ltr'>se</span> 
     </span>
     <span class='ocr_line' id='line_1_37' title="bbox 97 1927 944 1972; baseline -0.005 -10"><span class='ocrx_word' id='word_1_256' title='bbox 97 1931 257 1972; x_wconf 88' lang='lat' dir='ltr'>cupiditate</span> <span class='ocrx_word' id='word_1_257' title='bbox 291 1930 441 1972; x_wconf 88' lang='lat' dir='ltr'>prolapsos</span> <span class='ocrx_word' id='word_1_258' title='bbox 465 1930 596 1960; x_wconf 89' lang='lat' dir='ltr'>nimium</span> <span class='ocrx_word' id='word_1_259' title='bbox 623 1938 735 1969; x_wconf 86' lang='lat' dir='ltr'>magno</span> <span class='ocrx_word' id='word_1_260' title='bbox 758 1927 944 1959; x_wconf 87' lang='lat' dir='ltr'>conduxisse.</span> 
     </span>
     <span class='ocr_line' id='line_1_38' title="bbox 97 1970 950 2013; baseline -0.004 -9"><span class='ocrx_word' id='word_1_261' title='bbox 97 1975 173 2004; x_wconf 79' lang='lat' dir='ltr'>Lrv.</span> <span class='ocrx_word' id='word_1_262' title='bbox 196 1971 360 2004; x_wconf 88' lang='lat' dir='ltr'>XXXIX.</span> <span class='ocrx_word' id='word_1_263' title='bbox 379 1981 433 2012; x_wconf 87' lang='lat'>44.</span> <span class='ocrx_word' id='word_1_264' title='bbox 476 1970 640 2013; x_wconf 52' lang='lat' dir='ltr'>Vectigalia</span> <span class='ocrx_word' id='word_1_265' title='bbox 656 1971 777 2002; x_wconf 89' lang='lat' dir='ltr'>summis</span> <span class='ocrx_word' id='word_1_266' title='bbox 794 1971 893 2012; x_wconf 90' lang='lat' dir='ltr'>pretiis</span> <span class='ocrx_word' id='word_1_267' title='bbox 904 1971 950 2001; x_wconf 91' lang='lat' dir='ltr'>ul-</span> 
     </span>
     <span class='ocr_line' id='line_1_39' title="bbox 97 2013 947 2055; baseline -0.002 -8"><span class='ocrx_word' id='word_1_268' title='bbox 97 2023 147 2047; x_wconf 93' lang='lat' dir='ltr'>tro</span> <span class='ocrx_word' id='word_1_269' title='bbox 164 2015 275 2047; x_wconf 86' lang='lat' dir='ltr'>tributa</span> <span class='ocrx_word' id='word_1_270' title='bbox 290 2015 398 2046; x_wconf 87' lang='lat' dir='ltr'>infimis</span> <span class='ocrx_word' id='word_1_271' title='bbox 412 2015 685 2055; x_wconf 85' lang='lat' dir='ltr'>locaverunt‚quas</span> <span class='ocrx_word' id='word_1_272' title='bbox 703 2013 865 2045; x_wconf 80' lang='lat' dir='ltr'>locationes</span> <span class='ocrx_word' id='word_1_273' title='bbox 875 2023 947 2045; x_wconf 88' lang='lat' dir='ltr'>cum</span> 
     </span>
     <span class='ocr_line' id='line_1_40' title="bbox 97 2056 947 2099; baseline -0.005 -9"><span class='ocrx_word' id='word_1_274' title='bbox 97 2059 229 2096; x_wconf 85' lang='lat' dir='ltr'>senatus,</span> <span class='ocrx_word' id='word_1_275' title='bbox 256 2058 395 2099; x_wconf 83' lang='lat' dir='ltr'>precibus</span> <span class='ocrx_word' id='word_1_276' title='bbox 420 2059 454 2089; x_wconf 92' lang='lat'>&amp;</span> <span class='ocrx_word' id='word_1_277' title='bbox 478 2057 608 2087; x_wconf 86' lang='lat' dir='ltr'>lacrimis</span> <span class='ocrx_word' id='word_1_278' title='bbox 642 2056 875 2097; x_wconf 88' lang='lat' dir='ltr'>publicanorum</span> <span class='ocrx_word' id='word_1_279' title='bbox 901 2058 947 2087; x_wconf 91' lang='lat' dir='ltr'>vi-</span> 
     </span>
     <span class='ocr_line' id='line_1_41' title="bbox 99 2097 947 2141; baseline -0.002 -9"><span class='ocrx_word' id='word_1_280' title='bbox 99 2100 184 2140; x_wconf 68' lang='lat' dir='ltr'>etus,</span> <span class='ocrx_word' id='word_1_281' title='bbox 205 2100 308 2132; x_wconf 89' lang='lat' dir='ltr'>induci</span> <span class='ocrx_word' id='word_1_282' title='bbox 324 2101 357 2132; x_wconf 90' lang='lat'>&amp;</span> <span class='ocrx_word' id='word_1_283' title='bbox 372 2100 409 2130; x_wconf 90' lang='lat' dir='ltr'>de</span> <span class='ocrx_word' id='word_1_284' title='bbox 426 2101 542 2141; x_wconf 83' lang='lat' dir='ltr'>integro</span> <span class='ocrx_word' id='word_1_285' title='bbox 560 2099 651 2130; x_wconf 88' lang='lat' dir='ltr'>locari</span> <span class='ocrx_word' id='word_1_286' title='bbox 661 2098 795 2138; x_wconf 82' lang='lat' dir='ltr'>juffiffet.</span> <span class='ocrx_word' id='word_1_287' title='bbox 825 2097 947 2131; x_wconf 86' lang='lat' dir='ltr'>XLIII.</span> 
     </span>
     <span class='ocr_line' id='line_1_42' title="bbox 103 2140 948 2183; baseline -0.004 -8"><span class='ocrx_word' id='word_1_288' title='bbox 103 2145 149 2175; x_wconf 86' lang='lat'>16.</span> <span class='ocrx_word' id='word_1_289' title='bbox 173 2144 280 2181; x_wconf 89' lang='lat' dir='ltr'>Quum</span> <span class='ocrx_word' id='word_1_290' title='bbox 294 2142 457 2183; x_wconf 87' lang='lat' dir='ltr'>equestrem</span> <span class='ocrx_word' id='word_1_291' title='bbox 475 2143 612 2173; x_wconf 87' lang='lat' dir='ltr'>ordinem</span> <span class='ocrx_word' id='word_1_292' title='bbox 627 2140 837 2182; x_wconf 88' lang='lat' dir='ltr'>offendissent,</span> <span class='ocrx_word' id='word_1_293' title='bbox 859 2142 948 2173; x_wconf 80' lang='lat' dir='ltr'>flam-</span> 
     </span>
     <span class='ocr_line' id='line_1_43' title="bbox 101 2184 951 2226; baseline -0.004 -9"><span class='ocrx_word' id='word_1_294' title='bbox 101 2197 183 2217; x_wconf 88' lang='lat' dir='ltr'>mam</span> <span class='ocrx_word' id='word_1_295' title='bbox 208 2186 336 2217; x_wconf 88' lang='lat' dir='ltr'>invidiae</span> <span class='ocrx_word' id='word_1_296' title='bbox 353 2185 485 2226; x_wconf 86' lang='lat' dir='ltr'>adjecere</span> <span class='ocrx_word' id='word_1_297' title='bbox 502 2184 603 2215; x_wconf 62' lang='lat' dir='ltr'>edicto</span> <span class='ocrx_word' id='word_1_298' title='bbox 614 2208 622 2223; x_wconf 84' lang='lat'>,</span> <span class='ocrx_word' id='word_1_299' title='bbox 643 2194 705 2225; x_wconf 87' lang='lat' dir='ltr'>quo</span> <span class='ocrx_word' id='word_1_300' title='bbox 720 2184 888 2215; x_wconf 85' lang='lat' dir='ltr'>edixerunt:</span> <span class='ocrx_word' id='word_1_301' title='bbox 913 2194 951 2215; x_wconf 90' lang='lat' dir='ltr'>ne</span> 
     </span>
     <span class='ocr_line' id='line_1_44' title="bbox 101 2226 948 2269; baseline -0.001 -10"><span class='ocrx_word' id='word_1_302' title='bbox 101 2231 165 2269; x_wconf 85' lang='lat' dir='ltr'>quis</span> <span class='ocrx_word' id='word_1_303' title='bbox 180 2238 286 2259; x_wconf 87' lang='lat' dir='ltr'>eorum</span> <span class='ocrx_word' id='word_1_304' title='bbox 302 2229 354 2269; x_wconf 90' lang='lat' dir='ltr'>qui</span> <span class='ocrx_word' id='word_1_305' title='bbox 374 2228 558 2259; x_wconf 87' lang='lat' dir='ltr'>Censoribus</span> <span class='ocrx_word' id='word_1_306' title='bbox 568 2243 597 2249; x_wconf 89' lang='lat'>--</span> <span class='ocrx_word' id='word_1_307' title='bbox 608 2227 728 2266; x_wconf 89' lang='lat' dir='ltr'>publica</span> <span class='ocrx_word' id='word_1_308' title='bbox 735 2226 888 2268; x_wconf 65' lang='lat' dir='ltr'>vectigalia</span> <span class='ocrx_word' id='word_1_309' title='bbox 898 2236 948 2258; x_wconf 89' lang='lat' dir='ltr'>aut</span> 
     </span>
     <span class='ocr_line' id='line_1_45' title="bbox 102 2268 950 2308; baseline -0.002 -6"><span class='ocrx_word' id='word_1_310' title='bbox 102 2272 180 2303; x_wconf 87' lang='lat' dir='ltr'>ultro</span> <span class='ocrx_word' id='word_1_311' title='bbox 197 2271 308 2302; x_wconf 87' lang='lat' dir='ltr'>tributa</span> <span class='ocrx_word' id='word_1_312' title='bbox 323 2269 527 2308; x_wconf 82' lang='lat' dir='ltr'>conduxiffet,</span> <span class='ocrx_word' id='word_1_313' title='bbox 549 2268 584 2299; x_wconf 90' lang='lat' dir='ltr'>ad</span> <span class='ocrx_word' id='word_1_314' title='bbox 602 2268 715 2300; x_wconf 84' lang='lat' dir='ltr'>hastam</span> <span class='ocrx_word' id='word_1_315' title='bbox 732 2269 812 2300; x_wconf 84' lang='lat' dir='ltr'>suam</span> <span class='ocrx_word' id='word_1_316' title='bbox 828 2269 950 2300; x_wconf 88' lang='lat' dir='ltr'>accede-</span> 
     </span>
     <span class='ocr_line' id='line_1_46' title="bbox 100 2311 949 2353; baseline -0.004 -8"><span class='ocrx_word' id='word_1_317' title='bbox 100 2323 153 2345; x_wconf 87' lang='lat' dir='ltr'>ret.</span> <span class='ocrx_word' id='word_1_318' title='bbox 176 2316 231 2343; x_wconf 83' lang='lat' dir='ltr'>Cic.</span> <span class='ocrx_word' id='word_1_319' title='bbox 254 2323 309 2353; x_wconf 87' lang='lat' dir='ltr'>pro</span> <span class='ocrx_word' id='word_1_320' title='bbox 326 2313 440 2344; x_wconf 87' lang='lat' dir='ltr'>Planco</span> <span class='ocrx_word' id='word_1_321' title='bbox 460 2323 488 2352; x_wconf 87' lang='lat'>9.</span> <span class='ocrx_word' id='word_1_322' title='bbox 514 2311 733 2353; x_wconf 80' lang='lat' dir='ltr'>Adjungam‚fi</span> <span class='ocrx_word' id='word_1_323' title='bbox 743 2313 805 2351; x_wconf 86' lang='lat' dir='ltr'>vis,</span> <span class='ocrx_word' id='word_1_324' title='bbox 829 2311 949 2353; x_wconf 88' lang='lat' dir='ltr'>idquod</span> 
     </span>
     <span class='ocr_line' id='line_1_47' title="bbox 102 2354 946 2396; baseline -0.002 -9"><span class='ocrx_word' id='word_1_325' title='bbox 102 2366 134 2387; x_wconf 91' lang='lat' dir='ltr'>tu</span> <span class='ocrx_word' id='word_1_326' title='bbox 159 2358 248 2387; x_wconf 81' lang='lat' dir='ltr'>etiam</span> <span class='ocrx_word' id='word_1_327' title='bbox 276 2355 344 2386; x_wconf 87' lang='lat' dir='ltr'>huic</span> <span class='ocrx_word' id='word_1_328' title='bbox 369 2354 466 2385; x_wconf 79' lang='lat' dir='ltr'>obesse</span> <span class='ocrx_word' id='word_1_329' title='bbox 485 2363 585 2396; x_wconf 79' lang='lat' dir='ltr'>putas,</span> <span class='ocrx_word' id='word_1_330' title='bbox 605 2362 717 2395; x_wconf 88' lang='lat' dir='ltr'>patrem</span> <span class='ocrx_word' id='word_1_331' title='bbox 735 2355 946 2395; x_wconf 89' lang='lat' dir='ltr'>publicanum:</span> 
     </span>
     <span class='ocr_line' id='line_1_48' title="bbox 103 2397 950 2439; baseline -0.004 -9"><span class='ocrx_word' id='word_1_332' title='bbox 103 2400 153 2438; x_wconf 84' lang='lat' dir='ltr'>qui</span> <span class='ocrx_word' id='word_1_333' title='bbox 174 2398 250 2430; x_wconf 92' lang='lat' dir='ltr'>ordo</span> <span class='ocrx_word' id='word_1_334' title='bbox 268 2406 380 2439; x_wconf 88' lang='lat' dir='ltr'>quanto</span> <span class='ocrx_word' id='word_1_335' title='bbox 395 2397 565 2436; x_wconf 87' lang='lat' dir='ltr'>adjumento</span> <span class='ocrx_word' id='word_1_336' title='bbox 583 2398 616 2428; x_wconf 86' lang='lat' dir='ltr'>sit</span> <span class='ocrx_word' id='word_1_337' title='bbox 633 2398 662 2427; x_wconf 90' lang='lat' dir='ltr'>in</span> <span class='ocrx_word' id='word_1_338' title='bbox 683 2397 798 2428; x_wconf 87' lang='lat' dir='ltr'>honore</span> <span class='ocrx_word' id='word_1_339' title='bbox 816 2398 880 2437; x_wconf 88' lang='lat' dir='ltr'>quis</span> <span class='ocrx_word' id='word_1_340' title='bbox 899 2407 950 2427; x_wconf 91' lang='lat' dir='ltr'>ne-</span> 
     </span>
     <span class='ocr_line' id='line_1_49' title="bbox 103 2440 952 2480; baseline -0.004 -8"><span class='ocrx_word' id='word_1_341' title='bbox 103 2441 177 2472; x_wconf 76' lang='lat' dir='ltr'>stit?</span> <span class='ocrx_word' id='word_1_342' title='bbox 199 2442 255 2472; x_wconf 88' lang='lat' dir='ltr'>flos</span> <span class='ocrx_word' id='word_1_343' title='bbox 280 2441 361 2471; x_wconf 91' lang='lat' dir='ltr'>enirn</span> <span class='ocrx_word' id='word_1_344' title='bbox 386 2441 520 2480; x_wconf 86' lang='lat' dir='ltr'>equiturn</span> <span class='ocrx_word' id='word_1_345' title='bbox 536 2440 771 2480; x_wconf 83' lang='lat' dir='ltr'>Romanorum,</span> <span class='ocrx_word' id='word_1_346' title='bbox 792 2449 952 2470; x_wconf 84' lang='lat' dir='ltr'>ornamen-</span> 
     </span>
     <span class='ocr_line' id='line_1_50' title="bbox 103 2482 952 2523; baseline -0.004 -8"><span class='ocrx_word' id='word_1_347' title='bbox 103 2493 169 2515; x_wconf 88' lang='lat' dir='ltr'>tum</span> <span class='ocrx_word' id='word_1_348' title='bbox 188 2484 333 2520; x_wconf 85' lang='lat' dir='ltr'>civitatis,</span> <span class='ocrx_word' id='word_1_349' title='bbox 356 2482 577 2513; x_wconf 80' lang='lat' dir='ltr'>firmamentum</span> <span class='ocrx_word' id='word_1_350' title='bbox 593 2482 952 2523; x_wconf 76' lang='lat' dir='ltr'>Reipublicae‚publica-</span> 
     </span>
     <span class='ocr_line' id='line_1_51' title="bbox 106 2525 954 2566; baseline -0.004 -9"><span class='ocrx_word' id='word_1_351' title='bbox 106 2536 218 2557; x_wconf 88' lang='lat' dir='ltr'>norum</span> <span class='ocrx_word' id='word_1_352' title='bbox 241 2526 345 2556; x_wconf 88' lang='lat' dir='ltr'>ordine</span> <span class='ocrx_word' id='word_1_353' title='bbox 363 2525 541 2556; x_wconf 82' lang='lat' dir='ltr'>continetur.</span> <span class='ocrx_word' id='word_1_354' title='bbox 583 2528 650 2555; x_wconf 77' lang='lat' dir='ltr'>Dio.</span> <span class='ocrx_word' id='word_1_355' title='bbox 673 2535 702 2565; x_wconf 92' lang='lat' dir='ltr'>p.</span> <span class='ocrx_word' id='word_1_356' title='bbox 725 2525 773 2566; x_wconf 87' lang='lat'>38.</span> <span class='ocrx_word' id='word_1_357' title='bbox 795 2525 954 2559; x_wconf 71' lang='grc' dir='ltr'>τοὺςὶππέας</span> 
     </span>
     <span class='ocr_line' id='line_1_52' title="bbox 107 2566 953 2608; baseline 0 -10"><span class='ocrx_word' id='word_1_358' title='bbox 107 2589 174 2601; x_wconf 75' lang='lat' dir='ltr'>-r—</span> <span class='ocrx_word' id='word_1_359' title='bbox 195 2572 289 2598; x_wconf 70' lang='grc' dir='ltr'><em>πᾶσοιι</em></span> <span class='ocrx_word' id='word_1_360' title='bbox 314 2582 341 2597; x_wconf 80' lang='grc' dir='ltr'>τε</span> <span class='ocrx_word' id='word_1_361' title='bbox 362 2566 410 2606; x_wconf 55' lang='grc' dir='ltr'>’γῖιρ</span> <span class='ocrx_word' id='word_1_362' title='bbox 436 2568 549 2598; x_wconf 65' lang='grc' dir='ltr'><em>τελωνίαν</em></span> <span class='ocrx_word' id='word_1_363' title='bbox 577 2567 604 2597; x_wconf 62' lang='grc' dir='ltr'>δι’</span> <span class='ocrx_word' id='word_1_364' title='bbox 629 2572 708 2596; x_wconf 65' lang='grc' dir='ltr'><em>αὐτῶν</em></span> <span class='ocrx_word' id='word_1_365' title='bbox 732 2568 844 2602; x_wconf 65' lang='grc' dir='ltr'><em>ἐγένοντο.</em></span> <span class='ocrx_word' id='word_1_366' title='bbox 885 2567 953 2608; x_wconf 82' lang='lat' dir='ltr'>Jul.</span> 
     </span>
     <span class='ocr_line' id='line_1_53' title="bbox 105 2609 954 2651; baseline 0.004 -12"><span class='ocrx_word' id='word_1_367' title='bbox 105 2611 186 2651; x_wconf 77' lang='lat' dir='ltr'>Caes</span> <span class='ocrx_word' id='word_1_368' title='bbox 206 2610 236 2641; x_wconf 87' lang='lat' dir='ltr'>B.</span> <span class='ocrx_word' id='word_1_369' title='bbox 259 2609 303 2640; x_wconf 75' lang='lat' dir='ltr'>G.</span> <span class='ocrx_word' id='word_1_370' title='bbox 323 2609 346 2641; x_wconf 91' lang='lat'>1.</span> <span class='ocrx_word' id='word_1_371' title='bbox 372 2610 417 2639; x_wconf 90' lang='lat'>18.</span> <span class='ocrx_word' id='word_1_372' title='bbox 439 2610 685 2650; x_wconf 82' lang='lat' dir='ltr'>[Dumnorigem</span> <span class='ocrx_word' id='word_1_373' title='bbox 714 2609 883 2651; x_wconf 85' lang='lat' dir='ltr'>complures</span> <span class='ocrx_word' id='word_1_374' title='bbox 903 2620 954 2642; x_wconf 89' lang='lat' dir='ltr'>an·</span> 
     </span>
     <span class='ocr_line' id='line_1_54' title="bbox 106 2652 954 2694; baseline -0.001 -11"><span class='ocrx_word' id='word_1_375' title='bbox 106 2663 163 2684; x_wconf 90' lang='lat' dir='ltr'>nos</span> <span class='ocrx_word' id='word_1_376' title='bbox 192 2653 327 2694; x_wconf 67' lang='lat' dir='ltr'>portoria</span> <span class='ocrx_word' id='word_1_377' title='bbox 351 2653 517 2693; x_wconf 86' lang='lat' dir='ltr'>reliquaque</span> <span class='ocrx_word' id='word_1_378' title='bbox 544 2654 648 2683; x_wconf 90' lang='lat' dir='ltr'>omnia</span> <span class='ocrx_word' id='word_1_379' title='bbox 712 2654 839 2683; x_wconf 89' lang='lat' dir='ltr'>duorum</span> <span class='ocrx_word' id='word_1_380' title='bbox 858 2652 954 2683; x_wconf 59' lang='lat' dir='ltr'>vecti-</span> 
     </span>
     <span class='ocr_line' id='line_1_55' title="bbox 106 2695 953 2736; baseline 0.002 -12"><span class='ocrx_word' id='word_1_381' title='bbox 106 2695 180 2736; x_wconf 86' lang='lat' dir='ltr'>galia</span> <span class='ocrx_word' id='word_1_382' title='bbox 196 2705 289 2736; x_wconf 85' lang='lat' dir='ltr'>parvo</span> <span class='ocrx_word' id='word_1_383' title='bbox 307 2695 401 2735; x_wconf 87' lang='lat' dir='ltr'>pretio</span> <span class='ocrx_word' id='word_1_384' title='bbox 418 2695 544 2725; x_wconf 84' lang='lat' dir='ltr'>redemta</span> <span class='ocrx_word' id='word_1_385' title='bbox 558 2695 675 2725; x_wconf 86' lang='lat' dir='ltr'>habere.</span> <span class='ocrx_word' id='word_1_386' title='bbox 714 2695 843 2726; x_wconf 76' lang='lat' dir='ltr'>Sabbath</span> <span class='ocrx_word' id='word_1_387' title='bbox 860 2695 881 2726; x_wconf 93' lang='lat' dir='ltr'>f.</span> <span class='ocrx_word' id='word_1_388' title='bbox 905 2695 953 2735; x_wconf 85' lang='lat'>78.</span> 
     </span>
     <span class='ocr_line' id='line_1_56' title="bbox 107 2737 956 2779; baseline 0 -11"><span class='ocrx_word' id='word_1_389' title='bbox 107 2748 138 2768; x_wconf 78' lang='lat'>2.</span> <span class='ocrx_word' id='word_1_390' title='bbox 160 2737 338 2768; x_wconf 82' lang='lat' dir='ltr'>Publicanus</span> <span class='ocrx_word' id='word_1_391' title='bbox 356 2746 477 2777; x_wconf 86' lang='lat' dir='ltr'>magnus</span> <span class='ocrx_word' id='word_1_392' title='bbox 496 2738 529 2768; x_wconf 71' lang='grc' dir='ltr'>δε</span> <span class='ocrx_word' id='word_1_393' title='bbox 546 2737 721 2778; x_wconf 79' lang='lat' dir='ltr'>publicanus</span> <span class='ocrx_word' id='word_1_394' title='bbox 736 2748 854 2779; x_wconf 79' lang='lat' dir='ltr'>parvuS.</span> <span class='ocrx_word' id='word_1_395' title='bbox 875 2737 956 2768; x_wconf 88' lang='lat' dir='ltr'>Cur-</span> 
     </span>
     <span class='ocr_line' id='line_1_57' title="bbox 108 2778 956 2820; baseline 0.001 -10"><span class='ocrx_word' id='word_1_396' title='bbox 108 2780 188 2810; x_wconf 84' lang='lat' dir='ltr'>sores</span> <span class='ocrx_word' id='word_1_397' title='bbox 216 2779 456 2820; x_wconf 87' lang='lat' dir='ltr'>publicanorum.</span> <span class='ocrx_word' id='word_1_398' title='bbox 499 2778 661 2811; x_wconf 82' lang='lat' dir='ltr'>XXXIX.</span> <span class='ocrx_word' id='word_1_399' title='bbox 690 2791 720 2818; x_wconf 90' lang='lat'>4.</span> <span class='ocrx_word' id='word_1_400' title='bbox 755 2790 779 2810; x_wconf 88' lang='lat'>1.</span> <span class='ocrx_word' id='word_1_401' title='bbox 800 2780 846 2820; x_wconf 85' lang='lat' dir='ltr'>D,</span> <span class='ocrx_word' id='word_1_402' title='bbox 885 2780 956 2812; x_wconf 89' lang='lat' dir='ltr'>Sive</span> 
     </span>
     <span class='ocr_line' id='line_1_58' title="bbox 108 2820 957 2863; baseline 0.001 -10"><span class='ocrx_word' id='word_1_403' title='bbox 108 2824 198 2862; x_wconf 79' lang='lat' dir='ltr'>igitur</span> <span class='ocrx_word' id='word_1_404' title='bbox 217 2821 301 2853; x_wconf 89' lang='lat' dir='ltr'>liberi</span> <span class='ocrx_word' id='word_1_405' title='bbox 317 2822 371 2852; x_wconf 78' lang='lat' dir='ltr'>sint</span> <span class='ocrx_word' id='word_1_406' title='bbox 388 2821 446 2852; x_wconf 84' lang='lat' dir='ltr'>sive</span> <span class='ocrx_word' id='word_1_407' title='bbox 463 2820 537 2853; x_wconf 87' lang='lat' dir='ltr'>servi</span> <span class='ocrx_word' id='word_1_408' title='bbox 553 2823 657 2858; x_wconf 84' lang='lat' dir='ltr'>alieni,</span> <span class='ocrx_word' id='word_1_409' title='bbox 680 2823 731 2862; x_wconf 83' lang='lat' dir='ltr'>qui</span> <span class='ocrx_word' id='word_1_410' title='bbox 747 2822 910 2863; x_wconf 87' lang='lat' dir='ltr'>publicanis</span> <span class='ocrx_word' id='word_1_411' title='bbox 926 2824 957 2854; x_wconf 92' lang='lat' dir='ltr'>in</span> 
     </span>
     <span class='ocr_line' id='line_1_59' title="bbox 109 2864 958 2906; baseline 0.001 -10"><span class='ocrx_word' id='word_1_412' title='bbox 109 2876 148 2896; x_wconf 90' lang='lat' dir='ltr'>eo</span> <span class='ocrx_word' id='word_1_413' title='bbox 167 2864 302 2906; x_wconf 69' lang='lat' dir='ltr'>veffigali</span> <span class='ocrx_word' id='word_1_414' title='bbox 327 2864 492 2894; x_wconf 87' lang='lat' dir='ltr'>ministrant</span> <span class='ocrx_word' id='word_1_415' title='bbox 506 2886 515 2901; x_wconf 82' lang='lat'>,</span> <span class='ocrx_word' id='word_1_416' title='bbox 525 2864 586 2895; x_wconf 87' lang='lat' dir='ltr'>hoc</span> <span class='ocrx_word' id='word_1_417' title='bbox 601 2864 702 2895; x_wconf 67' lang='lat' dir='ltr'>edicto</span> <span class='ocrx_word' id='word_1_418' title='bbox 713 2865 958 2897; x_wconf 88' lang='lat' dir='ltr'>continebuntur.</span> 
     </span>
     <span class='ocr_line' id='line_1_60' title="bbox 115 2905 957 2947; baseline 0 -9"><span class='ocrx_word' id='word_1_419' title='bbox 115 2918 164 2939; x_wconf 80' lang='lat'>12.</span> <span class='ocrx_word' id='word_1_420' title='bbox 187 2907 220 2937; x_wconf 88' lang='lat'>&amp;</span> <span class='ocrx_word' id='word_1_421' title='bbox 247 2908 267 2938; x_wconf 81' lang='lat' dir='ltr'>si</span> <span class='ocrx_word' id='word_1_422' title='bbox 283 2906 379 2937; x_wconf 83' lang='lat' dir='ltr'>homo</span> <span class='ocrx_word' id='word_1_423' title='bbox 394 2906 468 2937; x_wconf 86' lang='lat' dir='ltr'>liber</span> <span class='ocrx_word' id='word_1_424' title='bbox 485 2905 606 2947; x_wconf 82' lang='lat' dir='ltr'>serviat,</span> <span class='ocrx_word' id='word_1_425' title='bbox 625 2907 686 2938; x_wconf 87' lang='lat' dir='ltr'>hoc</span> <span class='ocrx_word' id='word_1_426' title='bbox 702 2907 837 2938; x_wconf 67' lang='lat' dir='ltr'>edietum</span> <span class='ocrx_word' id='word_1_427' title='bbox 852 2907 957 2939; x_wconf 87' lang='lat' dir='ltr'>locum</span> 
     </span>
     <span class='ocr_line' id='line_1_61' title="bbox 110 2948 956 2989; baseline 0.002 -10"><span class='ocrx_word' id='word_1_428' title='bbox 110 2950 199 2980; x_wconf 89' lang='lat' dir='ltr'>habet</span> <span class='ocrx_word' id='word_1_429' title='bbox 225 2969 290 2974; x_wconf 88' lang='lat'>——</span> <span class='ocrx_word' id='word_1_430' title='bbox 315 2956 441 2989; x_wconf 87' lang='lat' dir='ltr'>quantae</span> <span class='ocrx_word' id='word_1_431' title='bbox 470 2948 605 2979; x_wconf 85' lang='lat' dir='ltr'>audaciae</span> <span class='ocrx_word' id='word_1_432' title='bbox 636 2958 760 2989; x_wconf 88' lang='lat' dir='ltr'>quantae</span> <span class='ocrx_word' id='word_1_433' title='bbox 784 2952 956 2981; x_wconf 87' lang='lat' dir='ltr'>temeritatis</span> 
     </span>
     <span class='ocr_line' id='line_1_62' title="bbox 113 2989 955 3033; baseline 0 -10"><span class='ocrx_word' id='word_1_434' title='bbox 113 2992 169 3023; x_wconf 79' lang='lat' dir='ltr'>sint</span> <span class='ocrx_word' id='word_1_435' title='bbox 186 2991 417 3033; x_wconf 88' lang='lat' dir='ltr'>publicanorum</span> <span class='ocrx_word' id='word_1_436' title='bbox 437 2989 600 3030; x_wconf 62' lang='lat' dir='ltr'>faitiones,</span> <span class='ocrx_word' id='word_1_437' title='bbox 620 3001 711 3022; x_wconf 88' lang='lat' dir='ltr'>nemo</span> <span class='ocrx_word' id='word_1_438' title='bbox 726 2992 827 3032; x_wconf 87' lang='lat' dir='ltr'>estqui</span> <span class='ocrx_word' id='word_1_439' title='bbox 838 2993 955 3024; x_wconf 88' lang='lat' dir='ltr'>nesciat.</span> 
     </span>
     <span class='ocr_line' id='line_1_63' title="bbox 112 3032 956 3076; baseline 0 -12"><span class='ocrx_word' id='word_1_440' title='bbox 112 3035 182 3076; x_wconf 71' lang='lat' dir='ltr'>JOfi</span> <span class='ocrx_word' id='word_1_441' title='bbox 207 3033 247 3065; x_wconf 75' lang='grc' dir='ltr'>Α.</span> <span class='ocrx_word' id='word_1_442' title='bbox 275 3032 347 3064; x_wconf 81' lang='grc' dir='ltr'>ΧΠ.</span> <span class='ocrx_word' id='word_1_443' title='bbox 378 3042 460 3074; x_wconf 73' lang='lat'>4.1.</span> <span class='ocrx_word' id='word_1_444' title='bbox 483 3032 529 3066; x_wconf 63' lang='lat' dir='ltr'>‘tiraq</span> <span class='ocrx_word' id='word_1_445' title='bbox 552 3033 616 3067; x_wconf 56' lang='grc' dir='ltr'>ἰδίοις</span> <span class='ocrx_word' id='word_1_446' title='bbox 640 3033 727 3064; x_wconf 65' lang='grc' dir='ltr'>ἕκαςοι</span> <span class='ocrx_word' id='word_1_447' title='bbox 761 3038 806 3064; x_wconf 66' lang='grc' dir='ltr'><em>τᾶν</em></span> <span class='ocrx_word' id='word_1_448' title='bbox 829 3034 956 3072; x_wconf 48' lang='grc' dir='ltr'>ἐπισήμων</span> 
     </span>
     <span class='ocr_line' id='line_1_64' title="bbox 112 3076 957 3116; baseline -0.001 -9"><span class='ocrx_word' id='word_1_449' title='bbox 112 3080 211 3108; x_wconf 69' lang='grc' dir='ltr'><em>ὠνοῦντο</em></span> <span class='ocrx_word' id='word_1_450' title='bbox 233 3076 360 3115; x_wconf 59' lang='grc' dir='ltr'>πατρῖἓσις</span> <span class='ocrx_word' id='word_1_451' title='bbox 385 3081 538 3115; x_wconf 68' lang='grc' dir='ltr'>φορολογεῖν,</span> <span class='ocrx_word' id='word_1_452' title='bbox 561 3078 606 3106; x_wconf 68' lang='grc' dir='ltr'>καὶ</span> <span class='ocrx_word' id='word_1_453' title='bbox 621 3077 812 3116; x_wconf 65' lang='grc' dir='ltr'><em>συνοιθροίξοντις</em></span> <span class='ocrx_word' id='word_1_454' title='bbox 828 3077 856 3106; x_wconf 59' lang='grc' dir='ltr'>τὶ</span> <span class='ocrx_word' id='word_1_455' title='bbox 873 3090 957 3115; x_wconf 72' lang='lat' dir='ltr'>:rpus-t—</span> 
     </span>
     <span class='ocr_line' id='line_1_65' title="bbox 115 3118 956 3159; baseline 0 -11"><span class='ocrx_word' id='word_1_456' title='bbox 115 3118 240 3157; x_wconf 67' lang='grc' dir='ltr'><em>τονγμιένον</em></span> <span class='ocrx_word' id='word_1_457' title='bbox 263 3123 314 3152; x_wconf 74' lang='grc' dir='ltr'>τοῖς</span> <span class='ocrx_word' id='word_1_458' title='bbox 337 3122 489 3153; x_wconf 65' lang='grc' dir='ltr'><em>βασιλεῦσιν</em></span> <span class='ocrx_word' id='word_1_459' title='bbox 505 3118 598 3148; x_wconf 68' lang='grc' dir='ltr'><em>ἔτέλεν.</em></span> <span class='ocrx_word' id='word_1_460' title='bbox 618 3118 651 3149; x_wconf 88' lang='lat'>&amp;</span> <span class='ocrx_word' id='word_1_461' title='bbox 674 3128 702 3159; x_wconf 77' lang='lat'>3.</span> <span class='ocrx_word' id='word_1_462' title='bbox 720 3119 797 3155; x_wconf 65' lang='grc' dir='ltr'>’ἔτυχε</span> <span class='ocrx_word' id='word_1_463' title='bbox 812 3118 837 3148; x_wconf 66' lang='grc' dir='ltr'>δὲ</span> <span class='ocrx_word' id='word_1_464' title='bbox 856 3118 918 3148; x_wconf 74' lang='grc' dir='ltr'>κατ’</span> <span class='ocrx_word' id='word_1_465' title='bbox 933 3123 956 3148; x_wconf 78' lang='grc' dir='ltr'>ἔ-</span> 
     </span>
     <span class='ocr_line' id='line_1_66' title="bbox 112 3161 957 3201; baseline -0.002 -10"><span class='ocrx_word' id='word_1_466' title='bbox 112 3167 181 3193; x_wconf 60' lang='lat' dir='ltr'>nrm</span> <span class='ocrx_word' id='word_1_467' title='bbox 205 3161 244 3192; x_wconf 64' lang='grc' dir='ltr'><em>τὶν</em></span> <span class='ocrx_word' id='word_1_468' title='bbox 260 3162 338 3201; x_wconf 68' lang='grc' dir='ltr'><em>καιφέν</em></span> <span class='ocrx_word' id='word_1_469' title='bbox 354 3166 455 3193; x_wconf 66' lang='grc' dir='ltr'><em>πάντας</em></span> <span class='ocrx_word' id='word_1_470' title='bbox 470 3161 604 3194; x_wconf 65' lang='grc' dir='ltr'><em>ἀναβαίνειν</em></span> <span class='ocrx_word' id='word_1_471' title='bbox 619 3162 674 3194; x_wconf 64' lang='grc' dir='ltr'>τοὺς</span> <span class='ocrx_word' id='word_1_472' title='bbox 689 3164 714 3189; x_wconf 65' lang='grc' dir='ltr'>’ἐκ</span> <span class='ocrx_word' id='word_1_473' title='bbox 736 3163 783 3191; x_wconf 60' lang='lat' dir='ltr'>va,</span> <span class='ocrx_word' id='word_1_474' title='bbox 800 3161 894 3191; x_wconf 66' lang='grc' dir='ltr'><em>πόλεων</em></span> <span class='ocrx_word' id='word_1_475' title='bbox 912 3165 957 3191; x_wconf 68' lang='grc' dir='ltr'>τῶν</span> 
     </span>
    </p>
   </div>
   <div class='ocr_carea' id='block_1_5' title="bbox 1004 212 1814 254">
    <p class='ocr_par' dir='ltr' id='par_1_7' title="bbox 1004 212 1814 254">
     <span class='ocr_line' id='line_1_67' title="bbox 1004 212 1814 254; baseline -0.005 0"><span class='ocrx_word' id='word_1_476' title='bbox 1004 218 1390 254; x_wconf 86' lang='lat' dir='ltr'>EAION</span> <span class='ocrx_word' id='word_1_477' title='bbox 1763 212 1814 254; x_wconf 88' lang='lat' dir='ltr'>V.</span> 
     </span>
    </p>
   </div>
   <div class='ocr_carea' id='block_1_6' title="bbox 722 297 1830 355">
    <p class='ocr_par' dir='ltr' id='par_1_8' title="bbox 722 297 1830 355">
     <span class='ocr_line' id='line_1_68' title="bbox 722 297 1830 355; baseline -0.005 -12"><span class='ocrx_word' id='word_1_478' title='bbox 722 301 804 343; x_wconf 74' lang='grc' dir='ltr'><em>Ἐαὶν</em></span> <span class='ocrx_word' id='word_1_479' title='bbox 832 301 905 355; x_wconf 73' lang='grc' dir='ltr'>’γοὶρ</span> <span class='ocrx_word' id='word_1_480' title='bbox 934 299 1154 350; x_wconf 65' lang='grc' dir='ltr'>αἶγιττῆσητε</span> <span class='ocrx_word' id='word_1_481' title='bbox 1185 297 1262 340; x_wconf 66' lang='grc' dir='ltr'>τοὺς</span> <span class='ocrx_word' id='word_1_482' title='bbox 1291 297 1516 346; x_wconf 66' lang='grc' dir='ltr'>αἶγειττῶντσις</span> <span class='ocrx_word' id='word_1_483' title='bbox 1544 300 1658 352; x_wconf 57' lang='lat' dir='ltr'>ott-25,</span> <span class='ocrx_word' id='word_1_484' title='bbox 1687 299 1741 339; x_wconf 69' lang='lat' dir='ltr'>‘rt&#39;-</span> <span class='ocrx_word' id='word_1_485' title='bbox 1772 303 1830 352; x_wconf 81' lang='lat'>46</span> 
     </span>
    </p>
   </div>
   <div class='ocr_carea' id='block_1_7' title="bbox 1259 369 1748 395">
    <p class='ocr_par' dir='ltr' id='par_1_9' title="bbox 1259 369 1748 395">
     <span class='ocr_line' id='line_1_69' title="bbox 1259 369 1748 395; baseline 0.002 -13"><span class='ocrx_word' id='word_1_486' title='bbox 1259 369 1291 384; x_wconf 71' lang='lat'>0.</span> <span class='ocrx_word' id='word_1_487' title='bbox 1500 375 1504 378; x_wconf 89' lang='lat'>·</span> <span class='ocrx_word' id='word_1_488' title='bbox 1709 373 1748 395; x_wconf 56' lang='grc' dir='ltr'>να</span> 
     </span>
    </p>
   </div>
   <div class='ocr_carea' id='block_1_8' title="bbox 988 564 1847 3235">
    <p class='ocr_par' dir='ltr' id='par_1_10' title="bbox 988 564 1847 3202">
     <span class='ocr_line' id='line_1_70' title="bbox 991 564 1832 606; baseline 0.001 -11"><span class='ocrx_word' id='word_1_489' title='bbox 991 569 1032 599; x_wconf 63' lang='grc' dir='ltr'>τῖς</span> <span class='ocrx_word' id='word_1_490' title='bbox 1051 566 1137 606; x_wconf 53' lang='grc' dir='ltr'>Συρίας</span> <span class='ocrx_word' id='word_1_491' title='bbox 1153 567 1197 596; x_wconf 57' lang='grc' dir='ltr'><em>καί</em></span> <span class='ocrx_word' id='word_1_492' title='bbox 1214 567 1319 604; x_wconf 53' lang='lat' dir='ltr'>doulam</span> <span class='ocrx_word' id='word_1_493' title='bbox 1334 565 1445 606; x_wconf 56' lang='grc' dir='ltr'>κράτους</span> <span class='ocrx_word' id='word_1_494' title='bbox 1461 565 1505 596; x_wconf 58' lang='grc' dir='ltr'>καὶ</span> <span class='ocrx_word' id='word_1_495' title='bbox 1524 564 1646 605; x_wconf 41' lang='lat' dir='ltr'>&amp;fixurae</span> <span class='ocrx_word' id='word_1_496' title='bbox 1657 591 1663 600; x_wconf 85' lang='lat'>‚</span> <span class='ocrx_word' id='word_1_497' title='bbox 1684 567 1723 597; x_wconf 62' lang='lat' dir='ltr'>ixl</span> <span class='ocrx_word' id='word_1_498' title='bbox 1739 565 1832 599; x_wconf 58' lang='lat' dir='ltr'>rive-3·</span> 
     </span>
     <span class='ocr_line' id='line_1_71' title="bbox 994 607 1832 642; baseline 0.001 -4"><span class='ocrx_word' id='word_1_499' title='bbox 994 612 1070 638; x_wconf 63' lang='grc' dir='ltr'><em>τελῶν</em></span> <span class='ocrx_word' id='word_1_500' title='bbox 1093 607 1150 640; x_wconf 50' lang='lat' dir='ltr'>durh.</span> <span class='ocrx_word' id='word_1_501' title='bbox 1172 608 1233 637; x_wconf 68' lang='grc' dir='ltr'>κατ’</span> <span class='ocrx_word' id='word_1_502' title='bbox 1255 608 1310 642; x_wconf 64' lang='grc' dir='ltr'>’ἔτος</span> <span class='ocrx_word' id='word_1_503' title='bbox 1332 609 1357 638; x_wconf 55' lang='grc' dir='ltr'>δῖ</span> <span class='ocrx_word' id='word_1_504' title='bbox 1375 614 1464 639; x_wconf 67' lang='grc' dir='ltr'><em>ταῦτα</em></span> <span class='ocrx_word' id='word_1_505' title='bbox 1482 614 1532 641; x_wconf 70' lang='grc' dir='ltr'>τοῖς</span> <span class='ocrx_word' id='word_1_506' title='bbox 1547 609 1657 642; x_wconf 57' lang='lat' dir='ltr'>humo&amp;</span> <span class='ocrx_word' id='word_1_507' title='bbox 1672 612 1720 638; x_wconf 68' lang='grc' dir='ltr'>τῶν</span> <span class='ocrx_word' id='word_1_508' title='bbox 1736 613 1756 638; x_wconf 76' lang='grc' dir='ltr'><em>ἔν</em></span> <span class='ocrx_word' id='word_1_509' title='bbox 1771 610 1832 640; x_wconf 66' lang='grc' dir='ltr'>ἑκά-</span> 
     </span>
     <span class='ocr_line' id='line_1_72' title="bbox 992 651 1833 692; baseline 0.001 -11"><span class='ocrx_word' id='word_1_510' title='bbox 992 665 1023 692; x_wconf 66' lang='grc' dir='ltr'>ςῃ</span> <span class='ocrx_word' id='word_1_511' title='bbox 1048 652 1121 680; x_wconf 64' lang='grc' dir='ltr'><em>πέλει</em></span> <span class='ocrx_word' id='word_1_512' title='bbox 1143 652 1295 689; x_wconf 67' lang='grc' dir='ltr'><em>ἐπίπρασκεν</em></span> <span class='ocrx_word' id='word_1_513' title='bbox 1317 655 1329 680; x_wconf 81' lang='lat' dir='ltr'>o&#39;</span> <span class='ocrx_word' id='word_1_514' title='bbox 1347 653 1478 686; x_wconf 63' lang='grc' dir='ltr'><em>βασιλεὺς.</em></span> <span class='ocrx_word' id='word_1_515' title='bbox 1501 662 1530 692; x_wconf 92' lang='lat'>4.</span> <span class='ocrx_word' id='word_1_516' title='bbox 1553 653 1657 685; x_wconf 57' lang='grc' dir='ltr'><em>ἐνηέα-ης</em></span> <span class='ocrx_word' id='word_1_517' title='bbox 1672 651 1698 681; x_wconf 57' lang='lat' dir='ltr'>ol}</span> <span class='ocrx_word' id='word_1_518' title='bbox 1715 655 1756 685; x_wconf 73' lang='grc' dir='ltr'>τίἷς</span> <span class='ocrx_word' id='word_1_519' title='bbox 1771 652 1833 690; x_wconf 59' lang='grc' dir='ltr'><em>ἐμά’-</em></span> 
     </span>
     <span class='ocr_line' id='line_1_73' title="bbox 992 693 1834 733; baseline 0.004 -11"><span class='ocrx_word' id='word_1_520' title='bbox 992 707 1048 732; x_wconf 75' lang='grc' dir='ltr'>ροις,</span> <span class='ocrx_word' id='word_1_521' title='bbox 1071 693 1128 722; x_wconf 73' lang='grc' dir='ltr'>καθ’</span> <span class='ocrx_word' id='word_1_522' title='bbox 1148 694 1169 725; x_wconf 56' lang='grc' dir='ltr'>’ἦν</span> <span class='ocrx_word' id='word_1_523' title='bbox 1190 693 1285 732; x_wconf 63' lang='grc' dir='ltr'>’ἔμελλε</span> <span class='ocrx_word' id='word_1_524' title='bbox 1308 693 1344 722; x_wconf 48' lang='grc' dir='ltr'>τά</span> <span class='ocrx_word' id='word_1_525' title='bbox 1368 695 1428 726; x_wconf 77' lang='grc' dir='ltr'>τέλη</span> <span class='ocrx_word' id='word_1_526' title='bbox 1449 694 1646 733; x_wconf 54' lang='grc' dir='ltr'>πιπράσκειν-θαι</span> <span class='ocrx_word' id='word_1_527' title='bbox 1662 697 1707 723; x_wconf 64' lang='grc' dir='ltr'>τῶν</span> <span class='ocrx_word' id='word_1_528' title='bbox 1722 695 1834 730; x_wconf 60' lang='lat' dir='ltr'>arbitron,</span> 
     </span>
     <span class='ocr_line' id='line_1_74' title="bbox 992 735 1834 776; baseline 0.002 -12"><span class='ocrx_word' id='word_1_529' title='bbox 992 736 1107 775; x_wconf 61' lang='grc' dir='ltr'><em>ἦνᾶραζον</em></span> <span class='ocrx_word' id='word_1_530' title='bbox 1123 740 1145 764; x_wconf 74' lang='grc' dir='ltr'>οἱ</span> <span class='ocrx_word' id='word_1_531' title='bbox 1161 741 1211 769; x_wconf 73' lang='grc' dir='ltr'>τοῖς</span> <span class='ocrx_word' id='word_1_532' title='bbox 1226 735 1374 773; x_wconf 64' lang='grc' dir='ltr'><em>ἀξιῶμιιισιν</em></span> <span class='ocrx_word' id='word_1_533' title='bbox 1389 740 1409 765; x_wconf 85' lang='grc' dir='ltr'><em>ἐν</em></span> <span class='ocrx_word' id='word_1_534' title='bbox 1427 741 1483 769; x_wconf 73' lang='grc' dir='ltr'>ταῖς</span> <span class='ocrx_word' id='word_1_535' title='bbox 1498 737 1604 775; x_wconf 63' lang='grc' dir='ltr'>πατρίσι</span> <span class='ocrx_word' id='word_1_536' title='bbox 1623 736 1781 776; x_wconf 54' lang='grc' dir='ltr'>διαφέροντες.</span> <span class='ocrx_word' id='word_1_537' title='bbox 1798 738 1834 769; x_wconf 82' lang='lat' dir='ltr'>In</span> 
     </span>
     <span class='ocr_line' id='line_1_75' title="bbox 991 778 1837 819; baseline 0.005 -12"><span class='ocrx_word' id='word_1_538' title='bbox 991 779 1157 817; x_wconf 73' lang='lat' dir='ltr'>provinciis</span> <span class='ocrx_word' id='word_1_539' title='bbox 1181 789 1254 810; x_wconf 91' lang='lat' dir='ltr'>vero</span> <span class='ocrx_word' id='word_1_540' title='bbox 1273 778 1438 817; x_wconf 81' lang='lat' dir='ltr'>Romanis,</span> <span class='ocrx_word' id='word_1_541' title='bbox 1459 788 1534 819; x_wconf 84' lang='lat' dir='ltr'>quae</span> <span class='ocrx_word' id='word_1_542' title='bbox 1549 788 1696 810; x_wconf 83' lang='lat' dir='ltr'>externam</span> <span class='ocrx_word' id='word_1_543' title='bbox 1716 779 1837 811; x_wconf 87' lang='lat' dir='ltr'>servitu-</span> 
     </span>
     <span class='ocr_line' id='line_1_76' title="bbox 991 819 1835 862; baseline 0.004 -12"><span class='ocrx_word' id='word_1_544' title='bbox 991 828 1051 850; x_wconf 86' lang='lat' dir='ltr'>tem</span> <span class='ocrx_word' id='word_1_545' title='bbox 1068 819 1208 860; x_wconf 80' lang='lat' dir='ltr'>oderant‚</span> <span class='ocrx_word' id='word_1_546' title='bbox 1225 821 1309 851; x_wconf 79' lang='lat' dir='ltr'>invisi</span> <span class='ocrx_word' id='word_1_547' title='bbox 1326 821 1492 852; x_wconf 81' lang='lat' dir='ltr'>&amp;infames</span> <span class='ocrx_word' id='word_1_548' title='bbox 1510 822 1630 852; x_wconf 86' lang='lat' dir='ltr'>erant&amp;</span> <span class='ocrx_word' id='word_1_549' title='bbox 1642 822 1835 862; x_wconf 87' lang='lat' dir='ltr'>publicani&amp;</span> 
     </span>
     <span class='ocr_line' id='line_1_77' title="bbox 995 862 1836 905; baseline 0.002 -12"><span class='ocrx_word' id='word_1_550' title='bbox 995 862 1092 894; x_wconf 86' lang='lat' dir='ltr'>multo</span> <span class='ocrx_word' id='word_1_551' title='bbox 1111 863 1202 904; x_wconf 84' lang='lat' dir='ltr'>magis</span> <span class='ocrx_word' id='word_1_552' title='bbox 1219 873 1324 894; x_wconf 88' lang='lat' dir='ltr'>eorum</span> <span class='ocrx_word' id='word_1_553' title='bbox 1342 863 1512 894; x_wconf 87' lang='lat' dir='ltr'>ministri&amp;</span> <span class='ocrx_word' id='word_1_554' title='bbox 1531 864 1621 905; x_wconf 82' lang='lat' dir='ltr'>socii,</span> <span class='ocrx_word' id='word_1_555' title='bbox 1643 865 1836 896; x_wconf 59' lang='lat' dir='ltr'>eit-«titionum</span> 
     </span>
     <span class='ocr_line' id='line_1_78' title="bbox 994 906 1839 946; baseline 0.004 -11"><span class='ocrx_word' id='word_1_556' title='bbox 994 906 1157 945; x_wconf 58' lang='lat' dir='ltr'>ememtes,</span> <span class='ocrx_word' id='word_1_557' title='bbox 1169 916 1243 946; x_wconf 83' lang='lat' dir='ltr'>quos</span> <span class='ocrx_word' id='word_1_558' title='bbox 1252 906 1424 946; x_wconf 66' lang='lat' dir='ltr'>Augustinus</span> <span class='ocrx_word' id='word_1_559' title='bbox 1434 906 1472 937; x_wconf 93' lang='lat' dir='ltr'>C.</span> <span class='ocrx_word' id='word_1_560' title='bbox 1485 906 1553 938; x_wconf 84' lang='lat' dir='ltr'>D.V</span> <span class='ocrx_word' id='word_1_561' title='bbox 1559 907 1839 946; x_wconf 77' lang='lat' dir='ltr'>lI.4.minutulari08</span> 
     </span>
     <span class='ocr_line' id='line_1_79' title="bbox 993 948 1839 989; baseline 0.002 -10"><span class='ocrx_word' id='word_1_562' title='bbox 993 949 1184 989; x_wconf 69' lang='lat' dir='ltr'>vectigalium</span> <span class='ocrx_word' id='word_1_563' title='bbox 1203 948 1401 979; x_wconf 65' lang='lat' dir='ltr'>conduc&#39;tores</span> <span class='ocrx_word' id='word_1_564' title='bbox 1420 957 1509 979; x_wconf 86' lang='lat' dir='ltr'>vocat</span> <span class='ocrx_word' id='word_1_565' title='bbox 1520 973 1530 989; x_wconf 70' lang='lat'>³</span> <span class='ocrx_word' id='word_1_566' title='bbox 1551 950 1602 989; x_wconf 87' lang='lat' dir='ltr'>qui</span> <span class='ocrx_word' id='word_1_567' title='bbox 1618 949 1723 980; x_wconf 86' lang='lat' dir='ltr'>acerbe</span> <span class='ocrx_word' id='word_1_568' title='bbox 1739 951 1772 981; x_wconf 93' lang='lat'>&amp;</span> <span class='ocrx_word' id='word_1_569' title='bbox 1783 960 1839 981; x_wconf 88' lang='lat' dir='ltr'>cu-</span> 
     </span>
     <span class='ocr_line' id='line_1_80' title="bbox 994 991 1838 1032; baseline 0.004 -11"><span class='ocrx_word' id='word_1_570' title='bbox 994 991 1061 1031; x_wconf 86' lang='lat' dir='ltr'>pide</span> <span class='ocrx_word' id='word_1_571' title='bbox 1083 991 1236 1032; x_wconf 71' lang='lat' dir='ltr'>vetfiigalia</span> <span class='ocrx_word' id='word_1_572' title='bbox 1261 992 1374 1032; x_wconf 82' lang='lat' dir='ltr'>exigere</span> <span class='ocrx_word' id='word_1_573' title='bbox 1397 991 1545 1030; x_wconf 87' lang='lat' dir='ltr'>solebant,</span> <span class='ocrx_word' id='word_1_574' title='bbox 1566 991 1643 1022; x_wconf 89' lang='lat' dir='ltr'>unde</span> <span class='ocrx_word' id='word_1_575' title='bbox 1661 1002 1838 1032; x_wconf 83' lang='lat' dir='ltr'>perpetuum</span> 
     </span>
     <span class='ocr_line' id='line_1_81' title="bbox 990 1033 1842 1066; baseline 0.002 -2"><span class='ocrx_word' id='word_1_576' title='bbox 990 1034 1066 1064; x_wconf 82' lang='lat' dir='ltr'>inter</span> <span class='ocrx_word' id='word_1_577' title='bbox 1083 1043 1262 1064; x_wconf 82' lang='lat' dir='ltr'>mercatores</span> <span class='ocrx_word' id='word_1_578' title='bbox 1282 1034 1315 1064; x_wconf 61' lang='grc' dir='ltr'>δὲ</span> <span class='ocrx_word' id='word_1_579' title='bbox 1334 1033 1483 1064; x_wconf 64' lang='lat' dir='ltr'>exactores</span> <span class='ocrx_word' id='word_1_580' title='bbox 1498 1033 1620 1065; x_wconf 88' lang='lat' dir='ltr'>bellum.</span> <span class='ocrx_word' id='word_1_581' title='bbox 1642 1034 1769 1066; x_wconf 80' lang='lat' dir='ltr'>Macrob.</span> <span class='ocrx_word' id='word_1_582' title='bbox 1787 1035 1842 1066; x_wconf 86' lang='lat' dir='ltr'>Sa-</span> 
     </span>
     <span class='ocr_line' id='line_1_82' title="bbox 991 1076 1840 1117; baseline 0.004 -11"><span class='ocrx_word' id='word_1_583' title='bbox 991 1084 1070 1106; x_wconf 88' lang='lat' dir='ltr'>turn.</span> <span class='ocrx_word' id='word_1_584' title='bbox 1096 1076 1119 1108; x_wconf 92' lang='lat' dir='ltr'>I.</span> <span class='ocrx_word' id='word_1_585' title='bbox 1147 1086 1193 1116; x_wconf 87' lang='lat'>14.</span> <span class='ocrx_word' id='word_1_586' title='bbox 1216 1076 1448 1116; x_wconf 87' lang='lat' dir='ltr'>Nonnunquam</span> <span class='ocrx_word' id='word_1_587' title='bbox 1459 1086 1531 1107; x_wconf 87' lang='lat' dir='ltr'>vero</span> <span class='ocrx_word' id='word_1_588' title='bbox 1549 1086 1599 1117; x_wconf 90' lang='lat' dir='ltr'>per</span> <span class='ocrx_word' id='word_1_589' title='bbox 1616 1077 1738 1117; x_wconf 86' lang='lat' dir='ltr'>gratiam</span> <span class='ocrx_word' id='word_1_590' title='bbox 1747 1077 1840 1109; x_wconf 86' lang='lat' dir='ltr'>sacer·</span> 
     </span>
     <span class='ocr_line' id='line_1_83' title="bbox 988 1117 1840 1160; baseline 0.005 -12"><span class='ocrx_word' id='word_1_591' title='bbox 988 1117 1095 1149; x_wconf 85' lang='lat' dir='ltr'>dotum</span> <span class='ocrx_word' id='word_1_592' title='bbox 1109 1121 1177 1159; x_wconf 89' lang='lat' dir='ltr'>,qui</span> <span class='ocrx_word' id='word_1_593' title='bbox 1187 1119 1349 1160; x_wconf 83' lang='lat' dir='ltr'>publicanis</span> <span class='ocrx_word' id='word_1_594' title='bbox 1365 1119 1412 1151; x_wconf 84' lang='lat' dir='ltr'>vel</span> <span class='ocrx_word' id='word_1_595' title='bbox 1429 1120 1553 1159; x_wconf 89' lang='lat' dir='ltr'>proferri</span> <span class='ocrx_word' id='word_1_596' title='bbox 1563 1119 1607 1149; x_wconf 87' lang='lat' dir='ltr'>vel</span> <span class='ocrx_word' id='word_1_597' title='bbox 1616 1120 1756 1150; x_wconf 87' lang='lat' dir='ltr'>imminui</span> <span class='ocrx_word' id='word_1_598' title='bbox 1764 1129 1840 1152; x_wconf 90' lang='lat' dir='ltr'>con-</span> 
     </span>
     <span class='ocr_line' id='line_1_84' title="bbox 990 1160 1839 1200; baseline 0.004 -10"><span class='ocrx_word' id='word_1_599' title='bbox 990 1160 1065 1192; x_wconf 90' lang='lat' dir='ltr'>sulto</span> <span class='ocrx_word' id='word_1_600' title='bbox 1082 1163 1150 1192; x_wconf 89' lang='lat' dir='ltr'>anni</span> <span class='ocrx_word' id='word_1_601' title='bbox 1166 1161 1226 1192; x_wconf 89' lang='lat' dir='ltr'>dies</span> <span class='ocrx_word' id='word_1_602' title='bbox 1243 1162 1400 1200; x_wconf 87' lang='lat' dir='ltr'>volebant,</span> <span class='ocrx_word' id='word_1_603' title='bbox 1423 1161 1516 1192; x_wconf 82' lang='lat' dir='ltr'>modo</span> <span class='ocrx_word' id='word_1_604' title='bbox 1532 1162 1633 1192; x_wconf 57' lang='lat' dir='ltr'>attilio</span> <span class='ocrx_word' id='word_1_605' title='bbox 1647 1163 1839 1194; x_wconf 86' lang='lat' dir='ltr'>modoretra-</span> 
     </span>
     <span class='ocr_line' id='line_1_85' title="bbox 993 1203 1838 1245; baseline 0.004 -11"><span class='ocrx_word' id='word_1_606' title='bbox 993 1204 1056 1234; x_wconf 63' lang='lat' dir='ltr'>clio</span> <span class='ocrx_word' id='word_1_607' title='bbox 1071 1203 1185 1234; x_wconf 89' lang='lat' dir='ltr'>dierum</span> <span class='ocrx_word' id='word_1_608' title='bbox 1197 1204 1400 1245; x_wconf 73' lang='lat' dir='ltr'>proveniebat.</span> <span class='ocrx_word' id='word_1_609' title='bbox 1422 1203 1551 1245; x_wconf 70' lang='lat' dir='ltr'>Qintil.</span> <span class='ocrx_word' id='word_1_610' title='bbox 1565 1203 1838 1237; x_wconf 81' lang='lat' dir='ltr'>Decl.CCCXL1.</span> 
     </span>
     <span class='ocr_line' id='line_1_86' title="bbox 992 1245 1839 1288; baseline 0.004 -12"><span class='ocrx_word' id='word_1_611' title='bbox 992 1245 1087 1282; x_wconf 90' lang='lat' dir='ltr'>Quod</span> <span class='ocrx_word' id='word_1_612' title='bbox 1105 1248 1169 1286; x_wconf 89' lang='lat' dir='ltr'>quis</span> <span class='ocrx_word' id='word_1_613' title='bbox 1184 1257 1236 1287; x_wconf 88' lang='lat' dir='ltr'>per</span> <span class='ocrx_word' id='word_1_614' title='bbox 1246 1246 1421 1287; x_wconf 84' lang='lat' dir='ltr'>publicanos</span> <span class='ocrx_word' id='word_1_615' title='bbox 1433 1245 1639 1287; x_wconf 71' lang='lat' dir='ltr'>improfessum</span> <span class='ocrx_word' id='word_1_616' title='bbox 1650 1247 1839 1288; x_wconf 87' lang='lat' dir='ltr'>transtulerit,</span> 
     </span>
     <span class='ocr_line' id='line_1_87' title="bbox 991 1288 1837 1322; baseline 0.004 -4"><span class='ocrx_word' id='word_1_617' title='bbox 991 1289 1185 1319; x_wconf 73' lang='lat' dir='ltr'>commistum</span> <span class='ocrx_word' id='word_1_618' title='bbox 1194 1289 1236 1320; x_wconf 83' lang='lat' dir='ltr'>sit.</span> <span class='ocrx_word' id='word_1_619' title='bbox 1261 1288 1351 1320; x_wconf 83' lang='lat' dir='ltr'>CCC</span> <span class='ocrx_word' id='word_1_620' title='bbox 1358 1288 1443 1319; x_wconf 81' lang='lat' dir='ltr'>LIX.</span> <span class='ocrx_word' id='word_1_621' title='bbox 1461 1289 1577 1319; x_wconf 82' lang='lat' dir='ltr'>Praeter</span> <span class='ocrx_word' id='word_1_622' title='bbox 1587 1288 1781 1321; x_wconf 89' lang='lat' dir='ltr'>instrumenta</span> <span class='ocrx_word' id='word_1_623' title='bbox 1790 1291 1837 1322; x_wconf 89' lang='lat' dir='ltr'>iti-</span> 
     </span>
     <span class='ocr_line' id='line_1_88' title="bbox 989 1330 1838 1374; baseline 0.004 -14"><span class='ocrx_word' id='word_1_624' title='bbox 989 1333 1064 1361; x_wconf 86' lang='lat' dir='ltr'>neris</span> <span class='ocrx_word' id='word_1_625' title='bbox 1074 1342 1180 1362; x_wconf 87' lang='lat' dir='ltr'>omnes</span> <span class='ocrx_word' id='word_1_626' title='bbox 1201 1342 1244 1362; x_wconf 87' lang='lat' dir='ltr'>res</span> <span class='ocrx_word' id='word_1_627' title='bbox 1262 1330 1509 1372; x_wconf 77' lang='lat' dir='ltr'>quadragesimam</span> <span class='ocrx_word' id='word_1_628' title='bbox 1519 1331 1680 1372; x_wconf 79' lang='lat' dir='ltr'>publicano</span> <span class='ocrx_word' id='word_1_629' title='bbox 1698 1332 1838 1374; x_wconf 72' lang='lat' dir='ltr'>debeant3</span> 
     </span>
     <span class='ocr_line' id='line_1_89' title="bbox 990 1374 1837 1414; baseline 0.005 -11"><span class='ocrx_word' id='word_1_630' title='bbox 990 1374 1150 1414; x_wconf 88' lang='lat' dir='ltr'>publicano</span> <span class='ocrx_word' id='word_1_631' title='bbox 1169 1374 1288 1405; x_wconf 83' lang='lat' dir='ltr'>scrutari</span> <span class='ocrx_word' id='word_1_632' title='bbox 1303 1374 1408 1413; x_wconf 75' lang='lat' dir='ltr'>liceat3</span> <span class='ocrx_word' id='word_1_633' title='bbox 1436 1374 1516 1413; x_wconf 85' lang='lat' dir='ltr'>quod</span> <span class='ocrx_word' id='word_1_634' title='bbox 1534 1374 1598 1414; x_wconf 86' lang='lat' dir='ltr'>quis</span> <span class='ocrx_word' id='word_1_635' title='bbox 1615 1374 1756 1414; x_wconf 83' lang='lat' dir='ltr'>professus</span> <span class='ocrx_word' id='word_1_636' title='bbox 1772 1385 1837 1407; x_wconf 81' lang='lat' dir='ltr'>non</span> 
     </span>
     <span class='ocr_line' id='line_1_90' title="bbox 992 1415 1838 1458; baseline 0.005 -13"><span class='ocrx_word' id='word_1_637' title='bbox 992 1415 1080 1446; x_wconf 88' lang='lat' dir='ltr'>fuerit</span> <span class='ocrx_word' id='word_1_638' title='bbox 1091 1439 1101 1454; x_wconf 87' lang='lat'>,</span> <span class='ocrx_word' id='word_1_639' title='bbox 1111 1416 1221 1457; x_wconf 85' lang='lat' dir='ltr'>perdat.</span> <span class='ocrx_word' id='word_1_640' title='bbox 1234 1415 1400 1448; x_wconf 73' lang='lat' dir='ltr'>CCCXL.</span> <span class='ocrx_word' id='word_1_641' title='bbox 1424 1417 1539 1457; x_wconf 81' lang='lat' dir='ltr'>Mango</span> <span class='ocrx_word' id='word_1_642' title='bbox 1548 1417 1698 1447; x_wconf 86' lang='lat' dir='ltr'>novitium</span> <span class='ocrx_word' id='word_1_643' title='bbox 1710 1419 1838 1458; x_wconf 72' lang='lat' dir='ltr'>puerum‘</span> 
     </span>
     <span class='ocr_line' id='line_1_91' title="bbox 990 1459 1838 1499; baseline 0.005 -11"><span class='ocrx_word' id='word_1_644' title='bbox 990 1468 1041 1499; x_wconf 91' lang='lat' dir='ltr'>per</span> <span class='ocrx_word' id='word_1_645' title='bbox 1057 1460 1231 1499; x_wconf 89' lang='lat' dir='ltr'>publicanos</span> <span class='ocrx_word' id='word_1_646' title='bbox 1247 1460 1360 1499; x_wconf 83' lang='lat' dir='ltr'>trajecit</span> <span class='ocrx_word' id='word_1_647' title='bbox 1378 1468 1598 1499; x_wconf 63' lang='lat' dir='ltr'>praetextatum.</span> <span class='ocrx_word' id='word_1_648' title='bbox 1621 1462 1686 1490; x_wconf 75' lang='lat' dir='ltr'>Suet</span> <span class='ocrx_word' id='word_1_649' title='bbox 1706 1459 1742 1490; x_wconf 93' lang='lat' dir='ltr'>de</span> <span class='ocrx_word' id='word_1_650' title='bbox 1753 1459 1838 1492; x_wconf 83' lang='lat' dir='ltr'>Rhe-</span> 
     </span>
     <span class='ocr_line' id='line_1_92' title="bbox 991 1500 1838 1542; baseline 0.004 -11"><span class='ocrx_word' id='word_1_651' title='bbox 991 1509 1049 1532; x_wconf 82' lang='lat' dir='ltr'>tor.</span> <span class='ocrx_word' id='word_1_652' title='bbox 1078 1512 1104 1535; x_wconf 89' lang='lat'>1.</span> <span class='ocrx_word' id='word_1_653' title='bbox 1123 1501 1262 1533; x_wconf 83' lang='lat' dir='ltr'>Venalitii</span> <span class='ocrx_word' id='word_1_654' title='bbox 1292 1511 1362 1532; x_wconf 89' lang='lat' dir='ltr'>cum</span> <span class='ocrx_word' id='word_1_655' title='bbox 1382 1500 1532 1532; x_wconf 80' lang='lat' dir='ltr'>Brundusii</span> <span class='ocrx_word' id='word_1_656' title='bbox 1550 1511 1670 1542; x_wconf 82' lang='lat' dir='ltr'>gregem</span> <span class='ocrx_word' id='word_1_657' title='bbox 1688 1502 1838 1534; x_wconf 82' lang='lat' dir='ltr'>venalium</span> 
     </span>
     <span class='ocr_line' id='line_1_93' title="bbox 991 1543 1839 1586; baseline 0.005 -13"><span class='ocrx_word' id='word_1_658' title='bbox 991 1553 1007 1573; x_wconf 90' lang='lat' dir='ltr'>e</span> <span class='ocrx_word' id='word_1_659' title='bbox 1024 1544 1094 1575; x_wconf 86' lang='lat' dir='ltr'>navi</span> <span class='ocrx_word' id='word_1_660' title='bbox 1108 1543 1284 1582; x_wconf 86' lang='lat' dir='ltr'>educerent,</span> <span class='ocrx_word' id='word_1_661' title='bbox 1306 1543 1439 1574; x_wconf 83' lang='lat' dir='ltr'>formoso</span> <span class='ocrx_word' id='word_1_662' title='bbox 1453 1544 1484 1574; x_wconf 85' lang='lat'>&amp;</span> <span class='ocrx_word' id='word_1_663' title='bbox 1495 1544 1622 1584; x_wconf 80' lang='lat' dir='ltr'>pretioso</span> <span class='ocrx_word' id='word_1_664' title='bbox 1632 1554 1743 1585; x_wconf 77' lang='lat' dir='ltr'>puero,</span> <span class='ocrx_word' id='word_1_665' title='bbox 1753 1545 1839 1586; x_wconf 88' lang='lat' dir='ltr'>quod</span> 
     </span>
     <span class='ocr_line' id='line_1_94' title="bbox 992 1586 1838 1628; baseline 0.004 -11"><span class='ocrx_word' id='word_1_666' title='bbox 992 1588 1153 1626; x_wconf 76' lang='lat' dir='ltr'>portitores</span> <span class='ocrx_word' id='word_1_667' title='bbox 1177 1587 1371 1627; x_wconf 81' lang='lat' dir='ltr'>verebantur,</span> <span class='ocrx_word' id='word_1_668' title='bbox 1392 1586 1503 1618; x_wconf 85' lang='lat' dir='ltr'>bullam</span> <span class='ocrx_word' id='word_1_669' title='bbox 1522 1588 1554 1618; x_wconf 74' lang='lat' dir='ltr'>«St</span> <span class='ocrx_word' id='word_1_670' title='bbox 1573 1596 1751 1628; x_wconf 59' lang='lat' dir='ltr'>praemittam</span> <span class='ocrx_word' id='word_1_671' title='bbox 1768 1588 1838 1621; x_wconf 88' lang='lat' dir='ltr'>lon-</span> 
     </span>
     <span class='ocr_line' id='line_1_95' title="bbox 991 1628 1840 1674; baseline 0.004 -16"><span class='ocrx_word' id='word_1_672' title='bbox 991 1637 1061 1667; x_wconf 85' lang='lat' dir='ltr'>gam</span> <span class='ocrx_word' id='word_1_673' title='bbox 1086 1628 1260 1669; x_wconf 90' lang='lat' dir='ltr'>imposuere.</span> <span class='ocrx_word' id='word_1_674' title='bbox 1306 1628 1406 1659; x_wconf 72' lang='lat' dir='ltr'>Plaut.</span> <span class='ocrx_word' id='word_1_675' title='bbox 1439 1628 1626 1660; x_wconf 87' lang='lat' dir='ltr'>Trinummo</span> <span class='ocrx_word' id='word_1_676' title='bbox 1655 1629 1708 1661; x_wconf 87' lang='lat'>111.</span> <span class='ocrx_word' id='word_1_677' title='bbox 1733 1640 1762 1672; x_wconf 86' lang='lat'>3.</span> <span class='ocrx_word' id='word_1_678' title='bbox 1784 1632 1840 1674; x_wconf 64' lang='lat'>64.</span> 
     </span>
     <span class='ocr_line' id='line_1_96' title="bbox 993 1670 1836 1715; baseline 0.005 -15"><span class='ocrx_word' id='word_1_679' title='bbox 993 1670 1025 1701; x_wconf 90' lang='lat' dir='ltr'>Si</span> <span class='ocrx_word' id='word_1_680' title='bbox 1048 1670 1212 1711; x_wconf 83' lang='lat' dir='ltr'>obfignatas</span> <span class='ocrx_word' id='word_1_681' title='bbox 1239 1681 1304 1702; x_wconf 89' lang='lat' dir='ltr'>non</span> <span class='ocrx_word' id='word_1_682' title='bbox 1328 1671 1401 1702; x_wconf 82' lang='lat' dir='ltr'>feret</span> <span class='ocrx_word' id='word_1_683' title='bbox 1417 1695 1427 1712; x_wconf 85' lang='lat'>‚</span> <span class='ocrx_word' id='word_1_684' title='bbox 1448 1672 1509 1702; x_wconf 89' lang='lat' dir='ltr'>dici</span> <span class='ocrx_word' id='word_1_685' title='bbox 1531 1671 1591 1703; x_wconf 88' lang='lat' dir='ltr'>hoc</span> <span class='ocrx_word' id='word_1_686' title='bbox 1618 1673 1737 1712; x_wconf 87' lang='lat' dir='ltr'>potest,</span> <span class='ocrx_word' id='word_1_687' title='bbox 1757 1673 1836 1715; x_wconf 87' lang='lat' dir='ltr'>apud</span> 
     </span>
     <span class='ocr_line' id='line_1_97' title="bbox 994 1713 1839 1757; baseline 0.004 -14"><span class='ocrx_word' id='word_1_688' title='bbox 994 1714 1171 1753; x_wconf 85' lang='lat' dir='ltr'>portitorem</span> <span class='ocrx_word' id='word_1_689' title='bbox 1187 1723 1232 1744; x_wconf 87' lang='lat' dir='ltr'>eas</span> <span class='ocrx_word' id='word_1_690' title='bbox 1248 1713 1399 1754; x_wconf 81' lang='lat' dir='ltr'>resignatas</span> <span class='ocrx_word' id='word_1_691' title='bbox 1411 1723 1497 1754; x_wconf 86' lang='lat' dir='ltr'>atque</span> <span class='ocrx_word' id='word_1_692' title='bbox 1513 1714 1656 1755; x_wconf 68' lang='lat' dir='ltr'>inspectas</span> <span class='ocrx_word' id='word_1_693' title='bbox 1670 1714 1736 1746; x_wconf 82' lang='lat' dir='ltr'>effe.</span> <span class='ocrx_word' id='word_1_694' title='bbox 1758 1725 1790 1756; x_wconf 83' lang='lat'>4.</span> <span class='ocrx_word' id='word_1_695' title='bbox 1805 1725 1839 1757; x_wconf 79' lang='lat'>4.</span> 
     </span>
     <span class='ocr_line' id='line_1_98' title="bbox 994 1755 1838 1798; baseline 0.004 -12"><span class='ocrx_word' id='word_1_696' title='bbox 994 1755 1092 1786; x_wconf 88' lang='lat' dir='ltr'>Curre</span> <span class='ocrx_word' id='word_1_697' title='bbox 1120 1756 1151 1785; x_wconf 92' lang='lat' dir='ltr'>in</span> <span class='ocrx_word' id='word_1_698' title='bbox 1175 1755 1311 1787; x_wconf 87' lang='lat' dir='ltr'>Piraeum</span> <span class='ocrx_word' id='word_1_699' title='bbox 1339 1775 1405 1781; x_wconf 84' lang='lat'>—-</span> <span class='ocrx_word' id='word_1_700' title='bbox 1431 1756 1545 1787; x_wconf 89' lang='lat' dir='ltr'>videbis</span> <span class='ocrx_word' id='word_1_701' title='bbox 1563 1759 1629 1798; x_wconf 86' lang='lat' dir='ltr'>jam</span> <span class='ocrx_word' id='word_1_702' title='bbox 1646 1767 1755 1789; x_wconf 88' lang='lat' dir='ltr'>navem</span> <span class='ocrx_word' id='word_1_703' title='bbox 1769 1777 1838 1785; x_wconf 83' lang='lat'>--</span> 
     </span>
     <span class='ocr_line' id='line_1_99' title="bbox 989 1796 1839 1841; baseline 0.006 -13"><span class='ocrx_word' id='word_1_704' title='bbox 989 1796 1095 1835; x_wconf 84' lang='lat' dir='ltr'>jubeto</span> <span class='ocrx_word' id='word_1_705' title='bbox 1113 1798 1343 1840; x_wconf 87' lang='lat' dir='ltr'>Sangarionem,</span> <span class='ocrx_word' id='word_1_706' title='bbox 1364 1808 1438 1839; x_wconf 88' lang='lat' dir='ltr'>quae</span> <span class='ocrx_word' id='word_1_707' title='bbox 1452 1799 1615 1841; x_wconf 88' lang='lat' dir='ltr'>imperavi,</span> <span class='ocrx_word' id='word_1_708' title='bbox 1636 1811 1738 1833; x_wconf 88' lang='lat' dir='ltr'>curare</span> <span class='ocrx_word' id='word_1_709' title='bbox 1753 1801 1839 1833; x_wconf 86' lang='lat' dir='ltr'>utef-</span> 
     </span>
     <span class='ocr_line' id='line_1_100' title="bbox 993 1841 1841 1886; baseline 0.007 -16"><span class='ocrx_word' id='word_1_710' title='bbox 993 1841 1121 1872; x_wconf 80' lang='lat' dir='ltr'>ferantur</span> <span class='ocrx_word' id='word_1_711' title='bbox 1136 1860 1201 1866; x_wconf 56' lang='grc'>»-</span> <span class='ocrx_word' id='word_1_712' title='bbox 1219 1842 1361 1873; x_wconf 86' lang='lat' dir='ltr'>Solutum</span> <span class='ocrx_word' id='word_1_713' title='bbox 1377 1841 1411 1872; x_wconf 90' lang='lat' dir='ltr'>&#39;st</span> <span class='ocrx_word' id='word_1_714' title='bbox 1427 1843 1566 1882; x_wconf 89' lang='lat' dir='ltr'>portitori</span> <span class='ocrx_word' id='word_1_715' title='bbox 1583 1845 1647 1884; x_wconf 88' lang='lat' dir='ltr'>jam</span> <span class='ocrx_word' id='word_1_716' title='bbox 1656 1845 1841 1886; x_wconf 85' lang='lat' dir='ltr'>portorium.&#39;</span> 
     </span>
     <span class='ocr_line' id='line_1_101' title="bbox 995 1882 1838 1927; baseline 0.005 -14"><span class='ocrx_word' id='word_1_717' title='bbox 995 1882 1073 1915; x_wconf 82' lang='lat' dir='ltr'>Plut.</span> <span class='ocrx_word' id='word_1_718' title='bbox 1093 1883 1130 1915; x_wconf 82' lang='lat' dir='ltr'>de</span> <span class='ocrx_word' id='word_1_719' title='bbox 1145 1883 1262 1917; x_wconf 76' lang='lat' dir='ltr'>Curios.</span> <span class='ocrx_word' id='word_1_720' title='bbox 1284 1893 1313 1925; x_wconf 87' lang='lat' dir='ltr'>p.</span> <span class='ocrx_word' id='word_1_721' title='bbox 1336 1883 1406 1924; x_wconf 78' lang='lat'>518.</span> <span class='ocrx_word' id='word_1_722' title='bbox 1428 1884 1464 1916; x_wconf 85' lang='lat' dir='ltr'>E.</span> <span class='ocrx_word' id='word_1_723' title='bbox 1487 1886 1543 1920; x_wconf 69' lang='grc' dir='ltr'>τοὺς</span> <span class='ocrx_word' id='word_1_724' title='bbox 1558 1885 1666 1921; x_wconf 61' lang='grc' dir='ltr'><em>τελώναις</em></span> <span class='ocrx_word' id='word_1_725' title='bbox 1681 1887 1838 1927; x_wconf 59' lang='grc' dir='ltr'>βαρυνόμεθα,</span> 
     </span>
     <span class='ocr_line' id='line_1_102' title="bbox 994 1926 1838 1969; baseline 0.006 -14"><span class='ocrx_word' id='word_1_726' title='bbox 994 1926 1040 1956; x_wconf 61' lang='grc' dir='ltr'>καὶ</span> <span class='ocrx_word' id='word_1_727' title='bbox 1063 1926 1268 1966; x_wconf 52' lang='grc' dir='ltr'><em>ἓντχεραῖνομιεν,</em></span> <span class='ocrx_word' id='word_1_728' title='bbox 1291 1927 1348 1964; x_wconf 77' lang='grc' dir='ltr'><strong><em>οὐχ’</em></strong></span> <span class='ocrx_word' id='word_1_729' title='bbox 1373 1926 1432 1957; x_wconf 66' lang='grc' dir='ltr'><em>ἕταν</em></span> <span class='ocrx_word' id='word_1_730' title='bbox 1457 1926 1493 1958; x_wconf 58' lang='grc' dir='ltr'>τὶι</span> <span class='ocrx_word' id='word_1_731' title='bbox 1516 1932 1618 1967; x_wconf 70' lang='grc' dir='ltr'><em>ε’μιφοινῗί</em></span> <span class='ocrx_word' id='word_1_732' title='bbox 1633 1933 1680 1959; x_wconf 68' lang='grc' dir='ltr'>τῧν</span> <span class='ocrx_word' id='word_1_733' title='bbox 1695 1929 1838 1969; x_wconf 55' lang='lat' dir='ltr'>esu-mapa}-</span> 
     </span>
     <span class='ocr_line' id='line_1_103' title="bbox 993 1967 1837 2012; baseline 0.005 -14"><span class='ocrx_word' id='word_1_734' title='bbox 993 1982 1033 1998; x_wconf 80' lang='grc' dir='ltr'>νων</span> <span class='ocrx_word' id='word_1_735' title='bbox 1054 1969 1191 2004; x_wconf 67' lang='grc' dir='ltr'><em>ἐκλέγωσιν</em></span> <span class='ocrx_word' id='word_1_736' title='bbox 1200 1992 1207 2003; x_wconf 78' lang='grc'>,</span> <span class='ocrx_word' id='word_1_737' title='bbox 1216 1969 1281 1999; x_wconf 59' lang='grc' dir='ltr'>ἄλλ’</span> <span class='ocrx_word' id='word_1_738' title='bbox 1294 1967 1355 2000; x_wconf 44' lang='grc' dir='ltr'>ζσίν-σιν</span> <span class='ocrx_word' id='word_1_739' title='bbox 1372 1969 1409 2000; x_wconf 49' lang='lat' dir='ltr'>Tic</span> <span class='ocrx_word' id='word_1_740' title='bbox 1424 1971 1582 2011; x_wconf 61' lang='grc' dir='ltr'>κεκρυμμένοι</span> <span class='ocrx_word' id='word_1_741' title='bbox 1592 1973 1718 2012; x_wconf 63' lang='grc' dir='ltr'><em>ζητοῦντες</em></span> <span class='ocrx_word' id='word_1_742' title='bbox 1726 1976 1746 2002; x_wconf 77' lang='grc' dir='ltr'><em>ἓν</em></span> <span class='ocrx_word' id='word_1_743' title='bbox 1753 1974 1837 2002; x_wconf 62' lang='grc' dir='ltr'><em>ἁλλο-</em></span> 
     </span>
     <span class='ocr_line' id='line_1_104' title="bbox 994 2010 1834 2054; baseline 0.006 -14"><span class='ocrx_word' id='word_1_744' title='bbox 994 2011 1067 2050; x_wconf 67' lang='grc' dir='ltr'>τμόις</span> <span class='ocrx_word' id='word_1_745' title='bbox 1090 2015 1193 2041; x_wconf 70' lang='grc' dir='ltr'><em>σκιόειν-ι</em></span> <span class='ocrx_word' id='word_1_746' title='bbox 1218 2012 1263 2043; x_wconf 63' lang='grc' dir='ltr'>καὶ</span> <span class='ocrx_word' id='word_1_747' title='bbox 1290 2013 1394 2052; x_wconf 63' lang='grc' dir='ltr'>φορτίοις</span> <span class='ocrx_word' id='word_1_748' title='bbox 1416 2013 1611 2053; x_wconf 72' lang='grc' dir='ltr'><em>ἰινοιςρέφωντοιι.</em></span> <span class='ocrx_word' id='word_1_749' title='bbox 1653 2017 1732 2044; x_wconf 85' lang='lat' dir='ltr'>Xeno</span> <span class='ocrx_word' id='word_1_750' title='bbox 1755 2010 1834 2054; x_wconf 78' lang='lat' dir='ltr'>apud</span> 
     </span>
     <span class='ocr_line' id='line_1_105' title="bbox 991 2053 1835 2095; baseline 0.005 -12"><span class='ocrx_word' id='word_1_751' title='bbox 991 2053 1201 2083; x_wconf 75' lang='lat' dir='ltr'>Dicaearchum</span> <span class='ocrx_word' id='word_1_752' title='bbox 1223 2054 1317 2089; x_wconf 69' lang='grc' dir='ltr'><em>πάντες</em></span> <span class='ocrx_word' id='word_1_753' title='bbox 1332 2058 1437 2085; x_wconf 68' lang='grc' dir='ltr'><em>τελῶναι</em></span> <span class='ocrx_word' id='word_1_754' title='bbox 1453 2057 1545 2090; x_wconf 72' lang='grc' dir='ltr'><em>πάντες</em></span> <span class='ocrx_word' id='word_1_755' title='bbox 1560 2056 1617 2086; x_wconf 67' lang='lat' dir='ltr'>si&#39;u-lr</span> <span class='ocrx_word' id='word_1_756' title='bbox 1634 2056 1753 2095; x_wconf 57' lang='grc' dir='ltr'>ἅρπαγες.</span> <span class='ocrx_word' id='word_1_757' title='bbox 1773 2059 1835 2086; x_wconf 81' lang='lat' dir='ltr'>Ho-</span> 
     </span>
     <span class='ocr_line' id='line_1_106' title="bbox 991 2096 1838 2139; baseline 0.004 -12"><span class='ocrx_word' id='word_1_758' title='bbox 991 2103 1050 2127; x_wconf 86' lang='lat' dir='ltr'>rat.</span> <span class='ocrx_word' id='word_1_759' title='bbox 1071 2096 1160 2128; x_wconf 81' lang='lat' dir='ltr'>Vita:</span> <span class='ocrx_word' id='word_1_760' title='bbox 1182 2096 1286 2135; x_wconf 88' lang='lat' dir='ltr'>Patre,</span> <span class='ocrx_word' id='word_1_761' title='bbox 1310 2105 1342 2129; x_wconf 90' lang='lat' dir='ltr'>ut</span> <span class='ocrx_word' id='word_1_762' title='bbox 1359 2097 1417 2138; x_wconf 87' lang='lat' dir='ltr'>ipse</span> <span class='ocrx_word' id='word_1_763' title='bbox 1434 2098 1538 2139; x_wconf 85' lang='lat' dir='ltr'>tradit,</span> <span class='ocrx_word' id='word_1_764' title='bbox 1561 2099 1701 2131; x_wconf 87' lang='lat' dir='ltr'>libertino</span> <span class='ocrx_word' id='word_1_765' title='bbox 1720 2100 1752 2130; x_wconf 71' lang='grc' dir='ltr'>ὃ(</span> <span class='ocrx_word' id='word_1_766' title='bbox 1770 2109 1838 2130; x_wconf 85' lang='lat' dir='ltr'>exa-</span> 
     </span>
     <span class='ocr_line' id='line_1_107' title="bbox 991 2139 1838 2181; baseline 0.006 -13"><span class='ocrx_word' id='word_1_767' title='bbox 991 2139 1128 2170; x_wconf 68' lang='lat' dir='ltr'>&amp;ionum</span> <span class='ocrx_word' id='word_1_768' title='bbox 1161 2140 1309 2171; x_wconf 68' lang='lat' dir='ltr'>maerore.</span> <span class='ocrx_word' id='word_1_769' title='bbox 1351 2143 1463 2171; x_wconf 81' lang='lat' dir='ltr'>Sueton.</span> <span class='ocrx_word' id='word_1_770' title='bbox 1494 2139 1581 2181; x_wconf 84' lang='lat' dir='ltr'>Vesp.</span> <span class='ocrx_word' id='word_1_771' title='bbox 1616 2152 1642 2173; x_wconf 93' lang='lat'>1.</span> <span class='ocrx_word' id='word_1_772' title='bbox 1665 2141 1838 2173; x_wconf 58' lang='lat' dir='ltr'>coactiones</span> 
     </span>
     <span class='ocr_line' id='line_1_108' title="bbox 992 2181 1731 2223; baseline 0.003 -11"><span class='ocrx_word' id='word_1_773' title='bbox 992 2183 1165 2223; x_wconf 84' lang='lat' dir='ltr'>argentarias</span> <span class='ocrx_word' id='word_1_774' title='bbox 1190 2181 1345 2214; x_wconf 81' lang='lat' dir='ltr'>factitavit.</span> <span class='ocrx_word' id='word_1_775' title='bbox 1386 2182 1485 2221; x_wconf 84' lang='lat' dir='ltr'>Hujus</span> <span class='ocrx_word' id='word_1_776' title='bbox 1512 2183 1586 2214; x_wconf 64' lang='lat' dir='ltr'>filiu&lt;</span> <span class='ocrx_word' id='word_1_777' title='bbox 1605 2184 1731 2215; x_wconf 85' lang='lat' dir='ltr'>Sabinus</span> 
     </span>
     <span class='ocr_line' id='line_1_109' title="bbox 992 2225 1837 2267; baseline 0.005 -12"><span class='ocrx_word' id='word_1_778' title='bbox 992 2225 1147 2265; x_wconf 86' lang='lat' dir='ltr'>publicum</span> <span class='ocrx_word' id='word_1_779' title='bbox 1173 2225 1405 2266; x_wconf 74' lang='lat' dir='ltr'>quadragesimae</span> <span class='ocrx_word' id='word_1_780' title='bbox 1421 2227 1452 2255; x_wconf 89' lang='lat' dir='ltr'>in</span> <span class='ocrx_word' id='word_1_781' title='bbox 1471 2226 1538 2257; x_wconf 81' lang='lat' dir='ltr'>Afia</span> <span class='ocrx_word' id='word_1_782' title='bbox 1554 2227 1623 2267; x_wconf 84' lang='lat' dir='ltr'>egit.</span> <span class='ocrx_word' id='word_1_783' title='bbox 1654 2226 1837 2259; x_wconf 82' lang='lat' dir='ltr'>Manebant-</span> 
     </span>
     <span class='ocr_line' id='line_1_110' title="bbox 994 2268 1840 2309; baseline 0.004 -11"><span class='ocrx_word' id='word_1_784' title='bbox 994 2277 1051 2306; x_wconf 90' lang='lat' dir='ltr'>que</span> <span class='ocrx_word' id='word_1_785' title='bbox 1076 2268 1217 2309; x_wconf 84' lang='lat' dir='ltr'>imagines</span> <span class='ocrx_word' id='word_1_786' title='bbox 1233 2278 1249 2298; x_wconf 94' lang='lat' dir='ltr'>a</span> <span class='ocrx_word' id='word_1_787' title='bbox 1266 2268 1437 2299; x_wconf 84' lang='lat' dir='ltr'>civitatibus</span> <span class='ocrx_word' id='word_1_788' title='bbox 1454 2268 1479 2298; x_wconf 89' lang='lat' dir='ltr'>ei</span> <span class='ocrx_word' id='word_1_789' title='bbox 1496 2269 1604 2309; x_wconf 77' lang='lat' dir='ltr'>positae</span> <span class='ocrx_word' id='word_1_790' title='bbox 1618 2268 1670 2299; x_wconf 79' lang='lat' dir='ltr'>sub</span> <span class='ocrx_word' id='word_1_791' title='bbox 1687 2269 1748 2301; x_wconf 94' lang='lat' dir='ltr'>hoc</span> <span class='ocrx_word' id='word_1_792' title='bbox 1766 2271 1840 2301; x_wconf 91' lang='lat' dir='ltr'>titu-</span> 
     </span>
     <span class='ocr_line' id='line_1_111' title="bbox 993 2309 1839 2351; baseline 0.005 -12"><span class='ocrx_word' id='word_1_793' title='bbox 993 2309 1024 2340; x_wconf 93' lang='lat' dir='ltr'>lo</span> <span class='ocrx_word' id='word_1_794' title='bbox 1041 2314 1128 2344; x_wconf 63' lang='grc' dir='ltr'><em>καλῶς</em></span> <span class='ocrx_word' id='word_1_795' title='bbox 1143 2311 1316 2341; x_wconf 63' lang='grc' dir='ltr'>τελωνήσαιτι.</span> <span class='ocrx_word' id='word_1_796' title='bbox 1339 2313 1392 2342; x_wconf 84' lang='lat' dir='ltr'>Cic.</span> <span class='ocrx_word' id='word_1_797' title='bbox 1417 2320 1472 2351; x_wconf 91' lang='lat' dir='ltr'>pro</span> <span class='ocrx_word' id='word_1_798' title='bbox 1491 2311 1619 2342; x_wconf 68' lang='lat' dir='ltr'>Rabirio</span> <span class='ocrx_word' id='word_1_799' title='bbox 1640 2321 1651 2341; x_wconf 86' lang='lat'>1</span> <span class='ocrx_word' id='word_1_800' title='bbox 1662 2321 1729 2343; x_wconf 89' lang='lat' dir='ltr'>r.ut</span> <span class='ocrx_word' id='word_1_801' title='bbox 1745 2312 1839 2344; x_wconf 82' lang='lat' dir='ltr'>nostri</span> 
     </span>
     <span class='ocr_line' id='line_1_112' title="bbox 994 2352 1837 2395; baseline 0.005 -13"><span class='ocrx_word' id='word_1_802' title='bbox 994 2352 1091 2383; x_wconf 86' lang='lat' dir='ltr'>facere</span> <span class='ocrx_word' id='word_1_803' title='bbox 1119 2353 1272 2384; x_wconf 62' lang='lat' dir='ltr'>coadiores</span> <span class='ocrx_word' id='word_1_804' title='bbox 1294 2352 1396 2384; x_wconf 79' lang='lat' dir='ltr'>solent.</span> <span class='ocrx_word' id='word_1_805' title='bbox 1440 2353 1533 2384; x_wconf 85' lang='lat' dir='ltr'>Valer.</span> <span class='ocrx_word' id='word_1_806' title='bbox 1557 2358 1644 2384; x_wconf 73' lang='lat' dir='ltr'>Max.</span> <span class='ocrx_word' id='word_1_807' title='bbox 1666 2354 1719 2386; x_wconf 85' lang='lat' dir='ltr'>VI.</span> <span class='ocrx_word' id='word_1_808' title='bbox 1742 2364 1770 2395; x_wconf 93' lang='lat'>9.</span> <span class='ocrx_word' id='word_1_809' title='bbox 1792 2356 1837 2386; x_wconf 88' lang='lat' dir='ltr'>T.</span> 
     </span>
     <span class='ocr_line' id='line_1_113' title="bbox 995 2394 1837 2437; baseline 0.004 -12"><span class='ocrx_word' id='word_1_810' title='bbox 995 2394 1130 2426; x_wconf 84' lang='lat' dir='ltr'>Aufidius</span> <span class='ocrx_word' id='word_1_811' title='bbox 1154 2405 1224 2426; x_wconf 84' lang='lat' dir='ltr'>curn</span> <span class='ocrx_word' id='word_1_812' title='bbox 1248 2395 1368 2426; x_wconf 74' lang='lat' dir='ltr'>Asiatici</span> <span class='ocrx_word' id='word_1_813' title='bbox 1388 2396 1502 2436; x_wconf 85' lang='lat' dir='ltr'>publici</span> <span class='ocrx_word' id='word_1_814' title='bbox 1520 2397 1655 2437; x_wconf 78' lang='lat' dir='ltr'>exiguam</span> <span class='ocrx_word' id='word_1_815' title='bbox 1672 2396 1837 2428; x_wconf 88' lang='lat' dir='ltr'>admodum</span> 
     </span>
     <span class='ocr_line' id='line_1_114' title="bbox 995 2437 1836 2480; baseline 0.005 -13"><span class='ocrx_word' id='word_1_816' title='bbox 995 2438 1171 2478; x_wconf 74' lang='lat' dir='ltr'>particulam</span> <span class='ocrx_word' id='word_1_817' title='bbox 1187 2437 1346 2479; x_wconf 79' lang='lat' dir='ltr'>habuiffet,</span> <span class='ocrx_word' id='word_1_818' title='bbox 1366 2437 1465 2479; x_wconf 87' lang='lat' dir='ltr'>postea</span> <span class='ocrx_word' id='word_1_819' title='bbox 1482 2448 1577 2470; x_wconf 86' lang='lat' dir='ltr'>totam</span> <span class='ocrx_word' id='word_1_820' title='bbox 1593 2439 1693 2470; x_wconf 82' lang='lat' dir='ltr'>Aliam</span> <span class='ocrx_word' id='word_1_821' title='bbox 1703 2449 1836 2480; x_wconf 87' lang='lat' dir='ltr'>procon-</span> 
     </span>
     <span class='ocr_line' id='line_1_115' title="bbox 996 2480 1840 2523; baseline 0.002 -13"><span class='ocrx_word' id='word_1_822' title='bbox 996 2480 1078 2510; x_wconf 81' lang='lat' dir='ltr'>iulari</span> <span class='ocrx_word' id='word_1_823' title='bbox 1096 2481 1222 2521; x_wconf 88' lang='lat' dir='ltr'>imperio</span> <span class='ocrx_word' id='word_1_824' title='bbox 1235 2481 1385 2520; x_wconf 80' lang='lat' dir='ltr'>obtinuit,</span> <span class='ocrx_word' id='word_1_825' title='bbox 1404 2491 1460 2512; x_wconf 87' lang='lat' dir='ltr'>nec</span> <span class='ocrx_word' id='word_1_826' title='bbox 1478 2482 1623 2523; x_wconf 80' lang='lat' dir='ltr'>indignati</span> <span class='ocrx_word' id='word_1_827' title='bbox 1638 2481 1703 2513; x_wconf 83' lang='lat' dir='ltr'>sunt</span> <span class='ocrx_word' id='word_1_828' title='bbox 1718 2483 1778 2522; x_wconf 84' lang='lat' dir='ltr'>ejus</span> <span class='ocrx_word' id='word_1_829' title='bbox 1787 2492 1840 2523; x_wconf 85' lang='lat' dir='ltr'>pa-</span> 
     </span>
     <span class='ocr_line' id='line_1_116' title="bbox 996 2523 1835 2564; baseline 0.002 -12"><span class='ocrx_word' id='word_1_830' title='bbox 996 2532 1058 2553; x_wconf 88' lang='lat' dir='ltr'>rere</span> <span class='ocrx_word' id='word_1_831' title='bbox 1076 2523 1220 2564; x_wconf 77' lang='lat' dir='ltr'>fascibus,</span> <span class='ocrx_word' id='word_1_832' title='bbox 1239 2533 1328 2563; x_wconf 87' lang='lat' dir='ltr'>quem</span> <span class='ocrx_word' id='word_1_833' title='bbox 1343 2524 1436 2554; x_wconf 80' lang='lat' dir='ltr'>aliena</span> <span class='ocrx_word' id='word_1_834' title='bbox 1453 2525 1607 2555; x_wconf 85' lang='lat' dir='ltr'>tribunalia</span> <span class='ocrx_word' id='word_1_835' title='bbox 1616 2523 1780 2555; x_wconf 88' lang='lat' dir='ltr'>adulantem</span> <span class='ocrx_word' id='word_1_836' title='bbox 1792 2526 1835 2554; x_wconf 87' lang='lat' dir='ltr'>vi-</span> 
     </span>
     <span class='ocr_line' id='line_1_117' title="bbox 997 2565 1837 2607; baseline 0.005 -12"><span class='ocrx_word' id='word_1_837' title='bbox 997 2565 1109 2596; x_wconf 85' lang='lat' dir='ltr'>derant.</span> <span class='ocrx_word' id='word_1_838' title='bbox 1129 2566 1169 2596; x_wconf 88' lang='lat' dir='ltr'>ib.</span> <span class='ocrx_word' id='word_1_839' title='bbox 1194 2566 1226 2597; x_wconf 91' lang='lat' dir='ltr'>P.</span> <span class='ocrx_word' id='word_1_840' title='bbox 1250 2566 1385 2607; x_wconf 78' lang='lat' dir='ltr'>Rupilius</span> <span class='ocrx_word' id='word_1_841' title='bbox 1401 2577 1462 2598; x_wconf 90' lang='lat' dir='ltr'>non</span> <span class='ocrx_word' id='word_1_842' title='bbox 1480 2567 1673 2607; x_wconf 88' lang='lat' dir='ltr'>publicanum</span> <span class='ocrx_word' id='word_1_843' title='bbox 1689 2567 1719 2596; x_wconf 92' lang='lat' dir='ltr'>in</span> <span class='ocrx_word' id='word_1_844' title='bbox 1735 2566 1837 2599; x_wconf 79' lang='lat' dir='ltr'>Sicilia</span> 
     </span>
     <span class='ocr_line' id='line_1_118' title="bbox 997 2608 1839 2649; baseline 0.005 -13"><span class='ocrx_word' id='word_1_845' title='bbox 997 2609 1074 2648; x_wconf 75' lang='lat' dir='ltr'>egit,</span> <span class='ocrx_word' id='word_1_846' title='bbox 1097 2608 1142 2639; x_wconf 90' lang='lat' dir='ltr'>sed</span> <span class='ocrx_word' id='word_1_847' title='bbox 1168 2618 1269 2649; x_wconf 88' lang='lat' dir='ltr'>operas</span> <span class='ocrx_word' id='word_1_848' title='bbox 1292 2609 1455 2649; x_wconf 81' lang='lat' dir='ltr'>publicanis</span> <span class='ocrx_word' id='word_1_849' title='bbox 1478 2609 1559 2640; x_wconf 87' lang='lat' dir='ltr'>dedit</span> <span class='ocrx_word' id='word_1_850' title='bbox 1574 2628 1640 2635; x_wconf 88' lang='lat'>-—-</span> <span class='ocrx_word' id='word_1_851' title='bbox 1654 2619 1742 2649; x_wconf 88' lang='lat' dir='ltr'>quem</span> <span class='ocrx_word' id='word_1_852' title='bbox 1757 2611 1839 2640; x_wconf 87' lang='lat' dir='ltr'>enim</span> 
     </span>
     <span class='ocr_line' id='line_1_119' title="bbox 997 2651 1842 2692; baseline 0.004 -12"><span class='ocrx_word' id='word_1_853' title='bbox 997 2651 1114 2681; x_wconf 88' lang='lat' dir='ltr'>diurnas</span> <span class='ocrx_word' id='word_1_854' title='bbox 1139 2660 1272 2692; x_wconf 87' lang='lat' dir='ltr'>capturas</span> <span class='ocrx_word' id='word_1_855' title='bbox 1289 2651 1745 2692; x_wconf 83' lang='lat' dir='ltr'>exigentemanimadverterant‚</span> <span class='ocrx_word' id='word_1_856' title='bbox 1765 2661 1842 2683; x_wconf 89' lang='lat' dir='ltr'>eun-</span> 
     </span>
     <span class='ocr_line' id='line_1_120' title="bbox 998 2692 1841 2735; baseline 0.004 -13"><span class='ocrx_word' id='word_1_857' title='bbox 998 2692 1067 2722; x_wconf 89' lang='lat' dir='ltr'>dem</span> <span class='ocrx_word' id='word_1_858' title='bbox 1087 2695 1154 2734; x_wconf 87' lang='lat' dir='ltr'>jura</span> <span class='ocrx_word' id='word_1_859' title='bbox 1179 2694 1316 2733; x_wconf 82' lang='lat' dir='ltr'>dantem,</span> <span class='ocrx_word' id='word_1_860' title='bbox 1338 2692 1494 2734; x_wconf 74' lang='lat' dir='ltr'>claiiesque</span> <span class='ocrx_word' id='word_1_861' title='bbox 1520 2694 1554 2724; x_wconf 90' lang='lat'>&amp;</span> <span class='ocrx_word' id='word_1_862' title='bbox 1578 2695 1720 2724; x_wconf 85' lang='lat' dir='ltr'>exercitus</span> <span class='ocrx_word' id='word_1_863' title='bbox 1737 2704 1841 2735; x_wconf 88' lang='lat' dir='ltr'>regen-</span> 
     </span>
     <span class='ocr_line' id='line_1_121' title="bbox 998 2734 1840 2775; baseline 0.002 -9"><span class='ocrx_word' id='word_1_864' title='bbox 998 2743 1059 2766; x_wconf 89' lang='lat' dir='ltr'>tem</span> <span class='ocrx_word' id='word_1_865' title='bbox 1083 2736 1232 2767; x_wconf 87' lang='lat' dir='ltr'>viderunt.</span> <span class='ocrx_word' id='word_1_866' title='bbox 1274 2737 1349 2765; x_wconf 85' lang='lat' dir='ltr'>Liv.</span> <span class='ocrx_word' id='word_1_867' title='bbox 1377 2735 1482 2767; x_wconf 87' lang='lat' dir='ltr'>XXV.</span> <span class='ocrx_word' id='word_1_868' title='bbox 1507 2744 1535 2775; x_wconf 85' lang='lat'>3.</span> <span class='ocrx_word' id='word_1_869' title='bbox 1578 2734 1758 2767; x_wconf 88' lang='lat' dir='ltr'>Publicanus</span> <span class='ocrx_word' id='word_1_870' title='bbox 1779 2745 1840 2768; x_wconf 82' lang='lat' dir='ltr'>erat</span> 
     </span>
     <span class='ocr_line' id='line_1_122' title="bbox 1099 2776 1841 2820; baseline 0.003 -11"><span class='ocrx_word' id='word_1_871' title='bbox 1099 2779 1150 2819; x_wconf 91' lang='lat' dir='ltr'>qui</span> <span class='ocrx_word' id='word_1_872' title='bbox 1167 2779 1264 2809; x_wconf 88' lang='lat' dir='ltr'>multis</span> <span class='ocrx_word' id='word_1_873' title='bbox 1279 2779 1362 2808; x_wconf 90' lang='lat' dir='ltr'>annis</span> <span class='ocrx_word' id='word_1_874' title='bbox 1378 2787 1477 2818; x_wconf 88' lang='lat' dir='ltr'>parem</span> <span class='ocrx_word' id='word_1_875' title='bbox 1495 2776 1594 2808; x_wconf 86' lang='lat' dir='ltr'>fraude</span> <span class='ocrx_word' id='word_1_876' title='bbox 1602 2780 1780 2820; x_wconf 81' lang='lat' dir='ltr'>avaritiaque</span> <span class='ocrx_word' id='word_1_877' title='bbox 1789 2790 1841 2810; x_wconf 89' lang='lat' dir='ltr'>ne-</span> 
     </span>
     <span class='ocr_line' id='line_1_123' title="bbox 1001 2819 1842 2862; baseline 0.001 -11"><span class='ocrx_word' id='word_1_878' title='bbox 1001 2822 1114 2852; x_wconf 73' lang='lat' dir='ltr'>minem</span> <span class='ocrx_word' id='word_1_879' title='bbox 1138 2821 1168 2850; x_wconf 91' lang='lat' dir='ltr'>in</span> <span class='ocrx_word' id='word_1_880' title='bbox 1192 2821 1311 2851; x_wconf 88' lang='lat' dir='ltr'>civitate</span> <span class='ocrx_word' id='word_1_881' title='bbox 1332 2820 1434 2850; x_wconf 81' lang='lat' dir='ltr'>habuit</span> <span class='ocrx_word' id='word_1_882' title='bbox 1452 2839 1516 2845; x_wconf 69' lang='lat'>—</span> <span class='ocrx_word' id='word_1_883' title='bbox 1537 2819 1581 2850; x_wconf 87' lang='lat' dir='ltr'>Hi</span> <span class='ocrx_word' id='word_1_884' title='bbox 1598 2823 1665 2861; x_wconf 80' lang='lat' dir='ltr'>quia</span> <span class='ocrx_word' id='word_1_885' title='bbox 1683 2822 1842 2862; x_wconf 86' lang='lat' dir='ltr'>publicum</span> 
     </span>
     <span class='ocr_line' id='line_1_124' title="bbox 1000 2861 1841 2905; baseline 0.002 -11"><span class='ocrx_word' id='word_1_886' title='bbox 1000 2863 1164 2904; x_wconf 88' lang='lat' dir='ltr'>periculum</span> <span class='ocrx_word' id='word_1_887' title='bbox 1182 2871 1240 2892; x_wconf 89' lang='lat' dir='ltr'>erat</span> <span class='ocrx_word' id='word_1_888' title='bbox 1257 2873 1273 2892; x_wconf 92' lang='lat' dir='ltr'>a</span> <span class='ocrx_word' id='word_1_889' title='bbox 1289 2863 1320 2893; x_wconf 92' lang='lat' dir='ltr'>vi</span> <span class='ocrx_word' id='word_1_890' title='bbox 1335 2861 1515 2902; x_wconf 76' lang='lat' dir='ltr'>tempestatis</span> <span class='ocrx_word' id='word_1_891' title='bbox 1532 2864 1561 2893; x_wconf 87' lang='lat' dir='ltr'>in</span> <span class='ocrx_word' id='word_1_892' title='bbox 1577 2864 1628 2902; x_wconf 87' lang='lat' dir='ltr'>iis,</span> <span class='ocrx_word' id='word_1_893' title='bbox 1648 2873 1721 2904; x_wconf 82' lang='lat' dir='ltr'>quae</span> <span class='ocrx_word' id='word_1_894' title='bbox 1740 2874 1841 2905; x_wconf 85' lang='lat' dir='ltr'>porta-</span> 
     </span>
     <span class='ocr_line' id='line_1_125' title="bbox 999 2904 1847 2943; baseline 0.002 -7"><span class='ocrx_word' id='word_1_895' title='bbox 999 2915 1101 2936; x_wconf 84' lang='lat' dir='ltr'>rentur</span> <span class='ocrx_word' id='word_1_896' title='bbox 1125 2904 1161 2936; x_wconf 88' lang='lat' dir='ltr'>ad</span> <span class='ocrx_word' id='word_1_897' title='bbox 1189 2905 1351 2943; x_wconf 83' lang='lat' dir='ltr'>exercitus,</span> <span class='ocrx_word' id='word_1_898' title='bbox 1374 2906 1408 2936; x_wconf 70' lang='grc' dir='ltr'>ὃ(</span> <span class='ocrx_word' id='word_1_899' title='bbox 1432 2906 1565 2936; x_wconf 83' lang='lat' dir='ltr'>ementiti</span> <span class='ocrx_word' id='word_1_900' title='bbox 1588 2915 1667 2938; x_wconf 70' lang='lat' dir='ltr'>erant</span> <span class='ocrx_word' id='word_1_901' title='bbox 1691 2907 1757 2937; x_wconf 83' lang='lat' dir='ltr'>falsa</span> <span class='ocrx_word' id='word_1_902' title='bbox 1774 2917 1847 2938; x_wconf 87' lang='lat' dir='ltr'>nau-</span> 
     </span>
     <span class='ocr_line' id='line_1_126' title="bbox 999 2946 1845 2990; baseline 0.002 -12"><span class='ocrx_word' id='word_1_903' title='bbox 999 2948 1099 2989; x_wconf 84' lang='lat' dir='ltr'>fragia.</span> <span class='ocrx_word' id='word_1_904' title='bbox 1125 2946 1267 2979; x_wconf 86' lang='lat' dir='ltr'>XXXII.</span> <span class='ocrx_word' id='word_1_905' title='bbox 1289 2957 1315 2986; x_wconf 91' lang='lat'>7.</span> <span class='ocrx_word' id='word_1_906' title='bbox 1339 2947 1475 2978; x_wconf 85' lang='lat' dir='ltr'>Portoria</span> <span class='ocrx_word' id='word_1_907' title='bbox 1495 2949 1640 2979; x_wconf 84' lang='lat' dir='ltr'>venalium</span> <span class='ocrx_word' id='word_1_908' title='bbox 1658 2948 1845 2990; x_wconf 85' lang='lat' dir='ltr'>CapuaePu-</span> 
     </span>
     <span class='ocr_line' id='line_1_127' title="bbox 998 2990 1844 3032; baseline 0.001 -11"><span class='ocrx_word' id='word_1_909' title='bbox 998 2992 1141 3031; x_wconf 86' lang='lat' dir='ltr'>teolisque</span> <span class='ocrx_word' id='word_1_910' title='bbox 1158 3009 1219 3014; x_wconf 89' lang='lat'>—-—</span> <span class='ocrx_word' id='word_1_911' title='bbox 1238 2990 1382 3020; x_wconf 79' lang='lat' dir='ltr'>locarunt.</span> <span class='ocrx_word' id='word_1_912' title='bbox 1415 2990 1516 3021; x_wconf 87' lang='lat' dir='ltr'>XLV.</span> <span class='ocrx_word' id='word_1_913' title='bbox 1542 2990 1588 3021; x_wconf 85' lang='lat'>18.</span> <span class='ocrx_word' id='word_1_914' title='bbox 1633 2991 1747 3022; x_wconf 85' lang='lat' dir='ltr'>Metalli</span> <span class='ocrx_word' id='word_1_915' title='bbox 1765 3001 1844 3032; x_wconf 88' lang='lat' dir='ltr'>quo-</span> 
     </span>
     <span class='ocr_line' id='line_1_128' title="bbox 999 3032 1842 3074; baseline 0.002 -11"><span class='ocrx_word' id='word_1_916' title='bbox 999 3043 1056 3073; x_wconf 90' lang='lat' dir='ltr'>que</span> <span class='ocrx_word' id='word_1_917' title='bbox 1074 3032 1285 3072; x_wconf 80' lang='lat' dir='ltr'>Macedonici,</span> <span class='ocrx_word' id='word_1_918' title='bbox 1315 3032 1394 3072; x_wconf 91' lang='lat' dir='ltr'>quod</span> <span class='ocrx_word' id='word_1_919' title='bbox 1413 3033 1513 3074; x_wconf 83' lang='lat' dir='ltr'>ingens</span> <span class='ocrx_word' id='word_1_920' title='bbox 1530 3033 1654 3074; x_wconf 71' lang='lat' dir='ltr'>vectigal</span> <span class='ocrx_word' id='word_1_921' title='bbox 1663 3042 1741 3074; x_wconf 88' lang='lat' dir='ltr'>erat,</span> <span class='ocrx_word' id='word_1_922' title='bbox 1758 3034 1842 3066; x_wconf 89' lang='lat' dir='ltr'>loca-</span> 
     </span>
     <span class='ocr_line' id='line_1_129' title="bbox 998 3075 1842 3117; baseline 0.001 -11"><span class='ocrx_word' id='word_1_923' title='bbox 998 3078 1152 3114; x_wconf 81' lang='lat' dir='ltr'>tionesque</span> <span class='ocrx_word' id='word_1_924' title='bbox 1178 3075 1369 3116; x_wconf 89' lang='lat' dir='ltr'>praediorum</span> <span class='ocrx_word' id='word_1_925' title='bbox 1386 3075 1571 3107; x_wconf 86' lang='lat' dir='ltr'>rusticorum</span> <span class='ocrx_word' id='word_1_926' title='bbox 1599 3077 1663 3107; x_wconf 88' lang='lat' dir='ltr'>tolli</span> <span class='ocrx_word' id='word_1_927' title='bbox 1689 3077 1842 3117; x_wconf 74' lang='lat' dir='ltr'>placebat:</span> 
     </span>
     <span class='ocr_line' id='line_1_130' title="bbox 998 3118 1843 3160; baseline 0.002 -12"><span class='ocrx_word' id='word_1_928' title='bbox 998 3128 1067 3148; x_wconf 87' lang='lat' dir='ltr'>nam</span> <span class='ocrx_word' id='word_1_929' title='bbox 1093 3127 1187 3157; x_wconf 87' lang='lat' dir='ltr'>neque</span> <span class='ocrx_word' id='word_1_930' title='bbox 1211 3118 1269 3148; x_wconf 84' lang='lat' dir='ltr'>fine</span> <span class='ocrx_word' id='word_1_931' title='bbox 1287 3118 1447 3158; x_wconf 84' lang='lat' dir='ltr'>publicano</span> <span class='ocrx_word' id='word_1_932' title='bbox 1471 3120 1599 3149; x_wconf 87' lang='lat' dir='ltr'>exerceri</span> <span class='ocrx_word' id='word_1_933' title='bbox 1621 3119 1721 3160; x_wconf 85' lang='lat' dir='ltr'>posse,</span> <span class='ocrx_word' id='word_1_934' title='bbox 1741 3119 1774 3150; x_wconf 87' lang='lat'>&amp;</span> <span class='ocrx_word' id='word_1_935' title='bbox 1791 3119 1843 3150; x_wconf 87' lang='lat' dir='ltr'>ubi</span> 
     </span>
     <span class='ocr_line' id='line_1_131' title="bbox 999 3160 1843 3202; baseline 0.002 -11"><span class='ocrx_word' id='word_1_936' title='bbox 999 3161 1175 3202; x_wconf 71' lang='lat' dir='ltr'>publicanus</span> <span class='ocrx_word' id='word_1_937' title='bbox 1201 3160 1243 3192; x_wconf 84' lang='lat' dir='ltr'>est</span> <span class='ocrx_word' id='word_1_938' title='bbox 1259 3184 1268 3200; x_wconf 90' lang='lat'>,</span> <span class='ocrx_word' id='word_1_939' title='bbox 1281 3162 1323 3191; x_wconf 85' lang='lat' dir='ltr'>ibi</span> <span class='ocrx_word' id='word_1_940' title='bbox 1337 3170 1385 3192; x_wconf 87' lang='lat' dir='ltr'>aut</span> <span class='ocrx_word' id='word_1_941' title='bbox 1403 3162 1448 3201; x_wconf 82' lang='lat' dir='ltr'>jus</span> <span class='ocrx_word' id='word_1_942' title='bbox 1466 3161 1622 3202; x_wconf 86' lang='lat' dir='ltr'>publicum</span> <span class='ocrx_word' id='word_1_943' title='bbox 1644 3170 1772 3202; x_wconf 82' lang='lat' dir='ltr'>vanum,</span> <span class='ocrx_word' id='word_1_944' title='bbox 1793 3170 1843 3193; x_wconf 88' lang='lat' dir='ltr'>aut</span> 
     </span>
    </p>

    <p class='ocr_par' dir='ltr' id='par_1_11' title="bbox 1809 3204 1846 3235">
     <span class='ocr_line' id='line_1_132' title="bbox 1809 3204 1846 3235; baseline 0.027 -1"><span class='ocrx_word' id='word_1_945' title='bbox 1809 3204 1846 3235; x_wconf 86' lang='lat' dir='ltr'>li·</span> 
     </span>
    </p>
   </div>
   <div class='ocr_carea' id='block_1_9' title="bbox 1755 2202 1838 2209">
    <p class='ocr_par' dir='ltr' id='par_1_12' title="bbox 1755 2202 1838 2209">
     <span class='ocr_line' id='line_1_133' title="bbox 1755 2202 1838 2209; baseline 0 1310"><span class='ocrx_word' id='word_1_946' title='bbox 1755 2202 1838 2209; x_wconf 95' lang='lat' dir='ltr'> </span> 
     </span>
    </p>
   </div>
   <div class='ocr_carea' id='block_1_10' title="bbox 1000 2797 1081 2802">
    <p class='ocr_par' dir='ltr' id='par_1_13' title="bbox 1000 2797 1081 2802">
     <span class='ocr_line' id='line_1_134' title="bbox 1000 2797 1081 2802; baseline 0 0"><span class='ocrx_word' id='word_1_947' title='bbox 1000 2797 1081 2802; x_wconf 95' lang='lat' dir='ltr'> </span> 
     </span>
    </p>
   </div>
  </div>
 </body>
</html>
