1976 3519
481 226 1467 276 PRoLEGOMENA.
1748 236 1825 286 187

107 316 368 374 Theologicae
395 331 427 371 3.
459 318 648 372 Septemb.
682 329 801 368 1703.
1038 343 1063 366 ‚‚
1094 316 1401 369 Disputationem
1424 320 1611 362 eruditam
1632 336 1654 362 a
1674 321 1712 363 se
1731 337 1824 363 con⁶

105 401 130 425 ‚,
160 374 333 427 scriptam
363 374 407 413 de
434 372 721 415 Muhammedis
739 373 944 425 sententia
970 370 1015 410 de
1047 371 1196 422 Chrtsto
1228 373 1348 424 Jefic‚
1377 389 1423 414 ex
1453 376 1541 428 ipsis
1571 377 1753 418 Alcorani
1781 382 1821 418 ὅ(

103 460 129 482 ‚‚
160 429 372 481 Scripturae
398 429 432 468 S.
454 428 702 481 penetralibus
729 429 907 480 petitam,
930 424 970 465 d.
999 437 1061 474 25.
1092 427 1192 484 Maji
1214 427 1324 480 hujus
1344 430 1434 468 anni
1455 431 1599 472 strenue
1627 431 1821 474 defenditz

102 517 127 536 „
159 486 279 527 Unde
300 499 386 524 cum
403 483 554 535 expleto
572 482 823 535 quadriennio
834 481 882 520 ad
898 495 1056 520 examen
1077 495 1148 534 pro
1170 483 1205 522 S.
1237 483 1453 523 Ministerio
1470 485 1621 526 admitti
1650 501 1818 542 peteret,

101 568 128 592 ,‚
158 542 265 580 facile
285 539 325 579 id
346 538 493 578 anobis
511 537 696 583 obtinuit;
728 540 764 574 &
786 535 924 576 auditis
942 535 1071 575 solidis
1097 539 1136 575 &
1158 538 1338 578 accuratis
1364 538 1443 591 ejus
1473 540 1657 593 responfis
1687 544 1723 584 d.
1757 548 1823 584 26.

101 627 128 647 ³,
150 597 258 651 junii
277 610 301 634 a
323 591 546 633 Venerando
566 591 631 631 D.
661 590 1239 641 SCHOLARCHARUM,
1262 592 1522 645 ‘Profefforum
1545 594 1593 638 (θ’
1615 597 1822 645 ‘Pastorum

101 682 128 703 υ
158 649 315 702 confeffu
345 647 568 701 potestatem
587 645 804 698 impetravit
823 644 992 685 Verbum
1012 644 1085 691 Dei
1103 647 1383 695 annunciandi,
1413 648 1642 692 sacramenta
1660 652 1824 693 admini-

103 733 130 757 ,‚
161 699 320 751 strandi,
349 715 558 754 omnesque
584 702 688 740 astus
716 699 905 748 obeundi,
935 700 1000 753 qui
1029 715 1050 740 a
1083 700 1131 740 V.
1154 702 1201 740 D.
1224 702 1410 743 Ministris
1438 704 1606 758 legitime
1636 706 1733 747 obiri
1764 709 1822 748 so-

100 792 128 813 „
157 762 278 800 lent''.
335 756 438 797 Cum
460 755 601 796 deinde
620 755 765 795 Parifiis
782 755 822 794 in
846 754 1080 795 Bibliotheca
1104 756 1147 796 P.
1176 757 1218 796 P.
1246 757 1420 798 Oratorii
1437 759 1588 800 vidisset
1610 761 1823 804 Commen-

100 816 235 856 tarium
263 813 438 854 Aaronis
469 809 556 849 Ben
586 809 734 863 Joseph
764 811 950 849 Caraitae
966 811 1008 849 in
1033 810 1374 862 Pentateuchum,
1403 814 1590 867 quaedam
1616 831 1662 856 ex
1682 832 1730 858 eo
1759 833 1820 859 ex-

100 869 257 924 cerpfit‚
285 879 400 920 atque
427 879 514 906 curn
534 865 720 906 Versione
742 868 780 904 ὃς
807 864 910 904 notis
937 863 1061 904 edidit
1091 866 1369 908 Amstelodami
1401 882 1518 919 1705.
1572 870 1728 913 Horum
1756 888 1824 914 ex*

99 936 312 978 cerptorum
343 921 578 971 mentionem
608 934 688 960 non
717 918 902 968 fecissem,
930 918 998 959 nisi
1027 931 1135 959 autor
1155 921 1302 975 Anglus
1321 920 1366 962 de
1377 923 1658 976 fundamentis
1680 926 1727 972 ὠ
1758 944 1821 969 ra-

98 979 267 1021 tionibus
300 976 517 1030 Relzgionis
547 974 790 1027 Christianae
828 974 867 1013 in
900 974 971 1014 illis
990 974 1146 1028 aliquod
1167 977 1393 1029 praesidium
1422 980 1542 1020 malae
1561 981 1689 1022 causae
1708 984 1745 1024 se
1763 986 1819 1025 in*

97 1035 227 1076 venire
257 1030 361 1086 posse
387 1029 652 1071 existimasset:
685 1042 798 1083 quem
827 1029 1038 1082 Episcopus
1068 1030 1357 1072 Coventrienfis
1381 1034 1578 1086 produstis
1596 1050 1643 1077 ex
1664 1039 1820 1081 Wolfio

96 1089 252 1143 integris
274 1087 433 1126 Aaronis
454 1085 698 1133 testimoniis,
727 1098 824 1137 quae
844 1084 884 1123 iri
905 1085 1091 1138 excerptis
1108 1086 1239 1125 mutila
1267 1087 1433 1128 exhibita
1464 1103 1590 1141 erant,
1630 1093 1821 1137 refutavit.

102 1144 254 1187 Vindic.
282 1156 319 1196 p.
353 1152 443 1194 349.
471 1140 516 1179 In
547 1140 707 1192 patriam
736 1138 865 1179 reduci
896 1137 1055 1179 Titulus
1087 1140 1322 1194 Proftfforis
1343 1146 1672 1194 extraordinarii,
1703 1163 1819 1203 quem

97 1200 271 1254 petebat,
298 1196 505 1251 denegatus
524 1195 588 1234 est.
642 1195 797 1234 Decreti
814 1193 927 1233 verba
949 1194 1043 1234 haec
1065 1193 1169 1235 sunt:
1197 1223 1222 1244 ‚,
1254 1197 1356 1237 Cum
1378 1198 1424 1237 D.
1447 1199 1553 1254 Mag.
1569 1201 1662 1254 Joh.
1687 1204 1818 1245 Ludo-

95 1282 122 1305 „
152 1254 255 1294 vicus
284 1252 381 1305 Frey
404 1263 552 1304 paratus
575 1249 665 1290 esset
695 1250 734 1288 in
765 1249 973 1289 Academia
1001 1249 1287 1305 Theologicam
1321 1252 1609 1295 Catecheticam
1646 1259 1818 1311 profiteri

93 1341 118 1361 ‚,
148 1309 284 1364 gratis,
314 1319 428 1360 atque
447 1305 621 1345 Titulum
638 1303 859 1344 Professoris
878 1303 1166 1345 extraordinarii
1187 1305 1447 1358 desiderasset,
1478 1310 1581 1361 quod
1598 1311 1668 1351 hoc
1685 1314 1755 1361 libi
1775 1320 1819 1355 in

94 1396 120 1416 υ
141 1363 331 1420 posterum
360 1360 458 1400 utile
476 1359 566 1414 fore
585 1358 775 1399 credidit:
807 1360 968 1400 Domini
987 1360 1241 1400 Scholarchae
1263 1365 1301 1400 &
1327 1363 1559 1406 Profeffores
1589 1365 1692 1408 haud
1719 1369 1820 1411 diffi-

94 1447 120 1470 ‚‚
147 1419 234 1459 ciles
254 1416 423 1466 fuissent,
446 1414 469 1454 fi
490 1414 611 1456 modo
631 1428 727 1455 unus
747 1414 807 1455 vel
830 1414 921 1455 alter
939 1429 985 1455 ex
1005 1416 1186 1455 Dominis
1217 1417 1441 1459 Politarchis
1466 1420 1708 1464 difficultates
1735 1439 1818 1466 non

95 1505 123 1526 „
150 1472 350 1526 objeciflct.
382 1471 585 1524 Acquievit
602 1470 652 1511 D.
677 1470 798 1525 Frey,
828 1470 940 1524 seque
968 1469 1087 1510 favori
1120 1472 1236 1511 totius
1257 1472 1416 1513 Senatus
1442 1475 1661 1518 Academici
1683 1479 1821 1521 humil-

93 1560 120 1581 „
148 1530 236 1569 lime
255 1525 579 1568 commendavit”.
634 1527 699 1565 ΑΟ.
734 1536 806 1577 171
821 1538 852 1564 1.
881 1529 920 1564 &
939 1524 1179 1579 sequentibus
1197 1526 1320 1567 edidit
1346 1528 1636 1573 Dissertationes
1657 1546 1820 1588 quatuor

92 1585 138 1625 de
156 1583 276 1635 officio
297 1582 489 1622 Denaris
509 1579 743 1632 Christiani,
773 1580 884 1620 avide
903 1584 939 1619 δε
958 1595 1100 1636 magno
1123 1582 1373 1622 studiosorum
1395 1585 1523 1637 plausu
1551 1601 1746 1641 exceptaS;
1777 1593 1818 1632 in

93 1640 154 1680 his
174 1639 373 1693 postquam
395 1640 432 1675 ὃ(
454 1635 644 1690 Regulam
663 1634 823 1689 Cocceji
843 1636 1057 1676 statuentis:
1089 1637 1202 1677 verba
1222 1637 1425 1691 scripturae
1456 1653 1603 1681 tantum
1634 1644 1819 1698 fignifica-

96 1708 158 1743 re,
187 1705 371 1747 quantum
402 1690 609 1744 significare
639 1689 799 1743 possint,
820 1694 859 1729 &
881 1690 960 1742 ejus
987 1691 1282 1744 applicationem
1305 1695 1353 1732 ad
1375 1695 1513 1748 Typos
1535 1701 1571 1737 Sc
1591 1695 1818 1752 Prophetias

98 1747 299 1802 rejecisset,
329 1746 536 1799 subjungit:
566 1771 590 1794 ‚,
619 1745 688 1783 Illa
710 1758 806 1797 quae
825 1759 871 1784 ex
891 1745 1083 1798 Scriptura
1105 1749 1144 1784 &
1161 1747 1307 1785 ratione
1328 1747 1432 1788 fimul
1456 1751 1685 1804 probantur,
1717 1759 1755 1795 &
1777 1758 1818 1797 in

96 1834 122 1854 ‚‚
152 1803 286 1856 quibus
311 1800 518 1841 Christiani
546 1799 715 1853 plerique
743 1799 1005 1849 consentiunt,
1036 1814 1170 1840 norma
1202 1801 1285 1841 sunt
1312 1803 1553 1856 reliquorum.
1611 1809 1735 1861 Qiod
1759 1813 1817 1865 ip-

94 1886 122 1910 „
151 1859 229 1899 sum
242 1888 253 1907 ,
283 1857 322 1896 ni
343 1855 472 1904 fallor,
502 1854 600 1893 illam
621 1866 819 1907 tantopere
839 1869 859 1893 a
879 1854 1095 1908 Theologis
1116 1854 1304 1896 laudatam
1325 1856 1416 1898 fidei
1437 1861 1651 1915 analogiam
1681 1867 1820 1907 consti-

95 1944 122 1964 „
151 1914 232 1954 tuit.
290 1911 387 1952 Non
407 1911 510 1950 enim
530 1923 574 1948 ea
592 1923 686 1948 voce
706 1909 927 1962 intelligitur
946 1909 1057 1962 hujus
1075 1911 1218 1950 illiusve
1239 1911 1370 1952 Sestae
1389 1914 1546 1967 opinio,
1575 1917 1687 1970 hujus
1705 1920 1817 1962 illius-

97 1996 125 2019 ,‚
155 1982 201 2008 ve
219 1966 414 2019 Theologi
435 1963 603 2018 Systema
623 1962 772 2017 (regula
792 1963 886 2003 haec
905 1963 995 2004 ess‘et
1014 1964 1183 2017 Lesbia.)
1211 1987 1291 1996 -----
1319 1966 1417 2007 Illud
1439 1969 1545 2010 addo
1564 1994 1576 2020 3
1605 1973 1750 2015 dietum
1778 1978 1820 2017 il-

97 2054 124 2075 „
152 2022 217 2063 lud
245 2020 471 2062 Tertulliani
500 2019 540 2058 in
568 2017 632 2058 lib.
659 2022 706 2056 de
737 2018 861 2057 Carne
890 2017 1058 2069 Chrzsti:
1089 2019 1184 2059 Non
1203 2021 1351 2075 pudet,
1380 2026 1473 2077 quia
1496 2026 1715 2079 pudendum
1742 2031 1819 2083 est,-

98 2105 124 2129 κ
145 2078 320 2132 prorfiam
352 2073 530 2114 credibile
562 2071 633 2124 est,
663 2075 756 2127 quia
785 2075 956 2127 ineptum
985 2073 1065 2122 est3
1096 2083 1242 2114 certum
1271 2075 1323 2128 est
1333 2108 1344 2127 ,
1374 2081 1467 2130 quia
1496 2082 1714 2133 impoffibile
1743 2086 1819 2138 est,

99 2160 125 2183 „
149 2131 341 2173 duriss‘imo
362 2133 401 2169 δε
424 2127 671 2169 audacissimis
698 2127 853 2168 ludente
883 2127 1011 2182 figuris
1030 2129 1140 2171 Patre
1161 2130 1321 2185 dignum
1353 2133 1467 2174 effe''.
1523 2136 1677 2179 Notata
1703 2142 1820 2183 etjam

100 2189 217 2242 digna
238 2187 320 2227 sunt
341 2185 487 2238 adjetsta
507 2183 723 2223 Corollaria
746 2183 845 2224 duo:
884 2215 909 2233 „
939 2185 1012 2227 Illi
1032 2187 1100 2239 qui
1118 2186 1195 2237 ase
1215 2186 1503 2241 dr'ffentientes,
1523 2200 1711 2248 tanquam
1731 2196 1820 2236 loae-

100 2274 125 2294 „
153 2245 313 2291 reticos,
343 2240 559 2289 conviciis,
579 2239 840 2292 perfi’cutione
860 2247 930 2278 aut
954 2249 1075 2279 morte
1096 2240 1294 2294 afficiunt,
1326 2257 1399 2282 non
1429 2245 1576 2298 Christi
1592 2247 1669 2302 sed
1695 2252 1820 2292 Antj.

100 2329 126 2349 „
154 2296 288 2349 christi
302 2304 437 2349 partes
458 2298 498 2335 in
512 2295 557 2347 se
567 2295 789 2347 suscipiunt
810 2298 843 2335 ’'.
874 2298 912 2333 ὃς
932 2309 940 2334 :
970 2327 994 2345 „
1023 2296 1254 2337 Exercenda
1274 2297 1324 2349 est
1343 2298 1547 2352 dtsbiplina
1575 2298 1847 2357 ecclesiastiea-

100 2380 126 2404 „
156 2366 228 2391 non
250 2353 353 2390 modo
373 2353 414 2390 in
424 2363 573 2403 graves
585 2358 828 2403 peccatores,
848 2349 928 2402 sed
946 2349 992 2394 εἴ]
1014 2353 1055 2390 in
1076 2361 1275 2391 errantes:
1306 2356 1472 2394 maxime
1498 2360 1619 2396 etiam
1644 2362 1686 2399 in
1706 2360 1818 2412 illos,

98 2438 126 2458 ‚‚
157 2409 224 2459 qui
243 2405 365 2446 nullos
385 2420 408 2443 a
426 2407 463 2456 fi>
482 2404 747 2457 dissentientes
766 2404 876 2456 fhrre
897 2404 1064 2458 possunt.
1093 2407 1189 2447 Item
1212 2408 1251 2447 in
1279 2408 1468 2451 Thesibus
1489 2411 1741 2468 Theologicis
1771 2417 1821 2458 de

100 2493 126 2513 ,‚
155 2460 392 2502 Perfestione
413 2464 450 2499 ὃ(
470 2460 691 2513 Integritate
707 2459 918 2511 Scripturae
948 2460 1081 2502 Sacrae
1110 2462 1146 2501 d.
1180 2476 1241 2501 20.
1265 2464 1358 2517 Julii
1393 2478 1509 2518 1713.
1540 2468 1661 2510 editis.
1704 2470 1819 2514 XIV.

102 2548 128 2568 ‚,
158 2518 252 2569 Qio
271 2516 394 2569 plures
417 2527 659 2554 numerantur
679 2514 882 2554 Lestiones
909 2515 947 2554 in
967 2515 1029 2554 illa
1052 2516 1275 2567 variantes,
1305 2533 1352 2558 eo
1376 2521 1500 2562 minus
1529 2523 1675 2566 laborat
1696 2524 1821 2581 Scrip-

102 2603 128 2623 „
158 2584 236 2611 tura
256 2570 324 2609 S''.
381 2570 504 2622 Qiod
524 2583 569 2609 ex
593 2568 891 2609 ‘Phileleuthero
915 2569 1093 2623 Lipstenfi
1116 2570 1221 2612 fuisse
1242 2575 1403 2625 petitum
1422 2577 1606 2620 existimo.

161 2627 263 2666 Cum
293 2628 358 2666 A0.
394 2638 510 2674 1711.
540 2623 590 2663 ad
623 2637 758 2663 munus
785 2623 1007 2665 Professoris
1034 2626 1287 2667 Historiarum
1319 2630 1538 2682 Ordinarii,
1578 2634 1821 2692 Theologiae

103 2696 194 2722 vero
213 2680 519 2720 extraordinarii
542 2680 563 2719 i.
585 2693 617 2719 e.
646 2691 686 2718 ut
707 2693 777 2718 nec
787 2679 946 2719 Senator
959 2680 1210 2722 Academicus
1222 2696 1292 2722 nec
1305 2684 1464 2725 Senator
1477 2687 1754 2732 Ecclesiasticus
1764 2693 1821 2733 es-

104 2737 178 2786 set,
206 2735 328 2775 fuiss‘et
357 2735 519 2782 cleeriis,
549 2734 632 2783 vel,
662 2745 703 2774 ut
736 2733 814 2787 ipse
845 2733 970 2775 dicere
989 2735 1151 2786 solebat,
1181 2751 1266 2776 cum
1285 2738 1334 2777 ad
1355 2739 1595 2794 docendum,
1626 2760 1704 2786 non
1727 2762 1819 2787 vero

106 2790 154 2830 ad
178 2790 384 2843 regendum
416 2801 572 2829 vocatus
589 2788 699 2837 esset3
728 2790 903 2829 oratione
921 2790 1129 2844 inaugurali
1147 2791 1317 2832 exhibuit
1336 2797 1608 2848 compendium
1629 2801 1824 2843 Historiae

105 2844 365 2884 ecclesiasticae
385 2858 450 2897 per
471 2845 600 2883 omnia
620 2843 758 2883 secula:
790 2844 853 2883 ubi
882 2843 930 2883 ad
951 2845 1204 2897 Scholastieos
1233 2859 1389 2888 ventum
1407 2863 1509 2896 erat,
1538 2855 1742 2907 quaesivit,
1772 2872 1821 2897 an

107 2898 159 2937 illi
189 2899 227 2937 in
257 2913 413 2939 numero
445 2900 660 2939 Donorum
690 2899 996 2940 Christianorum
1019 2900 1089 2940 sint
1110 2901 1303 2942 habendi?
1333 2904 1626 2961 responditque,
1657 2910 1692 2950 se
1711 2911 1822 2952 valde

107 2953 296 3002 dubitare,
324 2965 445 2993 utrum
477 2955 516 2993 in
547 2967 706 2993 numero
730 2953 1037 2995 Christianorum
1058 2955 1186 2996 haberi
1209 2957 1382 2999 debeant.
1439 2961 1484 3000 In
1507 2964 1822 3016 praeleffionibus

108 3006 265 3060 publicis
281 3007 409 3047 docuit
419 3008 679 3061 Tlieologiam
699 3008 924 3048 Naturalem
937 3040 947 3058 ,
977 3011 1029 3049 ita
1050 3011 1206 3064 quidem
1228 3024 1269 3052 ut
1291 3014 1330 3054 S.
1344 3014 1542 3056 Clarkium
1555 3048 1565 3068 ,
1596 3019 1640 3057 de
1660 3021 1821 3063 existen-

108 3063 169 3100 tia
200 3059 246 3104 ἄν
269 3061 474 3101 attributis
496 3062 607 3111 Dei,
636 3077 704 3115 per
721 3063 851 3103 omnia
871 3063 1106 3117 sequeretur,
1138 3079 1252 3120 atque
1271 3082 1314 3107 ea
1344 3068 1593 3112 fundamenta
1609 3074 1750 3127 jaceret
1770 3076 1820 3115 de

110 3115 197 3157 idea
216 3116 314 3156 entis
334 3118 542 3167 necessarii,
573 3118 708 3171 quibus
729 3118 906 3160 Clarkius
923 3120 1095 3215 Rystema
1112 3120 1217 3162 suum
1238 3122 1287 3164 de
1298 3122 1490 3166 Trinitate
1509 3126 1768 3181 superstruxit,
1781 3132 1820 3167 &

971 3188 994 3215 a
1023 3187 1044 3216 2
1724 3196 1821 3236 quae
