1976 3519
450 236 1435 283 PROLEGOMENA.
1768 247 1848 298 189

176 351 204 372 „
233 321 650 365 CURCELLAEUS
670 322 967 376 Stephanus.—-
985 322 1169 364 Marefius
1190 325 1364 378 cupiebat
1374 328 1409 367 ei
1421 327 1603 369 maculam
1616 329 1844 373 Socinianis-

124 407 149 428 „
180 378 232 417 mi
269 379 418 419 inurere
436 410 448 429 ,
488 378 686 432 praecipue
725 378 925 432 postquam
953 377 1195 419 Curcellaeus
1224 382 1511 433 quaternionem
1541 384 1843 427 dissertationum

130 463 155 482 „
186 432 486 488 theologicarum
500 447 679 486 ,quarum
706 434 828 486 prima
852 434 930 487 agit
948 432 998 473 de
1009 434 1166 474 vocibus
1177 435 1374 485 trinitatis,
1387 438 1843 494 personae,hypostaseos

125 518 152 539 „
183 491 253 526 &e
285 489 447 529 secunda
466 488 516 527 de
538 498 697 540 peccato
717 488 900 542 originis,
929 489 1038 528 tertia
1059 488 1110 528 de
1136 489 1352 530 necessitate
1371 493 1604 544 cognitionis
1625 495 1769 537 Christi
1792 499 1842 539 ad

122 574 150 594 ‚‚
180 542 331 583 salutern
345 574 355 593 ‚
384 554 515 596 quarta
538 542 588 582 de
606 542 773 582 hominis
794 556 862 596 per
880 542 998 583 fidem
1011 548 1047 582 ὃ(
1060 544 1481 598 operaJustificatione,
1493 560 1624 588 contra
1638 551 1843 592 Maresium

123 629 151 649 „
181 598 374 648 edidisset,
404 601 443 636 &
462 597 500 636 in
522 597 643 650 prima
663 598 916 638 contendisset
929 625 939 643 ‚
968 599 1073 638 litem
1092 612 1178 638 cum
1200 600 1489 641 Antitrinitariis
1508 617 1586 642 non
1611 604 1685 644 esse
1705 607 1773 646 nisi
1792 608 1842 649 de

123 679 151 703 „
182 653 337 693 vocibus
357 652 551 698 trinitatis,
574 651 755 706 personae
776 656 848 693 &c.
878 652 995 707 idque
1021 652 1071 694 de
1089 654 1268 705 vocibus,
1297 665 1395 709 quae
1414 656 1454 695 in
1474 658 1665 712 Scriptura
1683 673 1765 701 non
1785 677 1842 703 re-

119 735 146 758 ,‚
174 709 378 761 periuntur.

175 793 200 812 ,‚
229 762 407 802 HALES
427 760 636 814 (Joannes)
657 762 884 818 Theologus
907 763 1075 818 Anglus‚
1103 764 1169 817 qui
1188 764 1291 818 apud
1310 765 1412 806 cives
1430 765 1515 807 suos
1534 767 1586 807 ob
1605 783 1761 824 magnas
1772 770 1844 811 do-

119 847 145 867 „
175 828 253 867 tes,
291 816 500 856 mirabilem
528 817 807 868 eruditionem,
838 822 875 858 ἃ
907 818 1129 871 singularem
1163 819 1437 861 humanitatem
1458 822 1604 876 semper
1624 825 1663 863 in
1693 824 1842 868 summo

117 901 145 922 „
174 872 297 925 pretio
319 870 534 912 fuit—A.
553 873 671 912 1618.
700 873 871 926 Dudlejo
893 874 1083 913 Carltono
1103 874 1250 928 Legato
1270 876 1367 930 regis
1383 877 1546 930 Angliae
1564 877 1615 918 ad
1628 879 1763 935 Belgas
1773 881 1844 924 fuit

116 956 145 977 „
172 941 194 965 a
213 926 355 976 Sacris,
367 926 549 980 illumque
569 926 620 968 de
640 927 736 968 statu
749 928 959 969 &decretis
970 928 1119 982 Synodi
1132 930 1400 971 Dordracenae
1413 958 1422 976 ‚
1434 933 1843 989 cuiintererat,quoti-

115 1011 142 1032 „
173 981 237 1022 die
265 981 343 1022 fere
371 996 439 1035 per
466 982 590 1022 literas
614 982 814 1023 certiorem
834 982 943 1030 fecit·,
974 998 1044 1023 nec
1065 983 1115 1024 de
1135 983 1212 1025 fide
1235 989 1271 1024 ὃς
1293 986 1460 1027 candore
1482 988 1562 1041 ejus
1584 988 1647 1029 hie
1677 990 1841 1033 dubitari

113 1067 139 1087 „
169 1037 312 1090 potest,
341 1038 430 1089 quia
459 1048 550 1077 tunc
579 1040 617 1076 ἃ
639 1036 845 1078 Carltonus
866 1041 906 1077 &
923 1038 1098 1079 Halefius
1118 1051 1242 1093 partes
1264 1040 1747 1085 Contraremonstrantium
1767 1048 1841 1087 stu-

114 1121 142 1142 „
170 1091 275 1131 diose
301 1091 543 1131 sestabantur.
571 1115 640 1122 ---—
669 1091 860 1138 Fuerunt,
902 1094 969 1148 qui
996 1093 1119 1147 ipsum
1151 1095 1417 1136 Socinianismi
1437 1100 1476 1136 &
1501 1098 1756 1140 Libertinismi
1784 1101 1841 1142 su-

114 1173 140 1196 ,‚
170 1146 338 1200 spe&um
361 1146 572 1186 habuerunt
600 1143 699 1200 [vid.
725 1146 835 1201 supra
859 1161 896 1201 p.
932 1146 1016 1202 20.]
1049 1148 1113 1188 sed
1132 1150 1291 1202 injuria,
1322 1166 1408 1191 cum
1428 1152 1490 1191 illa
1510 1152 1670 1206 suspicio
1691 1156 1839 1198 ratione

111 1231 139 1253 „
169 1215 248 1242 non
269 1201 389 1241 solum
410 1215 491 1241 non
520 1202 692 1255 probari,
722 1216 853 1243 verum
880 1203 993 1243 etiam
1006 1202 1122 1244 refelli
1135 1205 1257 1257 poffit.
1287 1205 1450 1251 Occasio
1463 1206 1541 1247 falfi
1553 1208 1664 1262 hujus
1675 1213 1836 1254 rumoris

111 1283 138 1307 „
169 1255 239 1296 fuit
260 1256 422 1307 studium
441 1257 562 1310 pacis,
595 1270 674 1310 quo
695 1257 903 1313 flagrabat;
933 1261 973 1297 &
995 1259 1083 1312 quia
1105 1258 1252 1299 summo
1278 1260 1428 1314 judicio
1449 1262 1633 1316 dogmata
1649 1266 1838 1320 principa-

111 1341 137 1363 „
166 1311 215 1350 lia
235 1313 273 1350 &
294 1310 494 1351 necessaria
516 1311 795 1352 Christianismi
815 1313 862 1351 ab
882 1313 1092 1353 accefforiis
1113 1313 1390 1366 distinguebat,
1419 1318 1526 1371 quod
1549 1319 1707 1372 quidam
1728 1323 1837 1362 vacui

110 1397 137 1418 „
165 1366 300 1420 capitis
330 1366 507 1406 homines
534 1367 727 1420 appellant
748 1367 1077 1409 Socinianismum.
1108 1393 1171 1401 -·--
1201 1370 1301 1410 Illud
1322 1384 1464 1412 certum
1483 1372 1561 1423 est,
1591 1388 1678 1414 eum
1709 1375 1839 1416 adole-

109 1448 136 1473 „
166 1421 331 1462 scentem
348 1435 436 1461 cum
459 1421 628 1462 Calvino
650 1421 792 1462 sensisse
813 1423 852 1462 in
873 1421 1057 1478 dogmate
1079 1423 1130 1464 de
1148 1425 1493 1477 praedestinatione
1517 1430 1724 1470 &annexis
1737 1433 1839 1485 capi-

109 1503 136 1527 ,‚
165 1476 284 1526 tibus,
316 1479 355 1515 &
375 1477 414 1516 in
435 1476 569 1516 eadem
590 1476 717 1517 adhuc
736 1476 842 1518 fuisse
863 1477 1069 1524 sententia,
1099 1494 1184 1520 cum
1207 1480 1369 1534 Synodo
1392 1482 1662 1525 Dordracenae
1683 1485 1839 1528 interes-

108 1558 135 1579 „
164 1531 237 1571 set:
269 1545 354 1571 cum
376 1545 468 1571 vero
488 1531 714 1585 Episcopius
731 1532 858 1572 locum
875 1531 938 1586 Jo.
969 1533 1039 1573 III.
1059 1537 1120 1573 16.
1150 1537 1330 1576 acerrime
1342 1535 1518 1578 adversus
1531 1538 1836 1582 Contraremon-

107 1613 135 1638 „
165 1585 302 1626 stantes
332 1586 494 1636 ursisset,
525 1587 693 1627 Calvino
723 1587 788 1641 (ut
814 1588 893 1640 ipse
915 1587 972 1629 Vde
993 1587 1031 1629 se
1052 1587 1189 1631 fatetur
1209 1590 1408 1644 Halefius)
1430 1592 1665 1645 valedixisse,
1696 1599 1736 1635 &
1757 1599 1839 1639 Re·

107 1671 134 1694 „
164 1641 453 1682 monstrantium
473 1641 679 1682 sententiae
708 1642 911 1693 accessisse,
941 1644 993 1683 ita
1024 1656 1151 1684 tamen
1173 1658 1214 1685 ut
1234 1645 1529 1689 moderatissime
1550 1648 1587 1690 se
1606 1663 1767 1702 gereret,
1798 1657 1838 1693 &

107 1723 135 1746 „
163 1696 293 1735 omnia
325 1696 375 1735 ad
403 1710 535 1749 pacem
565 1699 603 1735 &
635 1697 828 1737 caritatem
860 1697 1050 1751 dirigeret.
1107 1699 1279 1740 Celebris
1302 1701 1513 1754 Episcopus
1532 1704 1755 1746 Pearsonius
1783 1708 1836 1748 ita

107 1778 134 1801 „
163 1764 398 1804 eum,quem
419 1750 558 1790 multos
579 1764 700 1791 annos
732 1751 1013 1792 familiarissime
1042 1754 1513 1808 noveratffgoegoemngfss‘ei:
1540 1757 1578 1807 J.
1610 1758 1750 1810 Hales,
1781 1762 1836 1802 in—

107 1837 134 1858 ,‚
164 1806 268 1859 quit,
297 1816 377 1845 erat
404 1806 461 1845 vir
490 1805 649 1845 naturali
679 1806 852 1846 acumine
886 1810 926 1845 &
957 1807 1091 1847 vivido
1110 1809 1288 1862 ingenio:
1319 1810 1517 1864 diligentia
1538 1813 1578 1852 in
1600 1813 1732 1855 studiis
1753 1831 1834 1857 non

108 1887 136 1912 „
166 1861 327 1911 minori,
357 1874 472 1913 quam
495 1860 702 1913 capacitate
721 1861 835 1900 animi
860 1861 1057 1916 singulari,
1086 1877 1161 1916 qua
1183 1864 1221 1902 in
1241 1865 1349 1904 omni
1369 1865 1545 1906 doctrina
1556 1878 1634 1907 tam
1646 1869 1834 1922 perfe&us

107 1943 135 1964 ‚,
165 1914 300 1965 evasit,
330 1927 372 1955 ut
394 1915 502 1968 pauci
522 1914 660 1954 eruditi
680 1929 767 1955 cum
786 1915 852 1955 illo
875 1919 1086 1969 comparari
1106 1917 1269 1971 possint:
1295 1919 1483 1971 judicium
1506 1936 1589 1962 acre
1608 1937 1688 1962 non
1708 1926 1835 1967 minus

106 2002 134 2023 ‚,
165 1969 286 2023 ipsum
306 1968 600 2009 commendabat
619 1983 733 2023 quam
755 1970 850 2010 aliae
869 1970 1003 2020 dotes,
1034 1972 1086 2012 ita
1109 1984 1148 2012 ut
1168 1973 1259 2012 esset
1278 1974 1470 2028 exemplar
1490 1976 1713 2020 admirabile
1732 1983 1834 2022 acuti

106 2056 133 2077 „
163 2024 330 2079 ingenii,
361 2024 564 2065 immensae
586 2024 785 2075 scientiae,
815 2028 854 2064 &
875 2027 1066 2066 accerrimi
1084 2027 1241 2080 judicii:
1271 2029 1366 2082 quin
1389 2031 1525 2080 etiam,
1546 2033 1689 2073 etiamsi
1704 2036 1834 2076 neele-

106 2111 133 2133 ,‚
163 2092 289 2120 menta
320 2079 477 2133 quidem
506 2079 704 2120 doftrinae
725 2080 908 2130 novisset,
936 2092 995 2121 tot
1017 2082 1098 2122 aliis
1117 2083 1317 2124 virtutibus
1336 2098 1492 2125 ornatus
1514 2085 1605 2137 fuit,
1635 2100 1676 2129 ut
1698 2090 1756 2129 his
1775 2091 1834 2131 so-

107 2166 135 2187 „
163 2134 206 2175 lis
237 2135 284 2174 ab
317 2134 494 2175 omnibus
525 2136 644 2174 amari
675 2138 714 2174 &
734 2136 965 2190 magnifieri
987 2137 1198 2184 meruissem
1229 2150 1307 2179 tam
1329 2152 1409 2179 erat
1430 2140 1638 2195 benignus,
1670 2145 1773 2185 mitis
1793 2150 1833 2186 δε

106 2221 133 2242 ,‚
162 2189 375 2239 modestus,
405 2204 520 2230 nemo
539 2190 730 2230 Naturam
751 2190 948 2231 doetrinae
966 2193 1206 2247 evangelicae
1226 2194 1358 2234 melius
1373 2194 1456 2248 ipso
1468 2196 1723 2251 intelligebat3
1752 2212 1833 2241 ute-

105 2275 133 2297 „
162 2245 269 2285 batur
296 2244 454 2298 quidem
483 2245 652 2286 libertate
679 2246 729 2286 de
757 2246 935 2287 omnibus
952 2247 1174 2300 judicandi,
1204 2249 1268 2289 sed
1291 2250 1380 2299 fibi,
1411 2264 1490 2291 non
1511 2263 1552 2292 ut
1570 2253 1664 2294 alios
1680 2254 1829 2307 judicio

105 2331 132 2352 „
163 2299 228 2340 suo
249 2299 434 2352 subjectos
455 2300 529 2340 effe
549 2301 818 2341 contenderet:
849 2305 886 2340 &
909 2302 1016 2351 sane,
1039 2302 1066 2342 si
1088 2303 1152 2343 ulli
1172 2304 1258 2344 licet
1278 2304 1327 2344 de
1338 2305 1446 2346 rebus
1456 2305 1503 2346 ad
1515 2306 1738 2361 religionem
1749 2324 1832 2363 per-

107 2383 135 2407 „
164 2355 371 2395 tinentibus
391 2355 562 2408 judicare
589 2382 600 2400 ‚
639 2356 728 2395 huic
750 2358 832 2396 viro
851 2356 893 2396 id
913 2354 1075 2398 concedi
1097 2357 1230 2404 debet,
1259 2360 1325 2412 qui
1346 2360 1492 2401 tamdiu
1513 2364 1644 2402 omnia
1662 2365 1829 2416 pruden-

106 2441 133 2462 ,‚
163 2409 296 2450 tissime
326 2409 649 2461 consideraverat,
679 2425 870 2465 quemque
896 2412 1019 2453 nullus
1049 2413 1205 2454 affe6tus
1235 2428 1372 2468 pravus
1392 2415 1442 2456 de
1463 2418 1612 2458 tramite
1632 2420 1755 2460 restae
1775 2435 1832 2460 ra-

107 2496 134 2517 „
163 2465 278 2505 tionis
304 2464 456 2506 fleRere
478 2478 646 2519 poterat:
677 2467 715 2505 in
740 2467 817 2506 vita
838 2480 919 2506 non
935 2466 1055 2507 solum
1074 2481 1153 2508 erat
1172 2469 1364 2522 exemplar
1383 2471 1567 2522 justitiae,
1597 2474 1764 2515 veritatis
1787 2479 1826 2514 &

108 2551 134 2570 „
164 2519 394 2570 modestiae,
423 2533 554 2561 verum
585 2521 698 2560 etiam
731 2533 808 2560 tam
832 2521 1044 2573 beneficus,
1074 2534 1116 2563 ut
1134 2525 1265 2564 omnia
1286 2525 1348 2565 sua
1369 2525 1408 2565 in
1427 2526 1521 2567 alios
1541 2541 1738 2582 erogaret,
1767 2531 1827 2569 ni-

107 2606 134 2626 „
165 2575 295 2629 hilque
315 2575 381 2614 sibi
401 2587 546 2628 praeter
565 2575 681 2615 libros
702 2575 787 2616 suos
807 2576 1027 2623 reservaret;
1041 2579 1078 2617 in
1103 2578 1203 2618 nulla
1226 2593 1265 2619 re
1286 2579 1417 2621 durior
1433 2593 1512 2622 erat
1532 2596 1646 2636 quam
1666 2585 1705 2624 in
1726 2585 1829 2625 libris

108 2660 134 2680 „
164 2629 346 2680 edendis,
376 2630 465 2670 licet
492 2631 598 2670 enim
631 2630 878 2685 undiquaque
908 2632 958 2672 ad
989 2633 1030 2672 id
1061 2633 1299 2684 incitaretur,
1330 2636 1477 2676 animus
1503 2637 1605 2688 ejus,
1636 2650 1713 2678 tam
1733 2639 1828 2680 lenis

104 2714 136 2732 „
164 2688 203 2724 &
235 2683 376 2730 facilis,
405 2685 581 2726 adversus
608 2686 683 2726 hoc
703 2698 782 2726 erat
802 2686 1010 2728 obstinatus
1022 2690 1054 2728 ’'.
1111 2690 1207 2742 Qio
1227 2689 1415 2730 schemate
1437 2691 1627 2734 Professor
1646 2693 1827 2735 Bafilien·

109 2739 155 2779 sis
176 2739 211 2780 se
240 2739 358 2793 ipsum
379 2741 589 2794 exprimere
610 2752 723 2795 atque
744 2741 950 2782 defendere
973 2743 1128 2784 voluisse
1149 2743 1275 2784 multis
1294 2756 1385 2784 tune
1407 2745 1504 2787 visus
1525 2747 1588 2788 est.

164 2824 190 2843 „
219 2794 412 2836 LOCKE
440 2794 662 2850 (Joannes)
692 2819 756 2827 —--
782 2797 932 2837 Tantus
959 2797 1215 2851 Philosophus
1243 2813 1330 2839 cum
1359 2800 1470 2847 esset,
1500 2815 1580 2842 non
1601 2813 1728 2843 tamen
1748 2817 1829 2845 erat

110 2876 137 2898 „
164 2861 377 2890 contemtor
406 2863 469 2891 aut
498 2851 640 2891 derisor
657 2851 893 2907 Religioni83
921 2852 1007 2892 licet
1026 2854 1137 2893 variis
1158 2854 1430 2908 hypothesibus
1448 2855 1519 2896 suis
1538 2857 1712 2911 mysteria
1731 2858 1824 2900 fidei

111 2931 137 2951 „
166 2903 374 2954 profanasse
403 2904 513 2946 fuerit
541 2906 751 2955 accusatus·‚
781 2906 888 2961 quod
920 2908 1010 2947 inde
1031 2921 1157 2949 ortum
1175 2909 1250 2954 est,
1281 2910 1387 2963 quod
1408 2911 1629 2966 plerumque
1644 2927 1730 2953 cum
1752 2915 1826 2954 Ar-

111 2985 139 3005 „
166 2958 339 2999 minianis
364 2960 554 3001 sentiebat.
608 2963 825 3015 Aliquoties
850 2962 939 3002 ideo
966 2964 1111 3016 scriptis
1139 2964 1353 3017 impetitus,
1384 2964 1547 3006 studiose
1578 2966 1614 3008 se
1639 2966 1823 3009 defendit.

108 3039 135 3060 ,‚
166 3011 366 3053 Caeterum
385 3017 514 3055 omnia
536 3015 636 3069 signa
657 3016 765 3056 dedit
785 3016 976 3062 hominis,
1006 3020 1073 3072 qui
1095 3019 1183 3059 Deo
1199 3019 1332 3059 servire
1351 3020 1447 3060 serio
1468 3033 1632 3074 cuperet.

162 3095 189 3114 „
219 3065 413 3108 MEDUS
435 3070 675 3123 (Josephus)
698 3072 735 3110 in
757 3072 1020 3113 controversiis
1038 3073 1088 3114 de
1108 3073 1456 3122 Praedestinatione
1475 3088 1555 3116 erat
1574 3075 1822 3116 moderatissi-

107 3124 135 3171 ‘„
166 3133 269 3160 mus:
298 3121 348 3160 ita
365 3134 490 3164 tamen
509 3137 550 3165 ut
570 3125 775 3167 absolutam
794 3128 1101 3182 reprobationem
1120 3142 1201 3170 non
1220 3129 1342 3182 pofl'et
1360 3129 1465 3171 ferre.
1518 3131 1724 3172 Caeterum
1742 3141 1832 3171 erat-

110 3204 136 3225 „
166 3176 223 3216 vir
240 3175 324 3229 pius
342 3179 381 3216 &
398 3177 530 3219 bonus.

974 3238 1043 3277 Aa
1073 3249 1094 3289 3
1646 3269 1673 3289 „
1701 3237 1823 3280 MIL-
