1976 3519
466 199 1463 246 PROLEGOMENA.
1793 212 1848 261 65

109 292 141 339 ‘,‚
167 285 351 329 triarchae
382 285 826 338 Constantinopolitani,
855 287 922 340 qui
953 285 1046 327 illud
1073 285 1183 327 dono
1210 286 1320 328 dedit
1340 288 1545 343 Heneagio
1564 288 1691 331 Finch
1711 290 1847 334 Comi-

114 369 140 393 „
169 344 199 384 ti
220 342 269 383 de
290 342 540 396 Winchelsey
560 341 609 380 ad
627 341 840 381 Turcarum
861 342 1134 394 Imperatorem
1156 342 1303 396 Legato
1323 344 1387 383 ΑΟ.
1425 348 1504 383 166
1512 357 1543 385 i.

169 411 232 437 20.
261 424 287 447 „
317 397 456 437 Codex
486 394 614 435 Laud.
650 408 688 445 4.
715 397 889 436 continet
918 395 1256 450 Evangelistarium
1286 396 1465 450 scriptum
1484 432 1495 448 ‚
1544 410 1586 440 ut
1615 412 1773 456 apparet
1800 404 1842 444 in

112 481 138 502 ,‚
167 452 244 492 fine
265 452 366 503 ejus,
395 466 417 490 a
438 449 607 504 quodam
627 450 834 501 Onelimo,
864 450 992 491 mense
1011 450 1160 504 Aprili,
1188 449 1408 491 Indistione
1426 468 1479 496 ιτ.
1510 455 1600 494 anni
1619 469 1727 507 τῖφνε,
1755 456 1795 498 h.
1809 472 1842 499 e.

110 535 136 557 „
167 506 312 546 Christi
346 518 463 556 1047.

170 576 234 602 21.
263 592 288 612 ,‚
319 560 458 600 Codex
480 557 634 599 Seldeni
652 572 690 611 4.
719 560 1059 615 Evangelistarium
1078 561 1291 610 vetustum,
1317 560 1384 602 sed
1402 561 1588 604 mutilum.

169 630 188 656 2
199 630 232 656 2,
260 645 286 666 ,‚
316 613 454 654 Codex
476 613 630 654 Seldeni
653 629 685 662 ς.
700 615 1038 670 Evangelistarium
1060 616 1267 666 vetustum,
1280 615 1344 656 sed
1364 616 1563 659 lacerum'’.
1593 618 1653 659 Ita
1666 620 1838 665 Millius.

173 684 192 710 2
202 683 236 722 3.
266 670 622 723 Evangelistarium,
651 670 759 724 quod
780 670 861 710 vidi
878 669 980 724 apud
1001 670 1063 710 Cl.
1095 670 1147 711 R.
1178 670 1319 712 Mead.

172 736 236 775 24.
265 723 406 764 Codex
425 723 678 776 Augustanus
698 738 736 775 4.
765 726 819 766 est
838 725 1175 778 Evangelistarium
1187 757 1199 776 ,
1228 725 1408 780 scriptum
1424 726 1541 768 literis
1561 727 1837 783 grandioribus:

110 782 162 820 ita
182 794 268 819 eum
286 778 461 819 describit
480 779 529 829 J.
561 780 616 819 A.
649 779 880 833 Bengelius;
911 781 977 834 qui
997 780 1112 820 etiam
1135 779 1185 821 V.
1211 795 1257 821 ex
1277 795 1326 821 eo
1337 782 1380 822 L.
1409 781 1602 836 produxit.

161 834 359 874 Hastenus
387 833 437 873 de
468 832 680 874 Codicibus
709 834 1019 889 Evangeliorum
1037 835 1204 888 egimus:
1229 836 1423 888 Codices,
1452 838 1519 891 qui
1536 838 1688 880 seorfim
1705 840 1838 893 Ana,

107 888 305 945 Epistolas
324 900 387 929 aut
404 888 655 943 Apocalypstn
677 890 898 941 continent,
919 889 1170 931 describemus
1191 890 1258 931 suo
1275 892 1375 932 loco.

157 1000 226 1040 DE
256 999 599 1040 Semproiussus
636 1000 877 1050 GRAECIS,
910 1012 990 1051 qm
1019 999 1153 1041 Novo
1183 1000 1512 1043 ΤΕετΑΜΕΝτο
1534 1015 1611 1043 USI
1634 1017 1780 1058 SUNT,

507 1065 657 1104 usqua
680 1068 740 1094 AD
759 1056 999 1096 TEMPORA
1023 1056 1364 1096 CONSTANTINI
1388 1058 1448 1098 M.

102 1166 412 1249 EVangelium
445 1166 772 1217 Nazaraeorum,
802 1166 879 1208 five
895 1167 1183 1216 Ebionitarum,
1216 1164 1292 1208 sive
1313 1164 1520 1209 duodecim
1546 1167 1835 1223 Apostolorum,

143 1222 146 1226 ’
207 1221 283 1262 five
303 1219 407 1260 noti-<2
431 1219 605 1273 Ἑζριιῖες,
636 1233 694 1262 tot
715 1224 818 1263 enim
838 1223 1055 1276 nominibus
1077 1223 1180 1263 idem
1202 1222 1435 1276 appellatur,
1467 1225 1632 1266 citarunt
1644 1225 1832 1277 Irenaeus,

99 1278 282 1318 Clemens
312 1277 499 1318 Alexand.
529 1278 740 1332 Origenes,
770 1277 1009 1331 Epiphanius
1041 1289 1156 1331 atque
1189 1277 1460 1332 Hieronymus.
1517 1277 1708 1332 Ναζαρήνὸι
1729 1311 1741 1331 ,
1780 1284 1834 1324 ait

99 1332 292 1387 Epiphan.
322 1332 419 1372 Hae.
452 1333 515 1372 28.
545 1330 659 1383 ’έχουσι
680 1328 721 1371 τὸ
740 1330 845 1371 κατὰ,
875 1331 1054 1372 Ματθαῗον
1087 1329 1289 1381 ἐυαγγέλιον
1308 1330 1834 1390 σληρέτατονὲξραϊῖὶ,ςυοά

98 1389 261 1441 explicat
292 1387 389 1428 Hae.
424 1400 487 1438 30.
517 1386 544 1427 ἒν
574 1387 627 1434 ‘rea‘v
658 1387 736 1436 ’γοῦν
766 1388 846 1438 τιταρ
875 1387 991 1429 αὐτοῖς
1023 1386 1221 1437 ἒυαγγελῖῳ
1254 1386 1360 1427 κατὰ
1376 1386 1832 1443 Ματθαῖον,ὂνομαζομένῳ,

97 1443 169 1495 οὐχ
186 1442 256 1491 ἵλῳ
279 1439 382 1496 [lege
403 1443 461 1481 οὐκ,
482 1439 570 1496 ἕντι]
592 1439 627 1481 δὲ
639 1474 650 1493 ,
663 1441 892 1493 σληρεεῖσίτῳ
905 1439 1040 1492 ,ἀλλὰ
1059 1440 1261 1492 νενοθευμὲνῳ
1283 1440 1676 1494 καῖ,ἦκρωτηριοισμε’νῳ,
1697 1446 1833 1498 ‘Bepar-

96 1495 151 1537 κὲν
170 1494 206 1536 δὲ
222 1497 327 1537 τοῦτο
345 1497 517 1537 καλοῦσιν.
574 1497 805 1553 Fragmenta
824 1498 979 1553 collegit
996 1497 1033 1551 J.
1062 1501 1110 1538 A.
1142 1498 1334 1538 Fabricius
1353 1498 1393 1538 in
1413 1499 1566 1540 Codice
1587 1502 1831 1557 Apocrypho

95 1553 153 1593 N.
181 1552 232 1592 T.
260 1552 477 1607 Hamburgi
503 1564 622 1605 1719.
654 1552 784 1602 edito,
814 1567 928 1606 quern
958 1552 1126 1593 fefellisse
1146 1553 1404 1606 conjesturam
1424 1554 1464 1594 in
1484 1568 1533 1594 eo
1554 1554 1692 1602 video,
1720 1556 1828 1611 quod

93 1607 240 1648 disi-um
261 1622 416 1662 quoque
434 1608 527 1648 illud
543 1605 699 1659 μυςῆριον
716 1604 790 1656 ἐμὸν
810 1603 879 1656 ἐμοὶ
900 1606 960 1648 καὶ
982 1606 1052 1648 τοῖς
1074 1606 1146 1649 ὑιοῖς
1167 1608 1217 1647 τῦ
1240 1606 1325 1646 Ἀικου
1344 1624 1428 1659 μου,
1453 1624 1474 1649 a
1495 1608 1698 1651 Clemente
1718 1611 1827 1652 AleX.

94 1662 244 1702 allatum
257 1693 268 1713 ,
280 1677 326 1702 ex
347 1662 485 1704 eodem
506 1663 717 1717 Evangelio
737 1664 898 1716 petitum
919 1663 1120 1716 suspicatus
1138 1663 1214 1714 est,
1226 1677 1314 1703 cum
1330 1663 1376 1704 fit
1393 1677 1437 1705 ex
1452 1663 1580 1705 Esaiae
1590 1665 1746 1709 XXIV.
1763 1679 1826 1718 17.

151 1718 322 1757 Hermae
341 1717 506 1768 Pastor,
536 1732 582 1757 ex
602 1718 735 1757 eadem
755 1718 939 1758 Editione
960 1718 1131 1758 Fabricii.

149 1771 360 1811 Barnabae
377 1771 576 1823 Epistola,
608 1786 654 1811 ex
675 1771 858 1812 Editione
879 1771 1064 1811 Cotelerii
1082 1774 1148 1812 ΑΟ.
1182 1774 1303 1818 1698.
1332 1773 1370 1813 in
1397 1770 1522 1814 Folio.

151 1827 364 1867 Clementis
392 1826 564 1865 Romam
587 1824 781 1879 Epistolae
803 1826 901 1866 duae
920 1840 967 1866 ex
986 1825 1138 1867 Codice
1158 1827 1420 1868 Alexandrino
1442 1843 1510 1882 per
1529 1829 1735 1872 Patricium
1754 1829 1826 1886 Ju-‘

96 1884 203 1924 nium
221 1893 371 1930 erutae,
402 1881 489 1935 qui,
502 1880 593 1920 dum
613 1881 763 1920 lacunas
783 1894 828 1920 ex
846 1882 1004 1934 ingenio
1022 1882 1215 1934 complere
1238 1895 1419 1931 conatur,
1443 1883 1546 1924 haud
1567 1898 1652 1925 raro
1672 1887 1824 1929 videtur

92 1936 288 1993 impegisse
301 1963 311 1981 ‚
330 1948 371 1976 ut
389 1949 495 1985 cum,
507 1935 622 1975 literis
640 1934 866 1988 quibusdam
885 1936 1010 1974 statim
1030 1937 1069 1974 in
1092 1936 1222 1976 limine
1234 1936 1432 1988 obsoletis,
1445 1939 1537 1992 legit
1548 1954 1682 1980 vocem
1694 1942 1821 1996 Scrip-

93 1994 238 2033 toribus
268 1990 532 2032 Ecclesiasticis
560 1989 774 2030 inusitatam
805 1982 1016 2044 δυσοίζομεν,
1045 1990 1110 2030 ubi
1138 1991 1200 2030 alii
1234 1990 1428 2045 νομίζομεν,
1457 1994 1520 2033 alii
1538 1993 1714 2043 δοκῆσομεν
1733 2011 1828 2037 con.

91 2048 273 2101 jecerunt.
329 2046 405 2087 Sed
436 2045 567 2100 procul
597 2044 716 2085 dubio
748 2043 1045 2085 substituendum
1072 2056 1152 2085 erat
1183 2046 1339 2087 verbum
1369 2062 1391 2087 a
1420 2047 1541 2088 Paulo
1566 2049 1607 2089 in
1641 2051 1823 2104 Epistolis

94 2102 312 2155 frequenter
350 2101 566 2155 usurpatum
595 2094 790 2156 ’γνωςῖζομεν
810 2133 821 2151 ,
857 2100 965 2154 quod
995 2100 1140 2141 sensum
1173 2101 1299 2142 reddit
1331 2102 1539 2156 simplicem
1573 2105 1819 2160 planumque.

146 2156 264 2198 Hanc
283 2157 584 2212 qualemcunque
612 2156 921 2197 emendationem
951 2170 1096 2207 meam,
1127 2169 1241 2210 quam
1258 2157 1338 2210 jam
1361 2160 1426 2199 ΑΟ.
1463 2171 1578 2210 ¹730·
1606 2160 1646 2199 in
1668 2161 1822 2214 publico

93 2213 386 2268 proposueram,
416 2217 455 2253 ὅ(
482 2213 638 2254 biennio
665 2224 752 2253 ante
769 2227 855 2253 cum
873 2226 1020 2266 nupero
1039 2211 1079 2250 E
1073 2212 1302 2268 pistolarum
1326 2212 1541 2252 Clementis
1563 2214 1708 2255 editore
1717 2231 1824 2257 com-

93 2269 398 2318 municaveram,
426 2268 564 2309 Editor
583 2269 650 2309 iste
667 2282 746 2308 non
768 2268 888 2309 solum
913 2270 979 2308 ΑΟ.
1015 2280 1133 2319 1742.
1164 2267 1232 2307 sibi
1260 2267 1414 2314 tribuit,
1442 2268 1625 2310 scribens:
1657 2284 1695 2324 p.
1731 2284 1821 2321 119.

94 2355 120 2374 „
141 2323 284 2379 quidsi
300 2321 424 2378 [γνωρ]
449 2319 556 2378 ἵζομεν
575 2322 778 2378 legamus?
791 2322 894 2369 ὄνθ’.
924 2322 989 2363 sed
1008 2324 1122 2363 etiam
1143 2323 1183 2362 in
1203 2323 1356 2377 publico
1374 2322 1581 2377 specimine
1604 2326 1670 2367 ΑΟ.
1704 2339 1822 2378 1744.

95 2380 134 2418 in
156 2379 288 2419 eadem
309 2380 399 2419 urbe
412 2393 479 2427 ,ex
495 2378 629 2420 eadem
650 2378 804 2419 officina
817 2409 828 2429 ‚
850 2378 1060 2432 eademque
1080 2377 1204 2419 forma
1226 2377 1387 2431 (utcum
1398 2378 1578 2433 Epistolis
1590 2381 1823 2433 Apostolicis

95 2439 135 2473 δε
162 2435 487 2475 Annotationibus
516 2436 555 2474 in
590 2433 729 2474 eodem
760 2434 954 2474 volumine
972 2433 1301 2488 compingeretur)
1325 2432 1433 2474 edito
1451 2434 1599 2486 publice
1619 2435 1656 2475 se
1676 2435 1821 2478 laudari

94 2489 217 2542 passus
247 2489 301 2529 est
331 2489 391 2529 his
418 2490 561 2529 verbis:
599 2520 624 2539 „
653 2489 784 2529 Multo
818 2501 945 2529 tamen
971 2489 1097 2540 aptior
1118 2489 1156 2528 h.
1183 2489 1205 2529 l.
1234 2488 1289 2528 est
1312 2486 1535 2539 Noviffi'ma
1562 2489 1653 2529 Viri
1669 2491 1818 2542 siaemmi

94 2574 121 2595 „
151 2544 391 2594 consenum,
422 2547 490 2598 qui
508 2546 712 2597 sagaciter
741 2544 849 2584 vidit
880 2541 1078 2596 γνωρίζομεν
1094 2542 1169 2584 εΠὲ
1187 2543 1344 2584 verbum
1364 2543 1476 2594 illud,
1509 2543 1617 2598 quod
1636 2546 1820 2589 vetustate

95 2629 120 2649 „
149 2599 293 2639 codicis
318 2598 483 2640 deletum
511 2599 582 2639 fuit
602 2603 664 2639 &c
675 2602 708 2638 ’'.
766 2599 890 2650 Quod
909 2600 980 2638 hac
998 2598 1197 2639 occasione
1217 2597 1433 2639 notandum
1452 2599 1526 2639 esse
1542 2599 1738 2654 judicavi,
1769 2616 1818 2644 ne

95 2655 199 2707 quis,
228 2668 402 2708 tempora
431 2668 510 2694 non
531 2654 616 2694 satis
642 2653 969 2708 distinguens,me
999 2654 1052 2694 illi
1090 2653 1240 2694 Editori
1259 2653 1405 2707 aliquid
1426 2654 1583 2696 tacitum
1601 2654 1815 2711 sublegisse,

95 2712 136 2748 ὅ(
155 2710 320 2764 plagium
333 2740 344 2759 ‚
373 2709 480 2763 quod
498 2721 660 2758 vocant,
689 2709 892 2750 literarium
913 2708 1038 2750 fecisse
1054 2708 1306 2763 suspicaretur.

152 2764 345 2804 Clementi
374 2764 492 2805 multa
518 2764 716 2819 quondam
747 2764 840 2804 falso
869 2764 1056 2818 adscripta
1087 2763 1258 2814 fuerunt,
1289 2763 1339 2805 de
1358 2763 1493 2818 quibus
1510 2764 1691 2808 Eusebius
1713 2767 1815 2809 Hist.

95 2819 196 2860 Eccl.
228 2833 274 2872 3,
307 2820 369 2872 38.
399 2817 456 2864 ἤδη
484 2817 519 2859 δὲ
549 2815 609 2859 καὶ
635 2817 740 2870 ’ἕτεροι
765 2818 934 2860 women&
963 2816 1023 2859 καὶ
1052 2817 1176 2870 μακροὶ
1204 2816 1510 2872 συγγςοίμματα,
1542 2818 1583 2870 ὦῑ
1603 2822 1664 2860 τοῦ
1692 2822 1815 2868 αὐτοῦ,

96 2870 177 2924 χθὲς
206 2870 265 2913 καὶ
291 2872 406 2926 τιτςῶην
435 2871 517 2917 τινὲς
545 2872 769 2927 πςοὶιγαγον,
799 2872 929 2926 Πέτρου
954 2872 993 2916 3¹3,
1020 2871 1080 2914 καὶ
1100 2871 1263 2916 Ἀπίωνος
1284 2873 1492 2929 ,Ἅμιλὸγους
1512 2873 1745 2927 σεςιὲχοντοι,
1776 2875 1817 2917 effu

95 2927 164 2965 οὐδ’
191 2930 277 2970 ὅλως
304 2928 413 2976 μνῆμη
440 2926 495 2971 τὶς
520 2927 628 2981 παρὰ
655 2929 725 2971 τοῖς
753 2928 925 2972 παλαιοῖς
953 2925 1110 2981 φέρεται,
1139 2926 1209 2969 οὐδὲ
1239 2927 1311 2980 γὰρ
1330 2927 1470 2981 καθαρὸν
1491 2929 1552 2972 ‘riis
1571 2931 1815 2975 Ἀποτολικῆς

97 2981 270 3036 ὄρθοὸοξῖας
299 2981 477 3035 ἀποσώζει
499 2983 557 3025 τὸν
576 2983 783 3036 χαρακΉρα.
838 2985 885 3025 In
911 2985 1048 3039 quibus
1067 2985 1190 3025 verbis
1211 2986 1412 3039 praecipue
1433 2984 1495 3024 illa
1516 2982 1598 3036 χθὲς
1614 2982 1674 3026 καὶ
1698 2985 1811 3037 πρώην

97 3040 222 3077 notari
247 3040 371 3079 velim.
428 3039 808 3081 Pseudo-Clementis
837 3040 921 3080 sunt
954 3053 986 3079 1.
1018 3039 1319 3092 Constitutione-s
1350 3038 1591 3093 Apostolicae
1611 3070 1623 3090 ,
1655 3054 1813 3094 quarum

97 3093 247 3132 Austor
276 3093 482 3147 Hexaplari
513 3096 695 3149 Origenis
714 3095 897 3136 Editione
914 3094 999 3136 usus
1016 3095 1092 3141 est,
1123 3097 1162 3134 δε
1180 3095 1274 3135 locis
1290 3093 1443 3136 Veteris
1461 3094 1697 3135 Testamenti
1718 3094 1813 3134 mul-

98 3158 137 3187 ta
163 3146 345 3202 Aquilae,
375 3150 614 3203 Symmachi,
642 3161 755 3205 atque
782 3150 1073 3245 Theodotionis
1093 3149 1363 3200 intermiscuit,
1391 3149 1447 3190 uti
1463 3147 1638 3204 diligenti
1657 3148 1810 3189 investi-

1749 3216 1815 3258 ga‘
