1976 3519
148 225 306 269 XXIV.

688 230 907 264 KATA
982 230 1462 267 ‘MATQAION

1771 241 1847 281 501

124 325 173 366 23
207 327 265 351 w.
297 308 387 349 Τότε
409 307 463 348 ἐάν
484 326 537 350 τις
556 307 629 357 ὑμῖν
651 307 743 360 εἴπῃ·
772 307 880 356 Ἰδοὺ,
908 307 971 348 ἇῗὸε
992 307 1007 348 ὅ
1030 308 1181 361 xpm-Es,
1209 308 1227 354 ’ἦ
1262 308 1336 351 ἇῗὲε·
1365 312 1427 357 Μὴ
1454 313 1665 371 &tq-edunt&
1693 315 1852 368 ‘E‘yepissa

123 381 142 408 2
149 380 178 417 4
205 380 319 405 aon-21
340 363 413 416 γὰρ
432 363 657 417 ψευὸέχριγοι
679 383 704 416 23
725 364 1029 417 ψευὸοπροφῆται,
1051 367 1077 417 25¹,
1101 364 1241 406 ’δώσουσι
1262 365 1385 415 σημεῖα
1402 368 1557 418 μεγάλα.
1575 372 1600 422 ²53
1622 368 1782 423 τέρατα-γ,
1801 370 1853 431 τξὲ-Ι-

150 524 204 552 ‘²3·
219 509 263 541 (ῖὸε
279 512 432 552 posterius]
455 513 509 540 ἐκεῖ
517 514 554 542 D.
573 513 624 541 Ev.
644 514 686 541 16.
702 513 797 541 Versto
813 514 883 550 vulg.
900 517 973 551 Copt.
988 512 1131 542 Theodoret.
1145 511 1260 550 Origines
1274 513 1313 542 H.
1327 524 1373 550 29.
1384 516 1514 553 probante
1530 523 1611 554 sza.

115 552 289 591 Athanasim.

117 629 164 661 sus
182 628 318 661 arborin
334 628 408 669 agris
424 628 485 667 ejus
501 625 660 665 conspicua
676 627 830 659 altitudine
845 637 962 668 repente

116 671 300 714 prociderat,
314 680 348 701 ac
365 669 478 711 postera
491 669 538 700 die
555 669 661 700 eodem
673 670 798 711 vestigio
815 669 962 711 resurgens

117 724 244 756 procera
259 715 293 746 δε
312 714 395 744 latior
414 713 545 749 virebat,
560 711 668 752 grande
686 712 715 742 id
732 713 962 754 prosperumque

118 756 261 788 consensu
286 755 492 796 haruspicum:
516 754 550 784 &
573 754 685 785 summa
701 755 847 786 claritudo
859 756 963 794 juveni

117 799 216 830 adhuc
234 797 405 839 Vespasiano
420 796 568 838 promissa·
582 816 647 822 --
664 797 721 828 Sed
738 799 837 838 primo
854 799 962 828 triurn-

117 841 234 883 phalia,
255 842 288 873 &
312 840 478 871 consulatus
503 840 536 870 &
556 838 699 878 Judaicae
714 840 858 871 victoriae
872 840 962 871 decus

117 883 250 925 impleffe
268 882 356 913 fidem
373 882 482 912 ominis
499 880 740 913 videbanturrut
755 882 826 913 haec
841 883 961 924 adeptus

117 924 326 967 est,portendi
342 925 394 955 fibi
412 925 569 965 imperium
586 922 737 955 credebat.
754 924 807 955 Est
818 924 962 964 Judaeam

115 968 193 999 inter
217 968 390 1009 Syriamque
415 966 572 998 Carmelus
589 989 599 1006 ,
628 967 667 997 ita
689 976 802 999 vocant
827 977 963 998 montem

116 1009 301 1051 Deumque,
315 1020 371 1041 nec
390 1009 578 1040 simulacrum
598 1009 668 1039 Deo
683 1018 732 1040 aut
747 1010 910 1050 tempium,
922 1011 962 1040 fic

119 1052 266 1088 tradidere
289 1054 435 1093 majores,
453 1061 535 1083 aram
561 1059 676 1092 tantum
703 1052 737 1082 ὅ(
761 1053 962 1084 reverentiam.

116 1094 185 1127 Illic
194 1095 367 1126 sacrificanti
379 1093 651 1135 Vespafiano,cum
667 1094 729 1134 spes
744 1094 879 1125 occultas
897 1105 964 1126 ver-

117 1137 191 1169 saret
215 1139 334 1177 animo,
355 1137 485 1169 Basilides
501 1136 633 1167 sacerdos
650 1135 786 1177 inspectis
801 1137 962 1169 identidem

117 1182 211 1216 extis,
231 1180 386 1220 Quicquid
402 1179 465 1216 est,
487 1179 583 1219 inquit
601 1178 789 1223 Vespafiane,
811 1180 892 1220 quod
910 1191 961 1221 pa-

116 1233 182 1262 ras,
196 1222 242 1253 seu
258 1222 386 1253 domurn
403 1230 550 1262 extruere,
567 1220 770 1262 seuptolatare
783 1231 887 1262 agros,
904 1223 965 1255 five

115 1265 257 1308 ampliare
270 1264 403 1305 servitia,
423 1265 508 1295 datur
522 1264 578 1295 tibi
596 1272 700 1305 magna
715 1264 811 1305 sedes,
833 1266 963 1306 ingentes

115 1308 255 1346 termini,
278 1306 406 1338 multum
426 1306 595 1339 hominum.
618 1305 682 1337 Has
698 1307 835 1348 ambages
853 1309 887 1339 &
908 1308 963 1340 sta-

115 1351 173 1381 tim
198 1359 348 1391 exceperat
370 1351 467 1390 fama,
489 1350 522 1380 &
540 1358 612 1380 tunc
629 1349 783 1389 aperiebat.
805 1361 859 1382 nec
875 1353 963 1391 quic-

116 1401 208 1432 quam
235 1394 326 1434 magis
352 1394 382 1423 in
403 1402 455 1422 ore
474 1392 573 1432 vulgi;
593 1392 755 1422 crebriores
773 1393 849 1433 apud
866 1393 962 1434 ipsum

117 1434 266 1466 sermones
278 1457 287 1472 ,
306 1443 420 1475 quanto
445 1434 623 1475 sperantibus
640 1434 722 1474 plura
737 1434 886 1466 dicuntur.
905 1437 961 1469 lV.

118 1477 169 1508 81.
188 1477 353 1519 (vidfiepra
364 1476 436 1508 XII.
451 1482 510 1518 13.)
531 1477 564 1509 ὃ(
581 1476 630 1506 82.
652 1477 750 1508 Altior
768 1478 835 1509 inde
855 1479 962 1521 Vespa-

118 1519 201 1552 siano
225 1520 336 1561 cupido
362 1519 487 1551 adeundi
504 1518 615 1557 sacram
631 1519 727 1551 sedem
739 1541 748 1558 ‚
770 1530 804 1552 ut
819 1521 900 1561 super
914 1532 960 1553 re·

116 1563 174 1594 bus
189 1563 305 1604 imperii
321 1561 492 1593 consuleret.
523 1563 625 1592 Arceri
643 1563 760 1604 templo
776 1564 901 1594 cunctos
912 1565 960 1603 ju-

117 1604 189 1646 bet,
205 1614 292 1646 atque
306 1605 464 1646 ingressus,
482 1607 666 1643 intentusque
683 1606 820 1647 numini,
839 1606 961 1647 respexit

117 1657 199 1689 pone
222 1656 338 1688 tergum
361 1656 378 1677 e
403 1647 583 1689 primoribus
606 1646 821 1688 AEgyptiorum
837 1651 962 1681 nomine

118 1689 293 1729 ssafilidem3
315 1699 402 1731 quem
427 1689 533 1731 procul
559 1689 734 1720 Alexandria
753 1691 882 1730 plurium
897 1692 962 1723 die-

118 1742 189 1764 rum
203 1733 323 1771 itinere,
345 1733 379 1764 &
395 1742 483 1774 aegro
500 1741 627 1772 corpore
644 1731 765 1763 detineri
781 1732 859 1764 haud
876 1734 963 1775 igno-

118 1776 213 1806 rabat.
254 1774 467 1806 Percunetatur
485 1773 663 1814 sacerdotes,
682 1784 755 1804 num
774 1774 826 1806 illo
842 1776 890 1806 die
906 1776 963 1807 Ba-

119 1816 214 1850 silides
242 1817 388 1858 templum
412 1817 571 1847 intraffet?
600 1817 809 1856 percunCtatur
830 1819 961 1855 obvios,

119 1870 195 1892 num
221 1861 251 1890 in
276 1860 348 1890 urbe
374 1859 449 1890 visus
473 1859 529 1890 fit?
553 1858 678 1900 denique
703 1859 793 1890 miffis
817 1861 964 1901 equitibus

118 1903 269 1944 explorat,
289 1902 341 1933 illo
362 1904 504 1943 temporis
521 1910 678 1934 momento
702 1901 858 1944 ostoginta
876 1905 966 1935 milli-

118 1945 176 1976 bus
199 1945 332 1987 passuum
357 1944 487 1976 abfuisse.
530 1944 622 1975 Tunc
637 1944 770 1975 divinam
787 1945 912 1986 speciem
929 1947 964 1977 &

117 1989 184 2019 vim
207 1988 332 2029 responsi
356 1996 391 2017 ex
407 1988 531 2020 nomine
548 1986 675 2017 Basilidis
691 1988 895 2027 interpretatus
910 1988 964 2020 est.

116 2033 233 2061 Sueten.
259 2029 372 2071 Vespas.
396 2039 423 2072 5,
467 2029 542 2061 Post
567 2029 728 2060 Neronem
754 2029 962 2072 Galbamque,

118 2072 247 2103 Othone
271 2081 357 2113 atque
387 2071 506 2103 Vitellio
522 2071 558 2102 de
581 2073 746 2112 principatu
764 2074 963 2114 certantibus,

118 2115 150 2148 in
176 2115 256 2156 spem
282 2115 397 2156 imperii
424 2115 525 2152 venit,
542 2115 604 2152 jam
622 2114 734 2155 pridem
754 2115 806 2146 sibi
823 2125 873 2156 per
889 2116 962 2147 haec

118 2158 235 2189 ostenta
251 2167 440 2198 conceptam.
460 2156 492 2188 In
511 2157 678 2188 suburbano
696 2157 963 2198 Flaviorumquer-

119 2210 174 2231 cus
196 2203 313 2241 amiqua
337 2209 416 2240 erat,
437 2199 529 2231 Marti
544 2199 631 2230 sacra.
674 2199 729 2230 Per
744 2208 800 2242 tres
818 2201 965 2242 Vespasiae

118 2251 219 2283 partus
237 2243 364 2284 singulos
382 2251 499 2282 repente
517 2251 614 2273 ramos
628 2252 644 2273 a
660 2242 766 2273 frutice
781 2242 876 2280 dedit,
887 2244 964 2275 haud

118 2285 210 2316 dubia
225 2286 302 2326 signa
321 2285 412 2316 futuri
429 2287 570 2326 cujusque
585 2285 645 2316 fati.
682 2284 819 2316 Primum
837 2287 943 2318 exilem
954 2313 964 2328 ,

122 2327 158 2358 &
178 2329 240 2359 cito
255 2328 435 2366 arefacitum3
452 2328 579 2367 ideoque
596 2327 689 2368 puella
700 2336 766 2358 nata
782 2338 843 2359 non
860 2338 965 2369 peren-

120 2371 224 2401 navit:
243 2370 404 2400 secundum
421 2370 621 2411 praevalidum
639 2379 674 2401 ac
691 2371 899 2411 prolixum,&
913 2374 964 2413 qui

121 2421 262 2453 magnam
279 2412 449 2444 felicitatem
460 2413 664 2453 portenderet:
689 2414 806 2444 tertium
826 2423 899 2445 vero
918 2417 966 2445 in—

121 2453 180 2485 star
198 2455 329 2494 arboris3
345 2464 433 2494 quare
451 2463 563 2494 patrem
581 2454 723 2486 Sabinum
741 2455 858 2495 ferunt,
879 2456 965 2489 haru-

121 2496 218 2538 spicio
243 2497 357 2537 insuper
385 2497 596 2528 confirmatum
614 2521 624 2538 ,
652 2498 833 2529 renunciasse
858 2501 965 2541 matri,

121 2548 261 2579 nepotem
278 2541 305 2570 ei
314 2538 466 2570 Caesarem
477 2541 626 2580 genitum:
638 2549 694 2570 nec
709 2540 790 2570 illam
803 2541 963 2581 quidquam

120 2581 199 2612 aliud
223 2592 313 2623 quam
337 2581 542 2621 cachinnaffe,
563 2584 737 2623 mirantem,
759 2583 841 2623 quod
865 2584 962 2616 adhuc

123 2623 152 2655 se
168 2626 272 2655 mentis
289 2634 433 2666 compote
449 2625 582 2655 deliraret
592 2626 657 2665 jam
673 2624 749 2656 filius
765 2625 837 2656 suus.
882 2627 964 2658 Mox

124 2675 196 2697 cum
213 2667 334 2698 aedilem
351 2677 421 2699 eum
447 2666 488 2698 C.
513 2667 638 2705 Caesar,
655 2666 823 2699 succensens
846 2678 966 2709 propter

123 2719 226 2740 curam
246 2710 392 2741 verrendis
415 2711 470 2741 viis
487 2720 550 2741 non
568 2709 728 2741 adhibitam
741 2733 750 2748 ,
769 2710 833 2741 luto
844 2711 967 2751 juffisset

125 2752 256 2792 oppleri,
276 2752 421 2793 congesto
437 2762 487 2793 per
502 2753 609 2784 milites
626 2754 656 2783 in
674 2761 835 2793 praetextae
852 2754 966 2792 finum,

126 2802 190 2824 non
205 2794 376 2836 defuerunt,
398 2797 449 2836 qui
474 2797 751 2836 interpretarentur,
775 2795 967 2838 Qandoque

127 2837 329 2874 proculcatam
343 2836 541 2878 desertamque
559 2837 795 2878 Rempublicam
815 2840 897 2870 civili
915 2840 967 2870 ali-

126 2885 185 2916 qua
208 2879 422 2918 perturbatione
439 2880 469 2910 in
490 2880 612 2911 tutelam
628 2882 689 2920 ejus
704 2890 739 2911 ac
757 2879 838 2912 velut
856 2882 886 2912 in
902 2891 967 2922 gre—

126 2920 223 2949 mium
248 2919 445 2952 deventuram.
486 2922 654 2954 Prandente
669 2932 707 2953 eo
723 2922 894 2964 quondam,
915 2934 966 2955 ca-

127 2962 172 2992 nis
197 2964 335 2993 extrarius
359 2973 394 2994 ex
420 2966 511 2996 trivio
529 2974 650 2996 manum
666 2965 825 2995 humanam
845 2967 966 3008 intulit,

125 3003 297 3044 mensaeque
314 3005 445 3044 subjecit.
490 3006 645 3038 Coenante
663 3008 756 3038 rursus
767 3029 776 3044 ‚
799 3009 853 3039 bos
872 3018 968 3040 arator

125 3044 247 3077 decusso
275 3047 349 3086 jugo
370 3048 534 3079 triclinium
557 3051 681 3090 irrupit;
703 3060 737 3080 ac
758 3050 862 3090 fugatis
880 3052 970 3082 mini-

126 3087 191 3118 stris
208 3089 286 3129 quast
297 3097 410 3129 repente
427 3090 548 3122 defeffus
564 3092 734 3132 prociditad
751 3093 827 3132 ipsos
845 3103 969 3125 accum-

125 3130 221 3161 bentis
245 3131 346 3172 pedes,
368 3133 576 3173 cervicemque
590 3133 733 3165 submifit.
775 3135 877 3166 Arbor
894 3147 970 3176 quo-

124 3181 182 3214 que
199 3172 347 3215 cupressus
361 3174 390 3204 in
407 3183 478 3215 agro
493 3176 575 3207 avito
591 3175 650 3207 fine
665 3176 722 3207 ulla
738 3176 768 3207 vi
792 3179 970 3219 tempestatis

1800 441 1852 472 «φί

1689 517 1741 547 raa,
1751 506 1803 548 teir
1812 522 1854 548 61.

1016 561 1062 588 ²4-
1077 547 1240 589 ψεὺἓόχριςοι
1254 553 1303 590 ις]
1323 568 1362 575 —-
1382 564 1423 583 12.
1439 565 1483 591 72.
1502 557 1617 586 Codices
1633 562 1729 588 Latini.

1005 626 1102 658 evulsa
1127 626 1267 661 radicitus
1283 631 1549 671 atqueprostrata,
1568 631 1704 673 sequente
1719 635 1767 666 die
1783 635 1854 667 viri·

1003 668 1071 700 dior
1091 675 1131 699 ‘ac
1153 668 1266 701 firmior
1287 671 1447 704 resurrexit.
1491 674 1532 704 At
1549 675 1580 704 in
1598 676 1709 707 Achaia
1725 676 1854 708 somnia-

1005 713 1068 749 vit,
1091 712 1209 743 initium
1226 713 1279 743 fibi
1295 713 1409 756 suisque
1428 715 1575 747 felicitatis
1590 718 1724 749 futurum
1736 744 1746 760 ,
1766 720 1852 751 simul

1005 763 1041 784 ac
1064 753 1135 784 dens
1158 754 1281 786 Neroni
1305 766 1437 788 exemtus
1458 758 1525 789 esset
1533 782 1544 798 ‚
1564 762 1739 801 evenitque,
1760 770 1791 792 ut
1811 763 1853 793 se-

1005 798 1108 836 quenti
1133 797 1180 827 die
1206 798 1373 839 progressus
1396 801 1427 830 in
1452 802 1560 831 atrium
1575 801 1853 835 'medicus'dentem

1004 840 1031 869 ei
1051 838 1355 872 ostenderet‘tantum
1381 842 1462 882 quod
1489 846 1650 883 exemtum.
1694 846 1782 887 Apud
1798 845 1854 886 Ju‘-

1004 880 1105 911 daeam
1114 880 1244 913 Carmeli
1252 883 1312 914 Dei
1328 885 1483 915 oraculum
1503 887 1706 918 consulentem
1723 890 1764 919 ita
1777 899 1854 920 con-

1005 922 1156 955 firmavere
1179 924 1266 957 sortes
1281 950 1292 968 ,
1329 935 1362 957 ut
1384 928 1527 968 quicquid
1552 929 1695 970 cogitaret
1709 954 1720 970 ,
1749 932 1853 962 volve-

1006 975 1107 1006 retque
1123 967 1412 1009 animo,quamlibet
1429 980 1590 1013 magnum,
1607 972 1638 1003 id
1655 973 1711 1004 effe
1726 982 1854 1014 proven-

1007 1017 1107 1039 turum
1124 1010 1342 1049 pollicerentur.
1386 1012 1425 1044 Et
1442 1023 1518 1044 unus
1534 1018 1572 1045 ex
1593 1015 1744 1047 nobilibus
1760 1019 1854 1058 capti-

973 1083 980 1091 ,
1007 1052 1050 1083 vis
1065 1050 1231 1093 josephus,
1253 1063 1325 1084 cum
1349 1057 1547 1096 conjiceretur
1573 1058 1603 1087 in
1619 1059 1758 1100 vincula,
1779 1070 1857 1091 con-

1006 1092 1177 1125 stantiffime
1193 1097 1364 1128 asseveravit
1381 1098 1505 1136 fore,ut
1522 1101 1560 1130 ab
1575 1099 1682 1131 eodem
1700 1101 1783 1132 brevi
1797 1102 1855 1132 soi-

1006 1146 1140 1178 veremr,
1156 1147 1262 1169 verum
1276 1139 1340 1178 jam
1356 1139 1548 1180 Imperatore.
1572 1142 1798 1174 Nuntiabantur
1814 1145 1855 1175 gc

1005 1188 1040 1208 ex
1058 1179 1129 1209 urbe
1150 1179 1311 1220 praesagia,
1328 1181 1486 1213 Neronem
1503 1184 1607 1215 diebus
1626 1186 1738 1216 ultimis
1755 1188 1854 1218 moni-

1007 1229 1071 1251 tum
1094 1231 1147 1262 per
1170 1224 1320 1264 quietem,
1341 1233 1373 1255 ut
1398 1225 1531 1256 thensam
1549 1225 1638 1266 Jovis
1654 1227 1697 1259 O.
1719 1229 1763 1260 M.
1781 1240 1797 1260 e
1813 1229 1854 1260 sa-

1007 1266 1102 1294 crario
1126 1265 1157 1295 in
1181 1264 1309 1296 domum
1336 1266 1519 1310 Vespasiani,
1541 1270 1575 1308 ὃς
1603 1268 1671 1300 inde
1687 1271 1718 1300 in
1736 1273 1853 1302 circum

1005 1305 1173 1339 deduceret.
1218 1308 1265 1338 Ac
1290 1318 1352 1339 non
1374 1310 1470 1341 multo
1487 1310 1576 1351 post,
1594 1314 1718 1343 comitia
1737 1313 1854 1345 secundi

1006 1349 1173 1380 consulatus
1189 1351 1309 1382 ineunte
1323 1351 1423 1393 Galba
1433 1352 1545 1391 ,statua
1561 1353 1604 1385 D.
1617 1354 1690 1394 Julii
1705 1348 1740 1386 ad
1756 1359 1855 1387 orien-

1005 1399 1066 1422 tem
1080 1391 1183 1433 sponte
1200 1393 1354 1425 conversa:
1377 1396 1497 1436 acieque
1515 1394 1700 1432 'Betriacensi
1716 1421 1736 1439 ,h
1757 1401 1852 1439 prius-

1006 1444 1096 1474 quam
1121 1437 1376 1474 committeretur,
1402 1437 1472 1469 duas
1498 1439 1611 1480 aquilas
1634 1442 1664 1470 in
1689 1441 1852 1483 conspetfiu

1004 1479 1144 1507 omnium
1169 1479 1336 1510 conflixisse
1354 1505 1363 1521 ,
1386 1477 1524 1521 victaque
1550 1483 1635 1513 altera
1660 1483 1855 1524 supervenilse

1003 1521 1119 1551 tertiam
1136 1529 1152 1550 a
1167 1519 1234 1551 solis
1250 1530 1338 1563 ortu,
1360 1533 1395 1554 ac
1414 1522 1571 1555 victricem
1588 1525 1712 1565 abegisse
1733 1540 1800 1551 —r
1823 1537 1850 1567 7.

1003 1561 1086 1593 Cum
1103 1562 1140 1593 de
1158 1563 1295 1594 firmitate
1313 1566 1430 1606 imperii
1445 1566 1582 1608 capturus
1601 1569 1766 1609 auspicium
1778 1593 1788 1608 ,
1808 1579 1855 1601 ae-

1002 1604 1071 1637 dem
1079 1605 1222 1646 Serapidis
1239 1606 1384 1638 submotis
1397 1610 1537 1640 omnibus
1553 1609 1631 1641 solus
1650 1611 1799 1652 intrasset,
1818 1622 1853 1643 ac

1004 1648 1176 1687 propititato
1200 1648 1330 1679 multum
1354 1650 1427 1682 Deo
1447 1652 1570 1682 tandem
1593 1651 1620 1683 se
1644 1655 1853 1696 convertisset,

1004 1690 1162 1730 verbenas,
1184 1698 1369 1731 coronasque
1386 1694 1421 1724 ὅ(
1437 1694 1574 1735 panificia
1584 1704 1634 1734 ,ut
1650 1695 1711 1726 illic
1733 1697 1857 1739 affoiet,

1005 1730 1137 1762 Basilides
1165 1731 1287 1763 libertus
1309 1733 1448 1765 obtulisse
1463 1735 1505 1766 illi
1526 1737 1601 1768 visus
1617 1736 1674 1768 est:
1695 1748 1784 1779 quem
1801 1749 1857 1771 ne—

1006 1783 1066 1814 que
1082 1773 1240 1804 admissum
1258 1785 1275 1806 a
1291 1785 1443 1817 quoquam
1455 1779 1506 1816 ,&
1517 1780 1581 1819 jam
1599 1779 1717 1821 pridem
1734 1791 1855 1822 propter

1006 1825 1169 1848 nervorum
1187 1817 1386 1850 valetudinem
1403 1821 1462 1851 vix?
1468 1820 1598 1863 ingredi,
1610 1823 1756 1864 longeque
1771 1824 1856 1855 abes-

1007 1858 1033 1889 ie
1049 1859 1216 1890 constabat.
1260 1861 1307 1892 Ac
1325 1860 1422 1892 statim
1441 1863 1585 1895 advenere
1601 1865 1716 1903 literae,
1736 1867 1810 1897 fusas
1825 1874 1856 1898 a·

1004 1901 1069 1942 pud
1095 1900 1282 1933 Cremonam
1316 1903 1428 1935 Vitellii
1448 1907 1568 1947 copias,
1588 1907 1685 1948 ipsum
1707 1910 1738 1938 in
1766 1908 1855 1941 Urbe

1006 1945 1200 1975 interemtum
1226 1946 1409 1978 nunciantes.
1454 1949 1626 1988 Auctoritas
1643 1951 1677 1981 ὃς
1695 1952 1774 1992 qnasi
1793 1950 1856 1983 mit-

1001 1985 1087 2025 J‘estas
1107 1986 1270 2027 quaedam,
1286 1997 1319 2019 ut
1336 1989 1448 2021 scilicet
1469 1991 1624 2032 inopinato
1638 1993 1672 2031 ὃς
1688 1993 1787 2024 adhuc
1797 2005 1853 2025 no-

1006 2039 1048 2060 vo
1067 2029 1219 2071 Principi,
1244 2029 1357 2062 deerat:
1382 2032 1454 2063 haec
1471 2042 1592 2075 quoque
1607 2034 1735 2067 aeceffit.
1750 2035 1776 2066 E
1794 2037 1857 2078 ple-

1004 2071 1044 2102 be
1068 2071 1186 2112 quidam
1219 2071 1379 2105 luminibus
1404 2075 1526 2107 orbatus
1543 2099 1553 2115 ‚
1574 2078 1645 2108 item
1670 2077 1742 2108 alius
1765 2079 1855 2111 debili

1005 2124 1109 2155 crure,
1131 2114 1278 2148 sedentem
1296 2125 1351 2158 pro
1368 2118 1506 2149 tribunali
1523 2121 1629 2158 pariter
1645 2120 1795 2162 adierunt,
1818 2130 1854 2153 o-

1005 2166 1101 2188 rantes
1117 2167 1207 2198 opem
1231 2157 1405 2190 valetudinis
1429 2159 1661 2193 demonstratam
1678 2173 1694 2193 a
1710 2162 1846 2206 Serapide

1007 2209 1058 2240 per
1082 2200 1230 2241 quietem:
1252 2201 1455 2233 restituturum
1482 2204 1590 2241 oculos
1606 2230 1617 2246 ‚
1640 2205 1660 2235 si
1685 2205 1852 2247 inspuisset:

1006 2243 1255 2273 confirmaturum
1274 2242 1367 2285 crus,
1391 2245 1410 2276 fi
1433 2245 1600 2286 dignaretur
1625 2247 1707 2278 calce
1734 2252 1856 2280 contin-

1007 2294 1084 2326 gere.
1105 2285 1188 2316 Cum
1203 2286 1253 2316 vix
1267 2285 1337 2317 fides
1354 2287 1444 2326 esset,
1464 2292 1526 2319 rem
1544 2290 1606 2320 ullo
1625 2291 1719 2321 modo
1738 2290 1854 2323 succes-

1008 2327 1101 2358 suram
1112 2351 1120 2367 ‚
1141 2327 1268 2368 ideoque
1283 2335 1320 2359 ne
1331 2331 1454 2371 experiri
1471 2331 1590 2371 quidem
1608 2332 1740 2364 auderet:
1759 2343 1853 2366 extre-

1009 2379 1062 2401 mo
1086 2371 1270 2401 hortantibus
1299 2374 1420 2414 amicis,
1442 2374 1535 2413 palam
1560 2384 1616 2415 pro
1640 2377 1792 2407 concione
1819 2383 1855 2407 u⁴-

1008 2422 1146 2454 trumque
1170 2415 1314 2453 tentavit,
1332 2425 1386 2446 nec
1412 2425 1534 2447 eventus
1557 2418 1662 2452 defuit.
1703 2418 1760 2449 Per
1773 2419 1853 2451 idem

1008 2463 1124 2497 tempus
1150 2456 1268 2497 Tegeae
1291 2457 1325 2487 in>
1346 2458 1474 2488 Arcadia
1490 2483 1500 2502 ,
1522 2459 1661 2491 instinctu
1690 2462 1853 2493 vaticinan-

1000 2497 1212 2536 *tium,effoffa
1229 2498 1294 2530 sunt
1311 2499 1421 2531 sacrato
1438 2501 1509 2531 loco
1526 2502 1590 2533 vasa
1608 2503 1704 2543 operis
1721 2505 1852 2544 antiqui,

1001 2549 1094 2580 atque
1112 2543 1142 2570 tn
1161 2541 1195 2570 iis
1211 2541 1338 2572 affimilis
1358 2543 1521 2584 Vespasiani
1540 2546 1653 2586 imagO.
1688 2546 1772 2576 Talis
1789 2556 1854 2577 tan-

1007 2592 1092 2623 taque
1109 2591 1179 2614 cum
1195 2582 1272 2613 fama
1288 2585 1317 2614 in
1337 2585 1442 2616 urbem
1459 2587 1600 2618 reversus.
1625 2597 1673 2620 ας.
1697 2588 1851 2620 Convenit

1002 2626 1080 2655 inter
1104 2634 1225 2663 omnes,
1247 2635 1311 2657 tam
1325 2637 1438 2659 certum
1456 2638 1525 2659 eum
1552 2629 1589 2659 de
1607 2629 1653 2660 sua
1670 2630 1849 2672 suorumque

1002 2670 1143 2707 genitura
1169 2668 1283 2708 semper
1306 2669 1406 2708 fuisse,
1427 2679 1458 2701 ut
1474 2671 1541 2712 post
1555 2671 1675 2703 assiduas
1691 2675 1720 2703 in
1735 2673 1761 2704 se
1777 2684 1854 2706 con-

1004 2712 1168 2748 -J'urationes
1184 2711 1266 2743 ausus
1283 2710 1317 2742 stt
1330 2710 1477 2744 affirmare
1495 2714 1621 2753 senatui,
1641 2723 1690 2746 aut
1707 2715 1782 2747 filios
1799 2717 1852 2747 fibi

1007 2753 1210 2792 successuros,
1229 2762 1279 2784 aut
1302 2756 1465 2788 neminem.
1507 2756 1629 2788 Dicitur
1645 2759 1733 2789 etiam
1749 2759 1853 2790 vidiffe

1009 2795 1160 2835 quondam
1178 2804 1229 2835 per
1245 2797 1375 2836 quietem
1395 2797 1528 2828 stateram
1547 2800 1576 2829 in
1594 2800 1690 2830 media
1706 2808 1853 2841 parteve-

1010 2838 1109 2868 stibuli
1138 2839 1284 2879 Palatinae
1305 2839 1414 2870 domus
1437 2841 1562 2881 pofitam
1588 2844 1719 2873 examine
1741 2844 1850 2883 aequo:

1010 2890 1082 2911 cum
1104 2882 1135 2910 in
1151 2880 1238 2911 altera
1255 2880 1340 2912 lance
1362 2882 1504 2914 Claudius
1521 2885 1555 2916 ὃς
1571 2884 1660 2916 Nero
1675 2883 1800 2926 starent,
1822 2887 1852 2917 in

1009 2923 1097 2954 altera
1112 2923 1170 2964 ipse
1185 2933 1219 2954 ac
1237 2923 1299 2954 filii.
1316 2923 1389 2956 Nec
1401 2934 1443 2955 res
1458 2926 1579 2967 fefellit,
1595 2927 1714 2967 quando
1726 2929 1852 2959 totidem

1008 2967 1091 2996 annis
1106 2966 1225 3006 parique
1235 2968 1379 3008 temporis
1389 2966 1481 3009 spatio
1490 2970 1606 3009 utrique
1621 2971 1847 3010 imperaverunt.

1009 3009 1077 3049 Jos]
1096 3007 1131 3038 Β.
1149 3007 1206 3039 Ill.
1228 3008 1255 3038 3.
1279 3019 1307 3049 9.
1340 3011 1376 3039 Σὺ
1396 3015 1508 3050 ›caso-ap,
1529 3016 1723 3046 odeo-mactari,
1742 3012 1788 3041 xa?
1803 3017 1851 3042 διυ-

1012 3050 1157 3090 τοκρὲιτωρ,
1175 3051 1209 3079 τὸ
1225 3050 1272 3081 καὶ
1287 3055 1375 3085 work&
1392 3053 1434 3085 σ-ὶς
1447 3051 1506 3086 ἔτος
1527 3071 1584 3077 —-
1610 3053 1731 3087 δὶσ-πότης
1743 3055 1789 3092 μὲν
1805 3055 1853 3094 γὰρ

1012 3098 1038 3122 οὗ
1055 3094 1126 3130 fabum
1145 3095 1198 3130 ἔμέ
1217 3094 1250 3122 σὺ
1261 3116 1268 3127 ,
1296 3099 1406 3133 καῖο-αρ,
1420 3095 1496 3124 &Mic
1513 3094 1558 3124 ’coca'
1573 3097 1617 3130 γῆς
1633 3096 1677 3125 καὶ
1694 3095 1853 3130 θαλάττης,

1012 3136 1058 3165 καὶ
1067 3135 1288 3174 vaurkei-reponat
1297 3137 1366 3171 Ύένες
1380 3142 1504 3167 -τοιῒιτσι
1520 3138 1623 3174 ὶιὶτᾷντος
1631 3140 1791 3176 πκραχρῧμιαι
1808 3138 1854 3175 μὲν

1011 3177 1182 3209 ismae-mm
1204 3179 1298 3208 ἁπιςεῖν
1323 3179 1417 3212 {dium
1438 3179 1482 3208 καὶ
1505 3179 1543 3209 τὶν
1559 3178 1674 3210 'laic-»mor
1688 3178 1853 3217 ὑπελάμβανε

1135 3218 1246 3257 Rrr3

1790 3225 1853 3251 rav-
