1976 3519
126 274 205 315 170
498 250 1494 297 PROLEGOMENA.

123 347 242 389 tentia
289 356 370 386 tum
410 341 605 396 Bendeji,
642 351 723 381 tum
764 339 936 394 Bengelii
958 370 970 389 ‚
1020 338 1346 387 existimantium,
1377 334 1573 379 Verfionis
1610 338 1768 382 Latinae
1811 345 1865 382 ὅς’

126 403 321 444 Codicum
360 399 597 438 Graecorum
635 410 721 436 cum
761 396 822 435 illa
860 394 1177 435 consentientium
1209 406 1388 447 magnam
1415 393 1489 433 effe
1530 405 1662 436 contra
1700 396 1854 437 codices

126 460 297 499 Graecos
317 454 582 501 autoritatem,
610 451 727 505 idque
749 449 841 495 feci,
872 463 952 490 non
973 449 1125 489 levitate
1147 459 1211 488 aut
1241 447 1387 500 affecslu
1417 461 1611 502 permotus
1632 480 1643 498 ,
1672 449 1738 490 sed
1769 452 1855 505 post

126 526 251 553 acrem
276 509 422 564 aliquot
451 520 638 548 annorum
667 505 979 554 meditationem,
1011 507 1050 543 ὃ(
1071 503 1156 557 post
1178 503 1337 557 longum
1361 506 1399 542 ὃ(
1428 503 1654 544 laboriosnm
1686 519 1855 546 examen.

125 569 166 608 Si
187 569 288 620 prius
308 578 395 605 cum
423 563 611 617 plerisque
631 561 718 601 viris
738 559 863 600 doffis
891 560 1034 609 erravi,
1063 559 1117 598 nil
1149 558 1284 604 habet,
1314 557 1421 612 quod
1450 559 1545 599 mihi
1575 559 1731 612 objiciat
1760 560 1860 601 Ben-

124 623 268 677 gelius,
299 621 364 674 qui
384 618 510 659 adhuc
530 618 570 657 in
589 615 728 657 eodem
747 629 872 655 errore
892 614 1077 655 versatur:
1108 613 1134 654 si
1162 627 1255 653 vero
1282 627 1448 653 errorem
1477 613 1607 667 postea
1633 617 1672 653 ὃς
1693 617 1857 668 agnovi,

128 682 169 717 ὃ(
189 678 282 717 alios
303 676 352 715 de
371 688 419 714 eo
442 674 598 722 monui,
625 670 771 724 judicet
789 669 928 715 leetor,
957 682 1005 709 an
1037 679 1238 722 propterea
1260 668 1446 721 Bengelio
1473 669 1678 709 obstinatio
1709 671 1859 723 potius,

127 747 175 773 an
197 732 292 773 mihi
313 729 564 772 inconstantia
584 726 719 766 debeat
736 724 966 778 exprobrari.
994 723 1062 764 Ne
1079 723 1159 776 jam
1172 734 1339 776 repetam
1352 737 1448 777 quae
1461 723 1553 775 Obfi
1564 737 1596 764 1.
1611 737 1670 778 p.1
1684 737 1743 774 57.
1755 724 1860 766 dieta

128 788 223 829 sunt.
278 783 402 839 Quod
433 797 551 837 porro
580 780 727 829 scribit,
749 780 858 833 cafits
885 787 1066 818 externos
1084 778 1268 834 peperzffe
1296 780 1433 818 varios
1461 778 1650 830 affAE‘us,
1667 778 1862 831 fincerum

115 843 317 899 judicium
337 838 625 887 obnubilantes,
655 849 735 875 non
756 836 880 875 minus
900 834 1031 874 falsum
1051 847 1165 887 quarn
1188 832 1438 873 inhumanum
1456 833 1520 874 est.
1577 835 1649 874 Me
1679 847 1780 875 certe
1801 849 1863 875 ca-

130 897 189 938 sus
220 897 304 937 illos
330 906 506 942 externos
536 905 614 931 non
647 889 895 944 permovisse,
927 901 969 930 ut
999 888 1223 929 sententiam
1254 900 1463 938 mutarem,
1491 888 1612 929 ex'iis
1641 903 1740 943 quae
1759 889 1875 930 dicta

129 953 234 1002 sunt,
263 962 305 994 ut
325 950 487 1002 opinor,
516 946 673 987 constat.
729 944 840 985 Haec
863 946 998 985 iterum
1018 945 1085 982 vir
1101 942 1260 995 instgnis
1292 943 1476 997 Bengelio
1496 942 1693 1000 suggessit3
1722 944 1805 995 cui,
1833 944 1864 985 fi

128 1001 597 1057 viveret,resp0nderem:
628 999 724 1040 Non
743 999 835 1039 adeo
856 997 978 1039 cecidi
988 1021 1000 1047 3
1029 998 1123 1052 quid
1155 998 1340 1053 Bengelio
1371 1012 1541 1051 regerere
1561 998 1730 1051 pofl‘cm,
1760 999 1864 1040 malo

128 1062 207 1115 ipse
225 1063 264 1102 in
285 1059 321 1100 se
339 1057 572 1099 descendens
589 1055 796 1110 intelligat,
816 1068 878 1095 me
899 1065 1058 1094 tacente.
1090 1052 1192 1094 Cum
1213 1054 1379 1107 primum
1397 1053 1447 1094 de
1463 1053 1621 1093 consilio
1639 1067 1728 1095 meo
1747 1053 1866 1095 eden-

129 1118 171 1157 di
191 1116 234 1157 N
239 1115 307 1156 .T.
329 1114 423 1156 varii
439 1125 608 1153 rumores
629 1110 913 1165 spargerentur,
942 1108 1035 1149 illud
1056 1108 1219 1148 solebam
1239 1109 1291 1148 ita
1312 1109 1550 1162 interpretari
1563 1123 1572 1148 :
1585 1107 1627 1146 N
1633 1123 1727 1159 unc,
1758 1109 1801 1149 id
1811 1110 1865 1150 est

128 1185 233 1213 anno
263 1183 402 1221 1729,
428 1168 642 1221 Tigurinos
667 1164 781 1206 edere
811 1164 860 1205 V.
892 1162 940 1203 T.
969 1178 1016 1204 ex
1045 1163 1180 1205 codice
1214 1163 1499 1214 Alexandrino,
1530 1165 1732 1206 autoritate
1763 1175 1867 1205 vete-

128 1241 234 1276 rum,
263 1224 432 1277 nonstne
455 1221 636 1265 adhibita
656 1218 783 1272 κρίσει,
812 1218 1044 1273 castigatum
1065 1233 1111 1258 ac
1123 1218 1368 1272 fitppletum:
1397 1233 1481 1263 me,
1511 1219 1618 1273 quod
1643 1218 1696 1259 illi
1724 1218 1866 1262 faciant

129 1284 169 1322 in
190 1282 242 1323 V.
271 1280 345 1329 T.,
373 1279 558 1319 &Sturum
581 1278 620 1317 in
641 1275 697 1320 N.
716 1307 728 1327 ‚
761 1290 831 1316 nec
852 1275 1002 1324 videre,
1033 1289 1120 1315 cum
1143 1274 1292 1316 illorum
1314 1272 1454 1314 fastum
1473 1274 1645 1315 laudetur
1664 1304 1676 1324 ,
1705 1288 1786 1328 quo
1806 1275 1881 1327 ju-‘

129 1352 170 1380 re
190 1336 286 1376 mihi
304 1335 406 1376 idem
430 1333 583 1374 facienti
603 1333 644 1372 in
667 1332 810 1372 crimen
833 1331 928 1371 verti
949 1329 1073 1384 possit.
1121 1329 1232 1369 Haec
1251 1343 1339 1369 vera
1360 1329 1499 1382 pariter
1521 1332 1561 1368 &
1585 1340 1715 1383 aperta
1736 1333 1776 1369 ὃς
1794 1328 1868 1370 suf-

128 1393 261 1433 ficiens
288 1401 368 1431 erat
398 1388 625 1442 descriptio,
653 1400 768 1441 quam
800 1385 828 1426 fi
856 1386 941 1439 quis
969 1397 1075 1438 parte
1104 1384 1275 1435 mutilet,
1305 1396 1451 1438 partem
1479 1383 1619 1433 addat,
1649 1388 1688 1423 &
1718 1397 1866 1437 partem

71 1498 73 1500 q
128 1449 168 1488 in
199 1447 313 1492 alium
340 1445 486 1485 sensum
513 1443 740 1495 detorqueat
760 1472 771 1491 ,
811 1440 999 1494 procudet
1029 1439 1331 1493 designationem
1361 1439 1556 1480 obscuram
1586 1439 1674 1480 sane
1700 1443 1740 1478 &
1759 1440 1884 1493 inep-·

127 1515 225 1551 tam,
257 1500 321 1542 sed
348 1514 419 1541 nec
449 1512 596 1546 meam,
627 1511 699 1538 nec
727 1496 802 1536 mei
831 1496 968 1549 operis.
1027 1490 1154 1535 Nihil
1182 1493 1254 1546 est,
1287 1493 1492 1549 Antipho,
1520 1497 1614 1549 quin
1648 1494 1747 1535 male
1777 1508 1868 1536 nar-

129 1556 248 1597 rando
268 1555 383 1615 pfft·
412 1553 676 1609 depravarier.

414 1665 482 1706 Da
513 1663 565 1705 V.
593 1662 636 1706 L.
668 1661 1058 1702 CoLanroamus
1087 1671 1242 1708 ATQUE
1272 1661 1576 1701 Eun-omnus.

129 1808 155 1831 ‚‚
279 1775 482 1823 Ditiones,
513 1785 611 1827 quae
637 1770 777 1811 abhinc
805 1780 959 1811 centum
987 1780 1051 1810 aut
1071 1770 1219 1823 circiter
1247 1770 1357 1810 annis
1379 1769 1501 1810 factae
1522 1769 1628 1820 sunt,
1659 1782 1723 1812 aut
1741 1769 1869 1812 adhuc

128 1864 155 1887 ,‚
242 1862 278 1883 Α
311 1830 425 1879 fiunt,
455 1827 552 1870 nihil
573 1826 706 1868 melius
726 1836 790 1867 aut
811 1826 1018 1867 accuratius
1040 1826 1171 1879 primis
1189 1825 1260 1865 illis
1279 1825 1429 1866 habent.
1487 1826 1584 1866 Sunt
1603 1827 1705 1866 enim
1733 1839 1870 1867 omnes

127 1921 153 1941 ‚,
184 1887 245 1930 vel
266 1885 316 1927 ad
336 1884 596 1926 Frobenianas
617 1881 676 1922 vel
700 1880 749 1921 ad
769 1881 1017 1934 Stephanicas
1039 1881 1099 1921 vel
1127 1880 1176 1919 ad
1197 1880 1514 1934 Complutensem
1534 1881 1748 1935 expreffie,
1779 1896 1872 1934 qua-

128 1975 155 1997 „
186 1957 269 1985 rum
301 1939 582 1981 accurationem
613 1940 652 1976 &
671 1936 898 1989 elegantiam
927 1935 1069 1989 assequi
1090 1934 1195 1988 possi:
1216 1934 1359 1975 summa
1380 1948 1559 1977 votorum
1580 1937 1633 1976 est
1655 1936 1781 1977 multis
1802 1936 1872 1977 hu-

128 2031 154 2051 „
181 2000 242 2052 jus
261 1996 343 2037 aevi
364 1992 616 2050 typographis
626 1994 660 2032 '’.
714 1991 830 2031 Teste
849 1988 1016 2041 ἐιυτοψῖςι
1029 2021 1040 2040 ,
1071 1990 1294 2031 observante
1313 1991 1428 2031 etiam
1450 1990 1671 2031 Curcellaeo
1690 1991 1728 2030 in
1759 1992 1872 2032 Prae-

130 2054 276 2096 fatione
305 2050 362 2091 N.
389 2050 441 2092 T.
472 2052 510 2088 ὃ(
533 2047 618 2101 post
637 2044 760 2100 ipsum
788 2045 842 2087 H.
873 2045 1141 2099 Hortingem,
1171 2045 1277 2098 cujus
1307 2045 1420 2086 verba
1440 2045 1676 2087 adduximus.
1707 2060 1742 2103 p.
1780 2051 1873 2097 1472

191 2123 226 2149 1.
258 2103 468 2147 Patricius
497 2102 672 2155 Junius‚
703 2101 776 2156 (de
797 2115 877 2155 quo
904 2099 1015 2154 supra
1044 2114 1080 2154 p.
1114 2101 1148 2139 8.
1180 2105 1244 2151 65.
1274 2103 1312 2139 &
1349 2101 1448 2153 78.)
1478 2100 1611 2142 Caroli
1645 2115 1679 2141 1.
1707 2101 1881 2156 Angliae¹

130 2164 254 2218 Regis
275 2159 591 2203 Bibliothecarius
604 2188 616 2207 ‚
647 2171 728 2197 non
749 2156 867 2198 solum
889 2156 1032 2209 primus
1053 2155 1205 2197 Codice
1225 2155 1491 2197 Alexandrino
1508 2156 1562 2197 est
1584 2156 1668 2198 usus
1688 2159 1727 2196 ὃ(
1756 2170 1801 2196 ex
1823 2170 1876 2197 eo

132 2217 310 2274 epistolas
341 2214 554 2258 Clementis
586 2210 637 2257 ad
666 2211 896 2252 Corinthios
921 2209 1045 2251 edidit
1074 2212 1139 2251 ΑΟ.
1176 2214 1296 2263 1633.
1320 2238 1331 2257 ,
1371 2225 1503 2252 verum
1531 2212 1646 2253 etiam
1678 2211 1873 2252 Codicem

132 2276 346 2330 integrum,
365 2282 407 2312 ut
428 2272 467 2309 &
490 2266 845 2321 Cantabrigiensem
868 2267 1015 2316 Bezae,
1037 2279 1123 2307 cum
1143 2265 1315 2306 editione
1332 2266 1570 2307 Elzeviriana
1595 2266 1758 2308 secunda
1778 2280 1876 2307 con-

133 2330 219 2373 tulit
240 2359 252 2379 ‚
283 2330 322 2366 δε
342 2325 545 2368 Variantes
564 2323 768 2364 Leffiones
788 2335 875 2362 cum
894 2321 984 2361 viris
1005 2321 1162 2363 eruditis
1181 2322 1502 2370 communicavit·,
1531 2322 1624 2376 quin
1646 2322 1760 2363 etiam
1782 2322 1877 2363 No·

133 2399 226 2428 vum
244 2381 535 2423 Testamentum
564 2378 757 2420 Grae-cum
781 2376 872 2421 inde
901 2376 948 2416 ab
968 2377 1033 2417 A⁰.
1068 2380 1187 2430 1634.
1217 2376 1300 2429 plus
1326 2389 1480 2417 centum
1509 2377 1789 2432 quinquaginta
1817 2377 1874 2417 lo-

135 2441 211 2491 cis,
241 2436 461 2481 infeliciter,
491 2444 533 2476 ut
563 2447 638 2488 ego
669 2432 826 2487 quidem
856 2431 990 2485 judico
1009 2461 1021 2481 ,
1049 2445 1096 2472 ex
1124 2431 1344 2484 conjectura
1370 2431 1433 2472 sua
1465 2431 1669 2472 emendare
1699 2432 1871 2473 tentavit.

135 2497 212 2540 Eas
238 2491 548 2538 emendationes,
579 2502 738 2542 quarum
768 2497 915 2541 partem
944 2487 1059 2528 etiarn
1087 2486 1363 2528 Hammondus
1385 2485 1519 2528 vidiss'e
1543 2487 1715 2538 videtur,
1743 2500 1788 2527 ex
1812 2486 1876 2536 Iu-

137 2551 193 2591 nii
223 2543 434 2599 ἀντογςοίφῳ
453 2545 494 2584 in
513 2542 752 2585 Bibliotheca
770 2541 1127 2584 Remonstrantium
1148 2541 1428 2583 Amstelodami
1445 2555 1534 2583 cum
1554 2541 1700 2585 schedis
1725 2534 1882 2582 Vossia·.

138 2606 199 2647 nis
220 2604 365 2645 servato
379 2631 390 2651 ,
421 2599 497 2643 fuis
512 2599 604 2640 locis
623 2597 868 2652 proferemus.

199 2673 234 2700 2.
266 2659 330 2697 ΑΟ.
366 2658 485 2706 1641.
515 2653 635 2707 Hugo
657 2654 844 2703 Grotius,
872 2652 1128 2705 Interpretum
1157 2651 1214 2693 N.
1230 2651 1284 2693 T.
1310 2651 1428 2706 longe
1453 2651 1806 2706 praestantiffimus‚
1835 2665 1875 2692 e·

139 2714 242 2762 didit
262 2711 547 2753 Annotationes
563 2709 602 2748 in
622 2707 692 2748 IV.
723 2707 952 2762 Evangelia,
982 2711 1022 2747 &
1053 2709 1118 2748 ΑΟ.
1153 2710 1273 2756 1646.
1303 2707 1341 2747 in
1363 2708 1462 2747 Acta
1484 2711 1523 2746 &
1543 2706 1732 2760 Epistolas
1759 2707 1873 2759 Apo-

142 2769 347 2812 stolorum,
377 2766 417 2804 in
447 2765 582 2818 quibus
610 2764 834 2807 Leffionem
864 2762 1026 2804 Codicis
1051 2761 1302 2804 Alexandrini
1330 2760 1440 2815 saepe
1475 2773 1650 2815 receptae
1688 2760 1876 2814 praefert,

142 2821 351 2879 aliquando
370 2820 485 2860 etiam
501 2833 547 2859 ex
565 2818 794 2871 conjecturis
817 2818 988 2861 Textum
1004 2816 1210 2859 emendare
1227 2828 1406 2867 conatus,
1437 2830 1535 2871 quae
1562 2816 1694 2856 omnia
1723 2830 1745 2856 a
1768 2816 1872 2857 Pier-

141 2882 206 2923 cio
225 2887 401 2930 excerpta
420 2873 649 2927 Polyglottis
670 2873 976 2915 Londinensibus
995 2872 1133 2913 inserta
1148 2872 1243 2913 sunt.

204 2948 238 2986 3.
269 2933 367 2973 Non
386 2930 438 2970 ita
457 2929 578 2970 multo
599 2928 684 2981 post
706 2929 889 2971 Grotium
913 2928 1112 2970 Hemicus
1136 2925 1407 2967 Hammondus
1425 2925 1568 2980 scripsit
1587 2927 1877 2970 Annotationes

146 2989 328 3043 Anglicas
346 2986 386 3024 in
405 2982 461 3024 N.
483 2982 555 3029 T.,
575 2984 614 3022 in
638 2983 804 3025 Monitis
819 2982 869 3023 ad
892 2984 1094 3025 Ledorem
1114 2983 1166 3024 ita
1186 2981 1375 3036 praefatus
1395 2997 1404 3022 :
1461 3011 1487 3031 „
1513 2981 1631 3022 Multi
1651 2983 1722 3022 viri
1743 2981 1872 3033 dotti,

145 3077 174 3099 2,
201 3045 323 3085 Lucas
353 3038 554 3093 praecipue
588 3037 784 3092 Brugensis
813 3041 852 3076 &
881 3038 1077 3079 Robertus
1103 3037 1340 3091 Stephanus,
1371 3050 1511 3090 magna
1530 3036 1728 3091 diligentia
1747 3037 1879 3078 obser-

144 3131 170 3152 „
199 3108 334 3139 varunt
356 3096 404 3137 V.
437 3094 478 3140 L.
509 3092 715 3133 multorum
745 3092 982 3134 Graecorum
1009 3092 1205 3133 Codicum
1224 3092 1340 3133 MSS.
1395 3092 1594 3145 Quoniam
1617 3106 1710 3133 vero
1730 3093 1875 3146 Anglia

144 3183 171 3208 „
198 3153 326 3201 nostra
344 3147 576 3206 quibusdam
593 3148 850 3194 monumentis
870 3147 1041 3201 antiquis,
1055 3147 1176 3191 ditata
1193 3147 1271 3198 est,
1300 3161 1397 3202 quae
1425 3161 1452 3188 a
1477 3147 1568 3189 Deo
1586 3147 1631 3189 in
1648 3147 1733 3189 usus
1752 3147 1875 3187 hone-

1735 3231 1761 3252 „
1789 3202 1877 3243 stio-
