1976 3519
144 227 198 267 92
533 206 1525 252 PROLEGOMENA.

206 300 330 341 Porro
356 295 463 352 quod
494 295 623 338 scribis
639 295 688 338 ab
708 296 780 338 hac
799 295 971 337 editione
998 309 1078 335 non
1097 294 1172 336 esse
1191 293 1469 344 recedendum,
1499 303 1558 334 tot
1579 292 1756 334 videlicet
1777 293 1888 334 Con»

150 356 246 396 ciliis
278 354 510 407 approbata:
540 366 647 394 more
674 352 886 407 vulgarium
904 351 1202 406 Theologorum
1224 349 1337 399 facis,
1364 350 1432 403 qui
1459 349 1644 402 quicquid
1666 349 1744 389 ullo
1764 350 1885 390 modo

149 413 189 452 in
223 410 417 463 publicum
439 407 546 448 usum
580 407 748 462 irrepsit,
778 406 1054 447 Ecclesiasticae
1075 405 1239 445 tribuere
1261 403 1382 444 solent
1401 404 1606 444 autoritati.
1636 407 1689 444 At
1711 405 1806 444 mihi
1828 405 1888 446 vel

154 478 271 507 unam
290 463 420 518 profer
438 461 638 517 Synodum
650 493 662 513 ,
691 463 731 502 in
753 475 830 515 qua
850 461 894 502 fit
912 461 1007 502 haec
1025 459 1147 501 editio
1164 460 1425 512 comprobata.
1468 458 1543 499 Sed
1563 459 1643 499 esto
1663 462 1890 513 comproba-

154 521 203 560 rit
222 518 401 574 Synodus
420 518 568 571 aliqua,
597 531 690 558 num
710 518 763 558 ita
787 516 1079 571 comprobavit,
1107 527 1150 556 ut
1170 514 1266 554 nihil
1285 514 1448 554 omnino
1466 514 1576 554 liceat
1593 528 1638 554 ex
1652 515 1890 556 Graecorum

152 575 324 616 fontibus
351 572 585 614 emendare?
613 573 726 614 Num
749 570 909 612 mendas
935 572 1051 612 etiarn
1081 583 1217 611 omnes
1238 569 1526 623 comprobavit,
1554 583 1651 623 quae
1672 570 1784 610 variis
1809 585 1893 611 mo-

153 630 215 671 dis
244 640 452 684 potuerunt
484 629 674 682 irrepere?
704 640 796 667 num
827 625 1049 680 hujusmodi
1068 625 1191 667 verbis
1219 636 1450 678 conceptum
1473 623 1543 664 fuit
1563 623 1757 664 decretum
1779 640 1800 664 a
1820 627 1892 666 Pa-

153 685 291 727 tribus:
321 685 433 725 Haec
463 682 586 724 editio
615 682 721 736 cujus
752 681 796 721 sit
826 683 967 722 autoris
999 680 1184 721 nescimus
1204 709 1216 729 ‚
1247 678 1311 720 sed
1339 692 1468 720 tamen
1498 694 1583 720 eam
1613 681 1894 733 approbamus,

156 755 228 782 nec
259 740 406 780 obstare
436 737 634 787 volumus,
667 737 693 776 fi
715 735 810 790 quid
831 735 933 777 secus
952 735 1095 776 habent
1116 735 1256 774 Gracci
1277 734 1466 784 Codices,
1497 736 1741 788 quantumvis
1767 749 1896 776 emen-

153 796 257 845 dati,
288 795 315 834 fi
335 793 429 849 quid
451 792 553 834 secus
573 793 665 848 legit
683 790 1002 846 Chrysostomus,
1031 802 1096 830 aut
1119 788 1299 839 Basilius,
1329 801 1392 830 aut
1423 789 1674 838 Athanasius,
1704 802 1768 830 aut
1799 790 1894 830 Hie-

154 862 357 905 ronymus,
387 848 532 889 etiamsi
563 846 657 888 illud
689 847 810 900 magis
839 846 1082 901 quadraverit
1109 844 1159 885 ad
1189 843 1335 885 sensum
1365 844 1661 900 Evangelicum:
1693 848 1732 883 &
1763 857 1892 886 tamen

154 906 227 947 hos
248 904 349 959 ipsos
363 914 513 944 autores
538 915 773 956 magnopere
803 902 1121 955 comprobamus,
1149 900 1261 953 Qiin
1290 899 1406 939 etiam
1429 898 1615 952 quicquid
1635 900 1674 938 in
1705 900 1897 952 posterum

155 973 389 1016 quocunque
416 958 539 998 modo
568 958 627 997 vel
651 971 672 996 a
700 956 918 997 semidoffis
943 960 979 996 &
1012 955 1227 1003 audaculis,
1256 953 1317 994 vel
1335 954 1382 993 ab
1401 954 1609 1007 imperitis,
1639 955 1770 1004 ebriis,
1799 954 1896 995 osci-

154 1016 320 1056 tantibus
341 1013 497 1053 librariis
518 1011 630 1053 fuerit
651 1012 848 1060 vitiatum,
877 1011 1150 1065 depravatum,
1179 1008 1376 1059 additum,
1404 1008 1581 1049 omissimi
1607 1040 1618 1059 ,
1646 1010 1781 1050 eadem
1810 1023 1900 1064 pro-

153 1071 286 1110 bamus
306 1068 529 1116 autoritate3
559 1081 685 1122 neque
706 1068 883 1120 cuiquam
900 1067 1074 1108 volumus
1091 1065 1203 1106 licere
1225 1075 1370 1104 mutare
1393 1063 1612 1118 scripturam
1645 1064 1755 1104 semel
1787 1065 1896 1106 indu-

152 1126 265 1166 &am
294 1123 522 1164 Ridiculum
533 1122 748 1172 decretum,
765 1122 901 1176 inquis.
934 1122 987 1162 At
1009 1119 1233 1175 hujusmodi
1253 1118 1399 1160 necesse
1418 1120 1472 1160 est
1493 1120 1621 1170 fuisse,
1644 1119 1670 1159 ss
1695 1133 1766 1160 nos
1785 1133 1894 1161 auto·

155 1181 266 1221 ritate
288 1178 439 1233 Synodi
459 1178 626 1218 deterres
648 1178 694 1217 ab
715 1177 787 1217 hac
805 1176 999 1218 industria.

208 1234 408 1276 Postremo
439 1233 533 1287 quid
563 1233 702 1274 diduri
731 1232 878 1282 sumus,
907 1232 972 1273 ubi
993 1230 1201 1273 viderimus
1221 1243 1292 1271 nec
1313 1228 1426 1283 hujus
1447 1229 1641 1270 Editionis
1668 1231 1897 1283 exemplaria

153 1290 395 1331 consentire?
424 1302 516 1329 num
545 1291 586 1328 &
619 1287 717 1328 hanc
746 1288 997 1342 pugnantiam
1026 1286 1253 1341 approbavit
1274 1285 1476 1340 Synodus,
1505 1285 1669 1338 praescia
1697 1286 1897 1337 videlicet,

152 1344 250 1400 quid
268 1344 430 1399 quisque
450 1354 661 1384 mutaturus
683 1341 800 1383 esset?
831 1344 963 1396 Atque
985 1343 1154 1392 utinam,
1184 1341 1239 1380 mi
1258 1340 1406 1394 Dorpi,
1436 1352 1585 1381 tantum
1603 1339 1695 1381 estet
1717 1342 1788 1381 otii
1807 1341 1894 1382 Ro-

154 1400 277 1441 manis
306 1398 576 1444 Pontificibus,
605 1410 648 1439 ut
675 1397 777 1438 hisce
802 1396 852 1438 de
885 1397 995 1438 rebus
1022 1396 1197 1438 salutares
1217 1394 1377 1437 ederent
1397 1395 1729 1446 Constitutiones,
1759 1397 1897 1450 quibus

154 1464 349 1497 caveretur
382 1453 433 1495 de
462 1452 701 1494 restituendis
729 1453 921 1493 bonorum
950 1463 1127 1493 autorum
1149 1451 1432 1496 monumentis,
1463 1451 1514 1492 de
1533 1451 1713 1504 parandis
1732 1453 1770 1491 &
1789 1465 1902 1505 repo·

154 1510 294 1552 nendis
312 1507 526 1550 emendatis
549 1508 834 1562 exemplaribus.
864 1506 1011 1548 Verum
1033 1508 1073 1547 in
1094 1521 1144 1547 eo
1165 1505 1326 1546 consilio
1345 1505 1474 1546 sedere
1494 1506 1616 1546 nolim
1643 1505 1734 1546 istos
1760 1505 1903 1546 faffiff-

154 1579 223 1607 mo
252 1565 411 1606 nomine
438 1563 693 1618 Theologos,
721 1563 790 1617 qui
810 1563 885 1604 huc
904 1573 1054 1604 tantum
1074 1561 1269 1616 speEtant,
1296 1571 1339 1601 ut
1361 1560 1470 1615 quod
1488 1561 1558 1615 ipfi
1581 1560 1799 1602 didicerunt
1816 1596 1827 1611 ,
1857 1561 1900 1602 id

153 1620 276 1662 solum
295 1619 477 1660 habeatur
496 1620 537 1658 in
563 1619 710 1672 pretio;
742 1617 837 1671 quid
858 1629 986 1659 autem
1005 1617 1065 1657 isti
1082 1615 1442 1670 didicerunt‚quod
1459 1629 1541 1656 non
1562 1616 1607 1656 stt
1625 1616 1898 1670 ineptissimum

154 1678 196 1717 &
216 1675 320 1716 idem
339 1673 663 1715 confflfiffimum?
691 1673 845 1725 Qubus
865 1673 893 1713 si
911 1673 1113 1726 contingat
1134 1671 1327 1726 tyrannis,
1357 1670 1525 1712 futurum
1545 1671 1599 1712 est
1611 1702 1623 1721 ,
1647 1682 1710 1721 ut,
1726 1673 1900 1727 antiqua-

155 1730 205 1772 tis
225 1729 385 1784 optimis
405 1728 627 1774 autoribus,
651 1726 904 1768 insulfiffimas
922 1727 1080 1767 istorum
1099 1726 1254 1766 naenias
1280 1739 1356 1779 pro
1382 1726 1544 1766 oraculis
1573 1725 1712 1767 habere
1739 1739 1900 1782 cogatur

154 1785 345 1834 mundus,
374 1797 472 1838 quae
495 1796 616 1838 usque
651 1781 752 1823 adeo
780 1781 877 1822 nihil
909 1781 1051 1822 habent
1075 1780 1201 1821 bonae
1230 1779 1477 1831 eruditionis,
1507 1791 1549 1822 ut
1568 1795 1643 1834 ego
1663 1781 1751 1822 sane
1772 1782 1902 1824 malim

154 1840 217 1883 vel
236 1839 441 1881 mediocris
461 1838 537 1879 esse
557 1836 699 1888 cerdo,
727 1851 844 1892 quam
865 1837 968 1879 istius
988 1838 1137 1891 generis
1159 1836 1351 1891 optimus,
1381 1836 1408 1876 fi
1430 1836 1525 1876 nihil
1546 1837 1713 1877 melioris
1744 1838 1903 1879 access‘e-

155 1897 206 1938 rit
234 1895 444 1937 dofitrinae.
472 1893 538 1933 Isti
568 1892 654 1933 sunt
674 1893 741 1946 qui
771 1892 898 1932 nolint
923 1892 1131 1946 quicquam
1150 1890 1312 1935 restitui,
1343 1904 1392 1931 ne
1410 1892 1615 1945 quicquam
1638 1893 1824 1947 ignorasse
1845 1894 1902 1934 vi-

155 1950 330 1992 deantur.
357 1949 417 1990 Hi
443 1947 556 1989 nobis
585 1947 715 1988 fida-am
735 1946 985 2002 Synodorum
1007 1947 1249 1988 autoritatem
1281 1945 1492 1999 objiciunt;
1524 1947 1564 1986 hi
1585 1961 1766 2001 magnum
1786 1948 1904 1988 Chri-

159 2005 303 2048 stianae
324 2002 416 2045 fidei
435 2002 638 2043 discrimen
657 2013 910 2057 exaggerant,
940 2001 981 2041 hi
1003 2000 1211 2055 periculum
1230 2001 1440 2052 Ecclesiae,
1470 2015 1585 2056 quam
1605 2003 1662 2043 isti
1683 2003 1821 2044 scilicet
1834 2004 1905 2045 hu·

157 2061 271 2103 meris
297 2058 498 2113 suppositis
527 2057 708 2107 fulciunt,
738 2057 875 2098 reffius
905 2056 1110 2111 plaustrum
1140 2055 1291 2104 fulturi;
1322 2059 1361 2096 Sc
1390 2056 1611 2110 hujusmodi
1648 2057 1774 2098 fumos
1801 2058 1904 2112 spar-

186 2127 255 2157 unt
282 2113 385 2169 apud
415 2113 549 2168 vulgus
578 2112 779 2153 indostum
807 2126 851 2152 ac
882 2111 1199 2166 superstitiosum,
1228 2111 1332 2165 apud
1351 2112 1459 2166 quod
1478 2127 1564 2153 curn
1587 2126 1659 2166 pro
1684 2113 1904 2169 Theologis

157 2131 390 2219 {abeantun
421 2169 547 2210 nolint
577 2167 692 2210 ullam
721 2167 918 2221 opinionis
951 2166 1038 2208 suae
1063 2167 1249 2220 jacturam
1281 2166 1412 2207 facere.
1453 2166 1645 2208 Verentur
1666 2195 1677 2214 ‚
1705 2183 1755 2209 ne
1773 2201 1784 2219 ‚
1813 2183 1901 2210 cum

211 2238 359 2279 rperam
379 2223 529 2265 divinas
545 2223 666 2264 citant
685 2222 831 2273 literas,
860 2221 902 2262 id
927 2221 1035 2276 quod
1057 2221 1330 2275 saepenumero
1356 2221 1500 2263 faciunt
1513 2254 1524 2272 ,
1555 2223 1727 2264 Graecae
1746 2238 1810 2265 aut
1822 2224 1904 2265 He·

157 2239 307 2322 &aicae
326 2279 495 2321 veritatis
514 2278 696 2319 autoritas
719 2278 760 2318 in
781 2291 826 2318 os
844 2278 1024 2331 jaciatur,
1054 2280 1093 2317 &
1121 2289 1213 2317 mox
1240 2289 1421 2331 appareat
1450 2277 1525 2318 effe
1554 2277 1764 2329 somnium,
1793 2279 1903 2333 quod

157 2335 263 2378 velut
294 2333 491 2375 oraculum
520 2332 787 2375 adducebatur.
816 2333 941 2374 Divus
966 2332 1219 2387 Augustinus,
1247 2333 1306 2372 vir
1332 2343 1479 2383 tantus,
1500 2332 1645 2374 adhaec
1669 2334 1904 2388 Episcopus,

158 2404 242 2432 non
270 2399 447 2445 gravatur
469 2388 530 2431 vel
560 2388 608 2429 ab
633 2388 812 2429 anniculo
840 2388 1035 2442 Episcopo
1062 2385 1215 2427 discere.
1244 2387 1309 2427 Isti
1329 2388 1421 2428 tales
1441 2388 1585 2429 malunt
1606 2391 1737 2430 omnia
1764 2389 1905 2430 sursum

159 2460 204 2487 ac
224 2444 402 2487 deorsum
420 2443 598 2490 miscere,
627 2457 744 2499 quam
764 2444 1025 2493 committere,
1054 2453 1097 2483 ut
1113 2443 1320 2496 quicquam
1341 2442 1542 2484 videantur
1562 2444 1739 2499 ignorare
1756 2479 1766 2494 ‚
1796 2444 1906 2499 quod

159 2500 212 2542 ad
231 2500 438 2542 absolutam
460 2500 648 2555 pertineat
674 2498 941 2540 eruditionem.
969 2498 1207 2551 Quanquam
1227 2497 1324 2538 nihil
1356 2498 1419 2539 hic
1441 2498 1580 2549 video,
1609 2500 1717 2554 quod
1746 2514 1908 2554 magno-

160 2569 252 2610 pere
278 2556 467 2610 pertineat
495 2554 546 2595 ad
573 2553 666 2595 fidei
694 2553 938 2595 Christianae
969 2553 1221 2594 sinceritatem
1246 2570 1255 2593 :
1284 2552 1394 2607 quod
1425 2552 1453 2594 fi
1485 2555 1649 2596 maxime
1677 2556 1906 2610 pertineret,

159 2611 239 2652 hoc
256 2611 377 2665 magis
395 2621 498 2652 certe
517 2609 609 2651 esset
627 2609 912 2651 elaborandum.
942 2607 1088 2662 Neque
1108 2619 1201 2649 vero
1219 2608 1427 2662 periculum
1446 2609 1501 2650 est
1521 2641 1534 2659 ‚
1563 2624 1613 2650 ne
1630 2611 1804 2664 protinus
1823 2625 1907 2651 om-

160 2666 227 2707 nia
256 2664 463 2707 desciscant
496 2680 520 2706 a
551 2664 733 2716 Christo,
763 2664 792 2705 fi
813 2664 893 2706 fors
913 2662 1085 2705 auditum
1106 2662 1242 2709 fuerit,
1272 2675 1462 2718 repertum
1483 2663 1557 2705 effe
1579 2666 1620 2705 in
1640 2666 1761 2706 Sacris
1780 2666 1906 2716 libris,

160 2719 271 2775 quod
291 2720 351 2761 vel
373 2720 502 2760 Scriba
519 2719 737 2775 depravarit
757 2719 938 2761 indoems
957 2729 1021 2760 aut
1041 2717 1277 2769 dormitans,
1307 2718 1367 2759 vel
1398 2719 1611 2773 Interpres3
1641 2720 1768 2760 nescio
1798 2722 1907 2774 quis,

162 2789 299 2830 parum
323 2788 413 2830 apte
441 2776 567 2816 vertit.
601 2775 700 2817 Aliis
726 2789 773 2816 ex
803 2776 912 2816 rebus
941 2773 1018 2815 hoc
1046 2773 1255 2828 periculum
1286 2773 1363 2824 est,
1393 2787 1487 2828 quas
1512 2774 1588 2815 hoc
1618 2775 1707 2815 loco
1739 2775 1908 2829 prudens

162 2830 342 2872 subticeo.
393 2831 557 2884 Qanto
585 2830 841 2873 Christianius
883 2829 995 2871 fuerit
1015 2859 1028 2880 ,
1057 2828 1216 2870 semotis
1243 2828 1577 2879 contentionibus,
1609 2829 1717 2883 quod
1746 2831 1910 2885 quisque

161 2885 300 2939 possit,
328 2886 368 2926 in
399 2899 645 2926 communem
675 2885 781 2927 usum
812 2885 973 2927 libenter
1003 2883 1200 2935 conferre,
1228 2884 1347 2939 idque
1365 2884 1532 2925 candide
1560 2885 1755 2937 ample&i‚
1786 2885 1911 2926 fimul-

161 2953 239 2994 que
261 2944 301 2980 &
320 2941 412 2981 citra
430 2940 565 2981 fastum
588 2940 753 2992 discere,
781 2940 891 2995 quod
911 2941 1075 2991 nescias,
1104 2943 1144 2981 ὃ(
1161 2941 1254 2981 citra
1275 2939 1460 2980 invidiam
1478 2939 1640 2988 docere,
1670 2940 1778 2994 quod
1806 2941 1909 2982 scias.

162 2994 290 3049 Qiod
309 2995 336 3035 si
364 2995 535 3050 quisunt
559 2995 834 3046 illiteratiores,
862 3009 979 3051 quam
1010 3006 1053 3037 ut
1070 2995 1276 3050 quicquam
1303 2996 1404 3036 reste
1424 2994 1564 3035 docere
1584 2993 1747 3048 possint,
1776 2997 1909 3037 elatio-

162 3064 246 3101 res,
273 3063 389 3104 quam
406 3061 449 3092 ut
468 3051 676 3105 quicquam
699 3050 841 3092 discere
864 3051 1007 3101 velint,
1036 3050 1132 3101 hos,
1153 3050 1340 3104 quoniam
1363 3050 1512 3104 pauculi
1533 3049 1641 3100 sunt,
1668 3051 1792 3092 valere
1812 3051 1908 3091 fina-

162 3118 270 3155 mus,
299 3108 339 3145 &
367 3105 554 3146 bonarum
585 3117 650 3147 aut
671 3117 773 3148 certe
795 3105 920 3146 bonae
940 3105 1019 3159 spei
1037 3105 1224 3146 mentium
1245 3106 1375 3158 potius
1395 3105 1599 3146 habeamus
1619 3107 1817 3147 rationem.
1845 3130 1910 3138 ----

160 3158 331 3204 Placabis
347 3159 526 3204 homines
539 3191 554 3214 ,
579 3160 711 3216 quoad
729 3160 812 3203 fieri
831 3161 983 3215 potest,
1011 3162 1054 3202 &
1073 3158 1336 3215 persuadebis,
1363 3173 1449 3212 me,
1478 3160 1587 3215 quod
1616 3160 1738 3213 facio,
1768 3174 1848 3202 non
1868 3161 1907 3200 in

1841 3229 1908 3256 eo-
