1976 3519
115 232 197 283 184
497 221 1489 267 PROLEGOMENA.

113 348 140 369 „
169 314 278 370 quod
299 311 445 354 fuerant
466 312 643 362 Ethnici,
673 311 891 366 priusquam
912 309 1122 350 Christiani
1142 308 1297 357 fierent,
1326 322 1442 361 quam
1462 307 1568 363 quod
1590 339 1603 359 ,
1630 323 1717 350 cum
1746 309 1841 350 Eth-

114 402 141 422 ,‚
169 371 246 411 nici
274 368 413 416 essent,
443 368 492 408 ad
522 367 714 408 fimulacra
742 379 846 406 muta
875 364 1013 406 fuerint
1039 363 1236 404 abdusti’'.
1293 361 1408 403 XVI.
1440 376 1499 409 ³1-
1559 390 1586 414 ‚,
1613 364 1842 418 Chrysosto-

116 453 142 478 „
172 438 253 466 mus
271 424 362 477 legit
390 420 561 474 ὑμέτερον;
590 422 764 462 existimo
784 432 910 460 tamen
927 433 1012 460 eam
1032 419 1257 460 Leffionem
1278 432 1356 458 non
1377 417 1451 458 esse
1471 431 1686 472 germanam
1698 423 1729 460 '’.

174 479 282 519 VIII.
312 478 490 530 Joannes
522 477 717 517 Calvinus
745 476 784 515 in
816 475 958 516 Matth.
986 474 1016 514 I.
1049 475 1084 514 8.
1141 504 1165 523 ‚,
1197 473 1322 525 Quod
1352 473 1461 513 XIII.
1491 472 1608 513 solum
1642 473 1838 527 leguntur,

116 565 143 587 „
174 534 317 588 inquit,
348 532 582 573 librariorum
613 532 709 571 vitio
735 530 938 570 &incuria
957 527 1031 570 esse
1050 527 1190 569 fastum
1220 528 1417 569 verisimile
1445 528 1499 568 est
1519 530 1550 566 ''.
1605 528 1721 567 Rom.
1751 529 1843 569 ΧΠ.

124 603 187 631 11.
217 589 309 643 legit
338 587 455 640 καιςῷ,
488 587 588 641 1.Jo.
620 587 668 627 V.
701 598 736 635 7.
791 615 817 635 „
849 585 941 625 Hoc
968 596 1093 625 totum
1124 597 1145 623 3
1175 583 1399 637 quibusdam
1422 580 1596 622 omissum
1624 581 1717 629 fuit;
1748 582 1844 623 Hie-

116 673 144 696 „
174 657 355 697 ronymus
382 643 568 683 existimat
595 640 737 680 malitia
763 641 890 693 potius
921 652 1037 693 quam
1057 651 1183 678 errore
1204 638 1244 677 id
1262 636 1368 678 fuisse
1387 636 1549 686 fanum,
1579 640 1617 676 &
1638 636 1793 690 quidem
1822 653 1844 678 3

120 730 146 750 ,,
175 698 321 740 Latinis
335 697 538 738 duntaxat:
568 695 632 735 sed
654 708 771 749 quum
789 708 837 735 ne
858 694 997 734 Gracci
1016 693 1172 746 quidem
1194 692 1363 733 Codices
1395 693 1492 732 inter
1522 690 1557 732 se
1583 691 1844 742 consentiant,

120 784 146 806 „
175 754 237 794 vix
260 754 464 807 quicquam
485 750 639 791 asserere
659 748 782 789 audeo
794 752 824 790 ”.
869 749 997 789 2.Pet.
1026 749 1055 788 1.
1090 760 1123 799 3.
1179 777 1204 797 „
1236 747 1445 800 Receptior
1463 746 1617 801 quidem
1641 748 1773 787 Lectio
1792 748 1846 788 est

120 839 146 860 „
169 820 240 863 per
258 808 452 862 gloriam:
480 805 545 846 sed
573 805 662 858 quia
691 803 849 858 quidam
878 803 1048 844 Codices
1076 802 1216 842 habent
1245 800 1324 849 ἰδίᾳ.
1351 799 1455 854 δ’ὅξῃ,
1484 803 1559 842 hoc
1589 802 1665 851 est,
1691 806 1848 854 propria

119 893 146 915 „
167 863 317 918 gloria:
355 873 468 916 atque
486 861 538 901 ita
559 858 727 899 reddidit
745 871 852 899 vetus
873 859 1083 911 Interpres,
1115 857 1213 896 hanc
1235 856 1458 898 Lestionem
1478 856 1653 910 ampleffi
1677 857 1792 897 malui
1816 860 1849 895 ''.

127 918 269 960 1.C0r.
299 918 352 959 X.
386 930 448 966 29.
501 945 526 964 „
556 914 635 954 Alii
664 913 834 955 Codices
863 914 997 955 iterum
1025 911 1165 952 habent
1195 911 1418 952 sententiam
1447 911 1567 950 illam:
1599 911 1771 950 ‘Domini
1800 910 1850 962 ⁶³st

121 1005 148 1025 „
177 982 303 1022 terra,
333 970 397 1012 sed
416 968 614 1010 verisimile
631 968 709 1018 est,
738 982 856 1022 quum
876 966 1047 1021 apposita
1065 965 1156 1007 esset
1177 967 1227 1006 ad
1248 967 1458 1021 marginem
1479 981 1499 1005 a
1520 965 1658 1006 lestore
1677 1000 1687 1014 ‚
1715 967 1852 1020 obrep-

123 1059 150 1080 „
181 1026 260 1067 sisse
283 1028 322 1066 in
345 1036 591 1074 contextum,
619 1037 838 1078 quanquam
858 1023 896 1062 in
917 1036 966 1063 eo
986 1035 1068 1062 non
1089 1022 1248 1062 multum
1267 1022 1321 1061 est
1342 1020 1528 1061 momenti
1539 1023 1572 1060 ''.
1603 1021 1703 1060 Heb.
1724 1020 1793 1061 IX.
1823 1034 1855 1062 1.

123 1113 149 1134 „
179 1080 383 1134 Quaedam
403 1078 629 1132 exemplaria
653 1076 793 1119 habent
810 1075 938 1129 wpc'o-rn
960 1073 1079 1126 vaeniit,
1102 1079 1274 1132 primum
1305 1074 1622 1124 Tabernaculum,
1652 1075 1714 1115 sed
1748 1090 1854 1115 men-

123 1165 148 1189 ,‚
179 1137 272 1176 dum
291 1135 365 1177 esse
383 1134 556 1176 existimo
577 1135 617 1174 in
638 1132 892 1173 Tabernaculi
911 1133 1088 1179 nomine;
1119 1145 1189 1172 nec
1207 1130 1364 1181 dubito,
1391 1132 1484 1183 quin
1513 1130 1646 1183 aliquis
1675 1130 1854 1170 indoetus

124 1220 150 1243 ‚,
179 1192 319 1241 letior,
350 1202 468 1245 quum
488 1188 718 1242 adjeffihvum
739 1187 817 1228 fine
837 1187 1066 1228 substantivo
1094 1187 1256 1241 legeret,
1285 1199 1356 1239 pro
1389 1185 1450 1226 sua
1477 1184 1622 1225 inscitia
1640 1185 1689 1225 ad
1708 1186 1852 1225 Taber-

123 1279 151 1299 „
182 1247 356 1287 naculum
385 1243 569 1293 referens,
599 1242 706 1298 quod
736 1242 785 1283 de
808 1241 955 1283 foedere
985 1241 1131 1282 distum
1161 1253 1263 1286 erat,
1293 1238 1404 1286 camin
1432 1254 1629 1294 perperam
1651 1239 1853 1280 addiderit.

124 1333 150 1354 ,‚
180 1299 380 1342 Invaluisse
398 1313 491 1340 vero
509 1313 674 1339 errorem
697 1297 825 1348 illum,
855 1308 897 1338 ut
923 1310 1065 1351 magno
1086 1295 1269 1337 consensu
1288 1296 1340 1336 ita
1358 1296 1502 1349 legatur
1523 1294 1626 1349 apud
1658 1296 1828 1335 Graecos
1841 1322 1852 1340 ‚

124 1388 151 1408 „
181 1355 292 1396 valde
312 1354 469 1410 quidem
489 1354 629 1401 miror3
660 1352 724 1394 sed
752 1351 946 1393 necessitas
975 1351 1080 1405 cogit
1107 1350 1291 1392 vetustam
1321 1351 1544 1391 Lestionem
1575 1349 1720 1403 sequi”.
1752 1350 1854 1390 Heb.

125 1412 198 1452 XI.
235 1423 296 1462 37.
349 1440 375 1459 „
407 1409 531 1461 Quod
552 1407 821 1461 diciturfuiffe
843 1415 1038 1457 tentatos,
1066 1406 1216 1447 videtur
1235 1405 1309 1446 esse
1328 1405 1574 1459 superfluum:
1606 1419 1675 1446 nec
1695 1404 1854 1455 dubito,

123 1497 152 1519 „
181 1466 274 1519 quin
292 1463 498 1506 fimilitudo
516 1463 676 1504 duarum
697 1475 836 1503 vocum
865 1459 1077 1513 ἐπρίσθησαν
1106 1464 1146 1500 &
1175 1458 1424 1511 ἐπειράσθησαν
1452 1461 1489 1499 in
1511 1459 1618 1500 causa
1640 1459 1750 1500 fuerit
1772 1487 1783 1504 ,
1812 1473 1854 1500 ut

125 1549 154 1572 „
184 1519 348 1562 secunda
377 1519 475 1559 male
503 1519 551 1559 ab
580 1518 759 1573 imperito
791 1517 975 1571 quopiam
1003 1516 1144 1556 lectore
1172 1515 1304 1556 addita
1321 1546 1334 1566 ,
1363 1514 1543 1570 paulatim
1575 1514 1780 1568 obrepserit
1812 1515 1852 1553 in

125 1604 152 1628 „
175 1576 364 1617 Textum:
396 1573 502 1614 sicuti
522 1573 637 1614 etiam
653 1573 829 1613 Erasmus
851 1571 997 1612 divinat
1020 1573 1053 1611 '’.
1075 1570 1210 1625 Jacob.
1240 1569 1312 1611 IV.
1348 1583 1382 1611 2.
1434 1596 1461 1620 ‚‚
1495 1568 1575 1610 Ubi
1596 1569 1751 1623 quidam
1775 1570 1858 1610 Co-

125 1659 152 1679 ‚,
181 1631 285 1671 dices
307 1629 448 1670 habent
467 1626 640 1678 φονεύετε,
670 1641 751 1667 non
783 1625 943 1675 dubito,
970 1626 1063 1679 quin
1093 1625 1298 1679 legendum
1328 1624 1373 1666 sit
1410 1623 1569 1671 Φθονὲῖτε
1608 1623 1859 1678 quemadmo-

124 1717 151 1737 „
179 1685 273 1726 dum
293 1683 473 1724 transtuli.
531 1681 746 1722 Occidendi
772 1682 876 1722 enim
904 1681 1062 1721 verbum
1091 1680 1197 1720 nullo
1223 1678 1345 1719 modo
1375 1681 1497 1733 aptari
1529 1679 1653 1732 potest
1681 1678 1729 1718 ad
1762 1693 1858 1718 con-

123 1767 150 1792 „
180 1741 368 1781 textum’'.
428 1736 476 1776 V.
508 1750 570 1777 12.
627 1766 654 1788 „
683 1736 802 1777 Varia
820 1735 875 1775 est
897 1735 1032 1775 Leffio
1052 1746 1209 1787 propter
1230 1748 1370 1775 vocum
1398 1732 1619 1774 affinitatem
1642 1730 1711 1772 ὑπὸ
1733 1731 1856 1784 agiam,

123 1826 152 1849 ,‚
181 1793 225 1837 εἷς
247 1792 445 1847 bodagissi,
472 1791 498 1832 si
518 1791 620 1847 legas
639 1793 681 1831 in
690 1789 890 1846 judicium
911 1789 970 1830 vel
989 1791 1031 1829 in
1052 1788 1405 1829 condemnationem
1424 1818 1435 1837 ,
1466 1787 1589 1828 sensus
1615 1789 1686 1830 erit
1713 1788 1856 1838 clarus,

126 1881 153 1903 ‚‚
182 1873 247 1883 --·-
273 1848 338 1890 sed
357 1860 438 1888 non
458 1846 554 1888 male
575 1844 777 1901 quadrabit
797 1846 840 1885 in
845 1843 1134 1896 fimulationem
1153 1847 1186 1884 ''.
1243 1843 1386 1884 Matth.
1415 1843 1571 1884 XXVI.
1600 1855 1637 1891 9.
1689 1871 1717 1892 ‚,
1747 1844 1856 1897 Quo-

126 1937 153 1958 „
182 1903 304 1946 modo
333 1903 556 1943 Hieremiae
586 1914 730 1941 nomen
758 1899 994 1953 obrepserit,
1022 1911 1084 1939 me
1113 1898 1255 1939 nescire
1284 1898 1405 1939 fateor
1424 1928 1436 1948 ,
1465 1912 1535 1938 nec
1564 1898 1673 1938 anxie
1702 1898 1858 1946 laboro·,

123 1987 152 2013 „
181 1971 283 2001 certe
315 1958 538 1998 Hieremiae
565 1969 707 1996 nomen
735 1954 900 2008 positum
920 1952 995 1994 effi:
1017 1967 1088 2006 pro
1110 1953 1315 1993 Zacharia
1345 1967 1402 1994 res
1434 1952 1513 2007 ipsa
1543 1952 1733 1999 ostendit,
1765 1954 1856 2008 quia

125 2047 153 2068 „
182 2014 277 2055 nihil
297 2012 372 2053 tale
390 2010 492 2066 apud
514 2010 752 2051 Hieremiam
773 2009 931 2064 legitur,
961 2008 1021 2049 vel
1040 2009 1152 2048 etiam
1171 2007 1278 2063 quod
1300 2006 1456 2048 accedat
1466 2010 1498 2049 ‘'.

179 2069 252 2111 IX.
283 2068 414 2109 Simon
435 2066 656 2117 Grynaeus,
684 2065 791 2119 cujus
813 2077 927 2105 manu
949 2063 1103 2117 propria
1123 2063 1342 2104 illustratum
1363 2062 1418 2103 N.
1438 2062 1489 2103 T.
1510 2062 1701 2103 Graecum
1723 2090 1734 2109 ‚
1763 2063 1859 2104 Edi-

124 2125 244 2167 tionis
257 2125 497 2177 Argentorat.
533 2133 546 2159 1
562 2132 652 2172 524.
682 2120 721 2160 in
743 2122 818 2170 8⁰.‚
843 2129 945 2160 extat
965 2120 1006 2158 in
1019 2118 1256 2159 Bibliotheca
1268 2117 1521 2165 Faeschiana;
1552 2118 1603 2157 ibi
1624 2117 1729 2158 locus
1753 2118 1854 2172 1.Jo.

126 2183 177 2222 V.
206 2191 242 2233 7.
275 2191 354 2218 non
378 2187 526 2217 tantum
546 2175 758 2219 omittitur,
787 2173 853 2215 sed
883 2187 999 2214 manu
1028 2173 1068 2214 G
1115 2174 1200 2214 naei
1226 2173 1275 2213 ad
1306 2172 1431 2213 versus
1451 2172 1577 2213 ostavi
1598 2186 1733 2212 vocem
1754 2173 1858 2213 mez-

126 2252 183 2283 μα,
221 2244 394 2274 notatur:
435 2230 578 2276 Deus,
606 2232 700 2285 quia
721 2229 839 2270 Deus
859 2227 1033 2282 Spiritus
1054 2242 1072 2266 e
1127 2255 1138 2274 ,
1168 2227 1366 2282 Augustin.
1399 2231 1491 2268 206.
1525 2241 1571 2276 52
1583 2242 1615 2267 2.
1645 2227 1694 2266 ad
1724 2243 1859 2270 vocem

126 2288 234 2342 wag:
264 2288 459 2343 Spiritus,
487 2298 610 2341 aquae
619 2284 749 2337 fluent
769 2283 815 2324 de
832 2291 995 2333 ventre,
1024 2282 1136 2337 cujus
1145 2282 1297 2337 signum
1319 2296 1421 2336 aqua
1438 2296 1457 2321 e
1478 2282 1620 2329 latere3
1648 2281 1697 2322 ad
1721 2297 1857 2324 vocem

128 2344 296 2398 denique
324 2338 437 2389 αΐμαε
467 2338 620 2390 Filius,
651 2345 699 2386 ῥ’
727 2338 886 2380 verbum
915 2351 1002 2378 caro
1018 2337 1178 2392 fafi‘um
1198 2337 1267 2389 est,
1295 2336 1744 2393 cujasstgnumsangais
1763 2351 1782 2376 e
1802 2337 1861 2377 la-

128 2409 209 2441 tere
229 2419 244 2445 5
277 2395 486 2438 Manifesto
518 2395 664 2436 indicio
692 2425 704 2446 ‚
733 2394 879 2436 versum
912 2406 946 2445 7.
987 2407 1009 2434 a
1040 2393 1224 2449 Grynaeo
1251 2407 1324 2447 pro
1351 2393 1520 2448 genuino
1550 2405 1629 2433 non
1660 2391 1764 2432 fuisse
1795 2393 1860 2433 ha-

126 2456 259 2498 bitum.

180 2509 233 2551 X.
264 2505 508 2602 «Ss'ebastianus
538 2503 729 2558 Castalio,
759 2503 942 2545 lesi-iones
971 2503 1150 2545 Colinaei
1180 2501 1343 2545 editioni
1373 2501 1612 2543 Erasmianae
1642 2501 1859 2556 frequenter

158 2578 219 2605 rae
248 2577 274 2604 o
291 2574 358 2604 uit.

129 2579 156 2620 p
182 2578 254 2659 XFI).
283 2614 492 2657 Amandus
512 2613 692 2656 ‘polanus
713 2616 754 2655 in
775 2614 887 2656 titulo
907 2613 962 2655 N.
982 2613 1033 2656 T.
1051 2613 1281 2654 Germanice
1297 2614 1359 2653 A0.
1380 2612 1601 2665 1603.editi
1621 2612 1794 2663 testatur,
1824 2613 1862 2653 se
1887 2637 1891 2640 -

127 2674 188 2716 N.
217 2672 270 2713 T.
298 2685 385 2712 cum
410 2672 567 2725 optimis
586 2669 792 2724 impressis,
821 2673 861 2709 &
890 2669 929 2709 in
951 2669 1169 2709 membrana
1188 2667 1383 2720 descriptis
1404 2669 1555 2709 vetustis
1569 2668 1724 2707 Graecis
1737 2683 1861 2708 exem-

128 2727 295 2784 plaribus
314 2725 510 2767 contulisse
522 2753 534 2773 ‚
553 2737 668 2780 atque
683 2724 827 2765 summa
849 2723 927 2764 fide
946 2721 1216 2779 recognovisse.
1246 2723 1289 2761 In
1304 2722 1536 2773 praefatione
1548 2752 1559 2771 ,
1571 2733 1716 2774 praeter
1724 2722 1864 2762 editio-

128 2798 198 2825 nes
214 2782 580 2836 Stephanorurn,A·
592 2780 777 2821 Montani
798 2782 837 2819 δε
857 2780 1003 2829 Bezae,
1031 2780 1122 2818 citat
1140 2778 1256 2817 etiam
1278 2776 1614 2830 Evangelistarium
1635 2776 1740 2825 MS„
1753 2777 1861 2830 quoi

123 2839 297 2893 Joannes
327 2835 494 2876 Lascaris
525 2834 728 2876 Francisco
755 2834 784 2875 I.
816 2834 918 2888 Regi
950 2833 1151 2881 obtulerit,
1180 2832 1219 2871 in
1248 2830 1449 2871 obsidione
1478 2845 1569 2871 vero
1600 2830 1790 2872 Parisiensi
1820 2834 1861 2872 in

129 2905 265 2933 manus
290 2891 432 2932 Leonis
461 2890 643 2930 Curionis
674 2888 884 2930 Basiliensis
909 2888 1147 2942 pervenerit,
1177 2885 1320 2937 (hodie
1350 2887 1389 2925 ni
1419 2885 1527 2925 fallor
1558 2886 1595 2924 in
1625 2886 1862 2927 Bibliotheca

130 2944 393 2989 Brunsuicensi
413 2944 538 2995 extat)
566 2945 658 2985 citat
679 2958 796 2998 porro
817 2955 891 2983 tres
913 2942 1082 2983 Codices
1100 2940 1212 2982 MSS.
1243 2940 1460 2981 Basilienses
1475 2967 1484 2985 ‚
1514 2954 1677 2993 quorum
1698 2942 1862 2994 primum

127 3002 239 3056 supra
259 3014 297 3054 p.
318 3011 385 3051 42.
416 2999 696 3052 descripsimus:
724 2997 909 3038 secundus
930 3012 1022 3038 vero
1043 3001 1082 3037 &
1102 2996 1232 3037 tertius
1253 2996 1352 3036 A&a
1373 2999 1412 3035 δε
1430 2995 1618 3048 Epistolas
1639 2997 1863 3044 continent,

129 3062 171 3097 δε
191 3059 230 3097 in
251 3054 438 3109 prioribus
458 3053 744 3108 Prolegomenis
765 3051 941 3105 descripti
959 3066 995 3105 p.
1022 3065 1084 3101 59.
1107 3065 1143 3091 n.
1173 3048 1244 3090 IV.
1275 3053 1314 3089 &
1349 3049 1417 3100 V.,
1447 3052 1484 3087 ὃ(
1507 3050 1641 3090 iterum
1662 3084 1673 3099 ‚
1703 3065 1787 3090 cum
1811 3051 1861 3089 ad

129 3113 213 3153 illas
245 3109 300 3150 N.
330 3110 381 3150 T.
412 3119 537 3162 partes
567 3121 724 3148 ventum
753 3106 885 3156 fuerit,
917 3105 1166 3147 describendi.
1227 3105 1349 3145 Unde
1369 3104 1532 3154 fatrum,
1562 3116 1603 3144 ut
1626 3105 1793 3157 plurimis
1821 3107 1861 3145 in

128 3168 225 3209 locis
244 3179 328 3208 non
347 3175 498 3206 tantum
518 3177 539 3204 a
561 3163 746 3205 Leffione
768 3162 1000 3204 Germanica
1018 3160 1200 3212 Lutheri‚
1226 3173 1358 3202 verum
1377 3160 1492 3203 etiam
1512 3174 1534 3201 a
1557 3161 1708 3201 Graeco
1738 3160 1867 3213 vulga-

1820 3227 1862 3255 to
