1976 3519
454 246 1448 292 PRoLEGOMENA.
1751 260 1830 305 107

99 349 255 384 ventum
285 336 413 388 illurn,
440 358 505 368 ·--
531 332 759 390 jamdudum
778 333 1027 374 intermissum
1048 333 1173 374 Sixtus
1192 333 1243 375 V.
1272 333 1533 376 ardentiffimo
1566 334 1689 377 studio
1718 345 1831 378 revo-

99 396 223 444 cavit,
254 397 292 433 &
311 406 410 447 opus
425 390 580 432 tandem
598 388 816 429 confestum
847 388 936 442 (Αο.
962 402 978 428 1
992 387 1106 440 590.)
1136 389 1238 442 typis
1262 389 1435 429 mandari
1451 389 1564 442 jussit.
1593 391 1718 445 Quod
1739 406 1828 433 cum

95 451 176 505 jam
195 449 286 490 esset
303 447 500 495 excusum,
529 448 644 494 &‚ut
664 445 704 483 in
722 443 844 484 lucem
863 444 1117 493 emitteretur,
1130 443 1233 484 idem
1254 443 1434 484 Pontifex
1456 458 1613 498 operam
1637 446 1768 498 daret,
1788 462 1829 488 a·

100 503 383 546 nimadvertens
400 514 480 541 non
499 513 618 553 pauca
636 499 677 538 in
699 499 735 539 S.
763 499 885 539 Biblia
904 498 1020 551 praeli
1042 499 1137 538 vitio
1159 498 1363 552 irrepsisse,
1392 513 1489 553 quae
1512 500 1644 540 iterata
1667 501 1830 556 diligen-

99 562 151 601 tia
171 559 342 613 indigere
361 555 600 602 viderentur,
627 564 752 594 totum
771 567 869 607 opus
893 553 959 593 sub
978 552 1157 594 incudem
1177 553 1436 594 revocandum
1459 554 1601 595 censuit
1626 567 1740 610 atque
1759 557 1828 598 de-

98 615 228 656 crevit.
256 612 303 654 Id
322 625 414 652 vero
432 622 519 649 cum
540 620 663 649 morte
684 619 911 662 praeventus
931 608 1118 662 praestare
1136 622 1217 648 non
1240 608 1418 662 potuislet
1438 639 1449 658 ‚
1478 609 1689 663 Gregorius
1712 611 1828 654 XIV.

99 692 166 702 --
193 667 371 724 perficere
399 663 588 720 aggressus
614 664 678 704 est.
707 663 783 703 Sed
802 677 850 703 eo
868 676 1024 717 quoque
1044 662 1095 703 de
1125 663 1198 703 hae
1226 663 1308 703 luce
1336 663 1544 714 saturano,
1577 664 1733 705 tandem
1761 666 1828 706 sub

97 725 248 766 initium
266 719 514 762 Pontificatus
532 718 746 759 Clementis
762 717 874 761 VIII.
902 732 1000 772 opus
1020 718 1061 757 in
1083 718 1190 772 quod
1221 718 1347 759 Sixtus
1368 719 1416 761 V.
1437 718 1676 770 intenderat,
1705 721 1830 775 perfe-

92 781 196 822 &um
223 777 277 818 est
305 775 393 828 (ΑΟ.
426 772 569 826 1592.)

152 831 450 886 Accipe-igitur,
482 828 698 870 Christiane
717 828 859 869 Lestor
881 851 925 859 --·
955 839 1122 869 veterem
1142 842 1186 868 ac
1206 826 1412 884 Vulgatam
1436 828 1472 870 S.
1493 828 1708 883 Scripturae
1736 831 1828 872 Edi-

95 890 263 933 tionem,
291 897 433 940 quanta
451 883 533 924 fieri
554 884 680 937 potuit
710 882 907 938 diligentia
927 883 1166 937 castigatam:
1196 898 1310 937 quam
1340 883 1497 938 quidem
1528 884 1621 925 sicut
1648 886 1827 928 omnibus

94 943 260 985 numeris
286 940 492 981 absolutam
520 952 593 992 pro
623 938 789 979 humana
819 937 1076 979 imbecillitate
1096 937 1283 979 affirmare
1309 937 1465 980 difficile
1484 939 1560 989 est,
1589 940 1641 980 ita
1670 943 1828 983 caeteris

93 998 292 1047 omnibus,
324 1009 420 1050 quae
440 994 489 1034 ad
508 993 608 1034 hanc
624 1007 743 1048 usque
763 993 868 1033 diem
889 992 1449 1048 prodierunt‚emendatiorem
1472 995 1741 1050 purioremque
1751 998 1826 1038 esle

93 1054 252 1094 minime
280 1049 542 1092 dubitandum.
571 1071 635 1080 ----
662 1063 700 1102 p.
730 1062 768 1102 p.
799 1048 892 1089 sicut
919 1048 1102 1089 nonnulla
1132 1048 1305 1091 consulto
1326 1061 1491 1099 mutata,
1520 1050 1573 1090 ita
1594 1051 1709 1090 etiam
1732 1052 1827 1103 alia,

91 1122 190 1163 quae
207 1105 386 1148 mutanda
407 1104 652 1154 videbantur,
672 1103 845 1144 consulto
876 1104 1077 1143 immutata
1098 1104 1226 1143 relifta
1247 1103 1355 1153 sunt,
1385 1115 1466 1145 tum
1486 1104 1593 1158 quod
1611 1106 1662 1146 ita
1687 1105 1828 1148 facien-

90 1164 184 1204 dum
200 1161 275 1204 esse
295 1160 343 1202 ad
361 1160 615 1201 offensionem
637 1158 866 1213 populorum
887 1158 1083 1198 vitandam
1104 1157 1139 1198 S.
1162 1157 1425 1213 Hieronymus
1442 1173 1523 1199 non
1547 1159 1657 1200 semel
1691 1161 1826 1203 admo-

89 1220 175 1259 nuit
205 1221 275 1258 &c.
304 1216 413 1257 Idem
446 1215 696 1255 Bellarminus
722 1214 860 1268 repetit
890 1213 1061 1267 Epistola
1092 1212 1141 1253 ad
1164 1213 1306 1253 Lucam
1337 1213 1568 1268 Brugensem
1601 1218 1667 1256 ΑΟ.
1705 1223 1824 1271 1603:

90 1274 193 1314 Scias
221 1272 358 1322 velim,
388 1270 555 1324 Vulgata
582 1283 663 1309 non
683 1268 757 1309 ess'e
784 1283 805 1308 a
831 1269 942 1308 nobis
973 1267 1241 1309 accuratissime
1268 1268 1471 1322 castigata,
1502 1269 1620 1309 multa
1641 1272 1746 1312 enim
1774 1273 1825 1315 de

90 1328 271 1369 industria
301 1325 607 1381 pertransivimus
625 1358 635 1374 ‚
666 1338 763 1378 quae
792 1325 1030 1364 correffione
1059 1323 1232 1377 indigere
1264 1322 1501 1364 videbantur.
1544 1324 1668 1377 Qiod
1706 1329 1823 1370 etiam

89 1382 208 1424 Card.
231 1382 417 1423 Batonius
437 1380 656 1422 confirmat:
685 1379 848 1430 Fateor,
879 1379 1026 1434 inquit,
1056 1378 1239 1419 nonnulla
1261 1378 1388 1420 adhuc
1409 1378 1615 1434 superesse,
1647 1395 1745 1436 quae
1779 1383 1821 1423 in

88 1439 221 1481 melius
249 1439 385 1479 mutari
409 1436 570 1491 possent.

138 1494 264 1535 Sixtus
286 1491 335 1534 V.
354 1491 581 1533 methodum
603 1492 643 1532 in
666 1491 728 1533 sua
751 1489 934 1533 Editione
963 1490 1174 1534 adhibitam
1196 1491 1247 1533 ita
1269 1488 1418 1547 planius
1438 1490 1623 1546 explicat:
1650 1490 1697 1533 In
1727 1508 1821 1549 qua-

86 1562 237 1604 cunque
266 1547 451 1589 Leffione
478 1547 603 1602 plures
632 1549 854 1589 vetustiores
882 1560 997 1602 atque
1025 1549 1306 1588 emendatiores
1334 1548 1416 1588 libri
1447 1547 1661 1589 consentire
1681 1550 1822 1604 reperti

85 1604 193 1651 sunt,
223 1618 267 1645 ea
284 1603 367 1657 jure
385 1603 535 1657 optimo
552 1602 653 1657 quasi
676 1604 893 1658 primigenii
913 1604 1060 1644 Textus
1083 1605 1196 1643 verba
1217 1616 1281 1643 aut
1302 1603 1361 1643 his
1393 1604 1558 1644 maxime
1579 1603 1741 1645 finitima
1766 1619 1820 1646 re-

85 1659 243 1701 tinenda
263 1658 507 1699 decrevimus.
523 1657 571 1697 Id
590 1672 682 1699 vero
698 1658 747 1698 ad
769 1659 987 1712 germanam
1007 1659 1218 1699 editionem
1235 1657 1572 1699 constabiliendam
1592 1659 1820 1712 praesidium

85 1715 150 1756 ubi
179 1713 430 1755 desideratum
456 1713 532 1762 est,
563 1723 654 1752 tunc
683 1713 746 1752 SS.
777 1714 932 1754 Parrum
962 1721 1209 1766 veterumque
1245 1713 1504 1764 expositorum
1535 1715 1816 1765 enarrationes,

85 1768 222 1825 quibus
242 1766 386 1808 diversa
406 1767 677 1820 Scripturarum
697 1766 781 1806 loca
805 1771 844 1806 &
864 1768 979 1807 libros
997 1767 1245 1816 illustrarunt,
1275 1767 1439 1808 subsidio
1469 1767 1591 1808 fuere:
1620 1768 1819 1823 inquibus

85 1823 270 1880 quicquid
299 1837 321 1863 e
349 1836 388 1863 re
410 1822 535 1861 nostra
565 1821 802 1862 observatum
832 1821 925 1872 fuit,
954 1821 994 1862 id
1027 1822 1066 1861 in
1091 1822 1202 1874 hujus
1221 1822 1348 1875 operis
1370 1834 1515 1875 partem
1545 1822 1728 1865 adscitum
1750 1825 1819 1866 est.

84 1880 132 1920 In
157 1879 202 1919 iis
225 1877 401 1926 tandem,
423 1891 519 1930 quae
542 1890 667 1930 neque
686 1876 882 1917 Codicum
903 1891 1029 1930 neque
1060 1876 1266 1917 do&orum
1287 1891 1425 1930 magna
1456 1877 1704 1919 consensione
1732 1879 1820 1921 satis

85 1935 231 1975 munita
251 1931 499 1976 videbantur,
521 1929 571 1971 ad
591 1953 639 1962 —--
654 1931 890 1972 Graecorum
911 1931 1136 1984 exemplaria
1158 1931 1334 1971 duximus
1353 1930 1676 1986 confugiendum,
1708 1957 1756 1965 ---
1773 1946 1816 1977 ut

114 1989 191 2030 uod
203 1986 304 2042 apud
316 2000 399 2037 nos,
410 1985 638 2027 variantibus
650 1985 875 2035 Codicibus,
887 1986 1106 2026 inconstans
1116 1985 1306 2026 diversum
1314 2000 1361 2026 ac
1370 1986 1566 2040 multiplex
1579 1999 1670 2038 erat,
1684 1987 1724 2028 id
1734 1990 1818 2030 uni-

83 2004 208 2086 {Jorme
225 2042 435 2083 consonum
454 2040 640 2096 uniusque
657 2040 766 2081 modi
796 2041 963 2095 ipsorum
982 2040 1146 2081 fontium
1168 2041 1326 2082 veritate
1345 2040 1539 2095 perspeffita
1560 2042 1763 2086 sanciretur
1783 2048 1818 2087 ''.

88 2134 94 2136 ,
139 2098 286 2140 Nescio
317 2096 426 2143 sane,
454 2107 579 2137 utrum
601 2095 838 2150 diligentiam
866 2095 1122 2150 potissimum,
1152 2109 1200 2136 an
1217 2095 1445 2136 modestiam
1462 2110 1616 2147 eorum,
1646 2100 1713 2153 qui
1732 2100 1818 2141 Ro.

82 2168 217 2196 manae
234 2152 406 2193 Editioni
422 2150 684 2205 praefuerunt,
714 2150 887 2192 admirer,
917 2151 1016 2191 Illud
1038 2164 1130 2191 vero
1150 2151 1364 2204 cujusmodi
1394 2151 1439 2193 sit
1457 2151 1613 2207 adsequi
1643 2166 1817 2209 nequeo,

82 2224 150 2251 cur
175 2208 283 2257 Itali,
312 2207 379 2262 qui
409 2206 613 2247 leRionem
636 2206 839 2247 Librorum
859 2206 1059 2246 Sacrorum
1087 2206 1176 2245 alias
1199 2206 1419 2261 negligunt,
1449 2210 1489 2246 Sc
1511 2208 1611 2261 plebi
1632 2209 1817 2251 Christia-

82 2279 155 2306 nae
172 2263 368 2313 invident,
388 2262 499 2302 nullis
518 2261 698 2302 sumtibus
718 2261 983 2315 laboribusque
1004 2261 1263 2315 pepercerint,
1292 2273 1333 2302 ut
1354 2261 1577 2303 Editionem
1596 2264 1752 2306 istorum
1773 2266 1816 2306 li-

83 2321 236 2360 brorum
266 2318 447 2358 haberent
471 2331 586 2371 quam
618 2316 977 2357 emendatiffimam:
1007 2330 1095 2356 cum
1127 2317 1279 2357 interim
1314 2317 1500 2357 Germani
1531 2330 1645 2372 atque
1677 2323 1814 2362 caeteri

81 2374 356 2423 Protestantes,
386 2373 452 2427 qui
470 2371 627 2412 verbum
646 2373 723 2412 Dei
741 2371 807 2412 sub
824 2372 999 2412 omnium
1017 2371 1137 2411 oculis
1157 2372 1405 2425 manibusque
1423 2371 1497 2414 esse
1517 2373 1673 2424 volunt,
1693 2389 1812 2417 unum

82 2429 188 2471 illum
207 2427 430 2468 mendosum
449 2427 662 2476 Codicem,
690 2427 756 2481 qui
777 2426 876 2467 forte
898 2425 1049 2467 fortuna
1072 2427 1197 2479 primo
1218 2426 1370 2468 Editori
1398 2427 1438 2466 in
1469 2441 1603 2471 manus
1633 2443 1813 2481 venerat,

82 2484 187 2537 quasi
208 2483 257 2524 de
276 2483 376 2523 coelo
397 2481 761 2536 delapsumreliquis
780 2481 966 2522 universis
977 2481 1214 2534 praeferant,
1244 2484 1282 2533 ὅ(
1302 2481 1344 2521 in
1374 2480 1450 2521 hoc
1480 2483 1585 2536 quasi
1612 2497 1723 2525 coeco
1756 2486 1814 2526 as-

83 2540 188 2581 sensu
208 2538 467 2592 perseverent,
495 2549 536 2578 ut
556 2537 623 2591 qui
644 2535 793 2578 duobus
813 2536 1094 2590 seculisvelapsis
1111 2547 1246 2589 totque
1265 2535 1435 2590 undique
1456 2538 1593 2579 oblatis
1614 2539 1814 2592 adjumen-

83 2596 152 2645 tis,
184 2593 458 2634 nihilomnino
477 2603 677 2641 curarunt„
706 2604 747 2632 ut
768 2590 880 2632 Sacer
890 2591 1045 2632 Textus
1063 2591 1301 2632 emendatior
1318 2591 1516 2645 prodiret?
1548 2593 1668 2635 Unde
1694 2609 1810 2649 quae-

83 2649 125 2690 so
142 2649 281 2690 isthaec
300 2650 461 2702 partium
483 2647 733 2702 permutatio,
763 2659 805 2688 ut
818 2646 1013 2688 Pontificii
1032 2646 1170 2688 scilicet
1190 2657 1328 2701 *partes
1354 2647 1671 2700 Protestantium‚
1700 2654 1740 2690 &
1769 2651 1812 2692 hi

83 2704 242 2747 vicissim
260 2715 384 2758 partes
404 2703 553 2743 illorum
573 2701 802 2743 sustineant?

135 2759 236 2801 Non
265 2770 393 2799 tamen
422 2758 549 2799 eidem
576 2756 751 2798 Editioni
781 2758 988 2799 Romanae
1016 2758 1149 2812 utique
1179 2757 1262 2812 plus
1282 2756 1524 2799 tribuendum
1546 2791 1556 2808 ,
1586 2772 1701 2813 quam
1730 2761 1810 2815 ipsa

86 2813 153 2854 fibi
172 2814 283 2855 tribui
306 2813 469 2866 postulat
484 2846 495 2864 ,
521 2825 585 2853 aut
603 2812 654 2853 de
674 2812 911 2868 castigatiore
928 2813 1113 2854 Editione
1132 2813 1409 2867 desperandum
1428 2814 1493 2866 est.
1538 2815 1681 2856 Extant
1703 2817 1807 2858 enim

84 2868 175 2908 hinc
193 2868 282 2910 inde
299 2867 468 2908 Codices
488 2868 638 2918 Latini,
651 2897 654 2901 -
668 2868 826 2909 Graecis
846 2872 885 2908 &
906 2880 1027 2909 aetate
1044 2869 1265 2909 vetustiores
1284 2872 1324 2908 δε
1345 2882 1505 2909 numero
1525 2869 1649 2922 plures
1670 2904 1680 2920 ‚
1711 2885 1810 2925 quo-

85 2936 168 2963 rum
187 2924 309 2964 variae
328 2923 530 2964 Leffiones
548 2924 687 2977 partim
706 2923 754 2963 ab
773 2923 929 2964 Erasrno
947 2953 967 2973 ‚.
990 2923 1210 2978 Stephano,
1241 2927 1280 2963 ὃς
1306 2924 1409 2963 Luca
1431 2923 1612 2977 Brugenfi
1641 2926 1809 2978 publica-

84 2988 147 3018 tae
176 2977 278 3026 sunt‚
307 2979 444 3031 partim
473 2993 566 3018 vero
595 2977 722 3018 adhuc
753 2979 793 3019 in
829 2977 1066 3019 Bibliotheca
1095 2979 1244 3034 Regia,
1275 2978 1565 3033 Argentinensi‚
1593 2979 1807 3034 Tigurina,

85 3031 297 3082 Bafiliensi,
328 3033 542 3073 Genevensi
571 3036 643 3073 &c.
670 3033 809 3074 latent:
837 3047 885 3074 ex
902 3036 1076 3088 'quorum
1104 3034 1278 3074 omnium
1308 3033 1512 3074 collatione
1532 3034 1649 3075 multa
1679 3035 1805 3076 adhuc

84 3088 165 3128 erui
195 3097 307 3139 atque
333 3087 527 3128 emendari
557 3087 722 3142 possent..
746 3089 900 3129 Praeter
929 3088 1019 3129 istos
1047 3089 1087 3128 in
1118 3089 1260 3142 Anglia
1288 3089 1524 3141 reperiuntur
1553 3088 1723 3129 Codices
1755 3090 1805 3128 E-

85 3140 368 3196 vangeliorum‚
395 3143 566 3183 omnium
587 3143 842 3193 vetustiffimi‚
870 3144 1072 3197 praecipue
1090 3143 1262 3184 Londini
1282 3144 1321 3183 in
1346 3143 1581 3183 Bibliotheca
1600 3143 1804 3183 Cotronia-

86 3210 134 3237 na
148 3227 160 3248 ,
189 3201 226 3237 ὃ(
243 3195 510 3250 Cantabrigiae
530 3198 571 3237 in
591 3197 773 3254 Collegio
794 3198 1017 3293 Benedistid
1045 3211 1090 3238 ex
1119 3198 1256 3253 quibus
1283 3198 1431 3239 utinam
1450 3197 1584 3238 Editio
1606 3196 1805 3291 Versiplnis

544 3281 545 3284 =
1046 3266 1066 3293 2
1758 3265 1810 3293 ie-
