1976 3519
493 218 1503 264 'PROLEGOMENA
1817 236 1867 276 27

127 312 156 362 '„
183 308 283 350 Part.
310 308 340 348 Ι.
368 321 400 348 c.
432 306 519 361 32.)
550 318 631 348 tum
661 319 707 347 ex
736 306 859 348 citatis
889 320 936 347 ex
968 320 1017 347 eo
1039 306 1210 352 constat,
1240 320 1327 346 eum
1350 307 1559 348 insecutum
1582 307 1656 349 effi:
1673 307 1865 361 Textum,

128 391 156 416 „
186 378 273 404 cum
295 363 444 405 Italica
463 361 649 404 Verfione
668 361 827 402 mirifice
844 372 1131 415 congruentem.
1189 362 1297 401 Hinc
1326 363 1590 403 incunctanter
1621 363 1743 417 ipsum
1769 366 1866 406 inter

126 445 154 470 ,‚
184 419 377 468 Codices,
407 418 474 471 qui
494 417 543 457 ad
564 416 768 470 Exemplar
789 417 968 457 Latinum
989 418 1050 456 seu
1071 416 1250 466 confidi,
1284 417 1346 457 sou
1367 417 1495 457 saltem
1509 418 1679 472 castigati
1703 419 1867 471 fuissent,

126 502 154 525 ,‚
184 473 447 527 reponendum
469 471 688 517 censebam,
701 471 868 525 ideoque
889 485 961 512 nec
981 470 1143 525 dignum
1162 471 1377 525 ess‘e‚cujus
1399 473 1626 513 variationes
1648 475 1766 515 multa
1779 489 1867 516 cum

126 559 153 580 ‚,
184 529 406 569 difficultate
429 526 710 581 comparandae
732 525 860 567 essent.

189 584 238 623 C.
281 581 421 622 Codex
462 582 501 621 in
534 581 772 622 Bibliotheca
802 580 926 634 Regis
965 580 1190 621 Galliarum
1224 595 1384 622 numero
1419 595 1538 633 1905.
1576 583 1669 624 olim
1707 585 1868 626 Nicolai

122 634 288 678 Rodulfi
318 636 556 686 Cardinalis‚
586 635 647 676 ad*
668 650 783 690 quem
814 636 961 690 aliquot
992 635 1163 677 Sadoleti
1194 638 1340 677 exstant
1372 638 1564 691 Epistolae
1585 669 1597 688 ‚
1624 640 1800 680 continet
1830 641 1866 680 S.

123 692 364 734 EPHREM
403 691 485 746 Syri
517 692 619 732 varia
645 691 843 745 Opuscula
865 692 1039 739 Graeca,
1070 691 1135 731 sub
1157 693 1292 745 quibus
1312 692 1352 731 in
1372 692 1508 733 eadem
1529 694 1747 734 membrana
1771 706 1868 735 atra—

123 758 256 788 mento
280 743 509 787 flavescente
536 759 600 787 aut
632 747 760 800 potius
790 745 949 800 spongia
971 746 1100 787 deleto
1121 747 1239 787 latent
1260 747 1420 801 insignia
1444 746 1655 803 fragmenta
1677 750 1726 790 V.
1749 752 1788 789 &
1810 750 1867 792 N.

121 802 172 843 T.
203 816 225 841 a
254 802 309 841 P.
337 801 519 851 Allixio,
553 814 594 842 ut
613 816 659 842 ex
679 801 762 855 ipso
783 801 926 850 didici,
957 801 1122 855 primum
1143 801 1315 847 detecta,
1347 802 1477 856 postea
1506 818 1527 842 a
1560 803 1643 844 Cel.
1677 802 1868 845 Bojvim'o

121 856 424 898 Bibliothecario
443 857 495 897 R.
515 871 601 897 cum
621 856 736 897 editis
756 856 846 895 hinc
866 855 958 896 inde
978 856 1136 906 collata,
1170 871 1213 896 ac
1236 857 1434 897 Bernardo
1456 859 1576 912 Lamy
1595 859 1740 900 auctori
1766 860 1868 900 Har-

120 912 275 953 moniae
306 912 581 966 Evangelicae,
614 923 656 952 ut
683 914 723 950 &
755 911 943 961 Kustero,
972 925 1059 951 cum
1088 912 1300 952 editionem
1334 912 1391 952 N.
1411 913 1461 953 T.
1485 913 1701 955 Millianam
1730 915 1868 956 iterum

121 967 252 1021 praelo
279 966 495 1021 subjiceret,
519 967 821 1016 communicata,
850 981 871 1006 a
893 980 954 1006 me
975 980 1067 1006 vero
1087 966 1197 1007 semel
1221 978 1335 1021 atque
1358 968 1495 1009 iterum
1517 969 1638 1009 multo
1659 971 1868 1011 accuratius

120 1022 268 1063 collata.
325 1022 503 1076 Singulae
536 1023 697 1077 paginae
728 1021 890 1075 lingulas
920 1021 1103 1062 exhibent
1124 1022 1342 1070 columnas;
1373 1023 1487 1064 habet
1509 1021 1660 1066 Τίτλους
1683 1028 1721 1065 &
1744 1023 1866 1073 Κεφά-

119 1085 209 1116 λαισι
238 1077 388 1118 Eusebii
417 1092 439 1116 a
469 1077 591 1131 prima
622 1089 747 1117 manu.
804 1076 989 1116 Plurimas
1021 1077 1137 1117 etiam
1166 1079 1309 1131 recepit
1329 1078 1602 1120 Correstiones
1622 1080 1731 1134 super
1752 1094 1867 1122 voces

118 1133 239 1174 erasas
259 1133 298 1172 in
323 1144 426 1172 textu
440 1161 451 1182 ,
475 1135 513 1171 δε
538 1133 723 1186 principia
751 1129 1049 1180 Ἀναγνωσμοίτων
1070 1133 1108 1171 in
1130 1133 1321 1186 margine,
1352 1132 1416 1173 sed
1436 1133 1507 1174 alia
1527 1136 1867 1190 manuitaimperi-

119 1198 184 1238 ta,
214 1200 255 1228 ut
286 1187 394 1227 facile
415 1201 436 1226 a
459 1187 576 1240 priori
606 1187 769 1228 discerni
806 1186 931 1240 possit.
986 1186 1261 1242 Negligcntiae
1295 1187 1549 1242 Descriptoris
1577 1191 1750 1244 exempla
1780 1191 1867 1232 sunt

118 1243 281 1292 rariora,
311 1243 474 1283 occurrit
494 1254 621 1282 tamen
644 1241 812 1282 notabile
834 1244 960 1296 Apoc.
991 1242 1043 1282 X.
1081 1256 1139 1282 10.
1169 1242 1254 1292 ubi,
1284 1257 1372 1282 cum
1390 1243 1476 1296 post
1504 1258 1619 1285 voces
1652 1242 1712 1285 καὶ
1734 1245 1792 1285 ὅτε
1812 1246 1867 1286 se-

118 1299 275 1351 quentia
305 1297 423 1338 essent
456 1296 658 1348 addenda,
689 1297 859 1337 librarius
890 1297 1085 1338 aberrante
1122 1297 1235 1337 oculo
1260 1297 1372 1338 rediit
1403 1297 1453 1338 ad
1474 1299 1575 1353 Cap.
1598 1300 1708 1342 VIII.
1743 1315 1774 1342 1.
1804 1297 1864 1341 καὶ

118 1352 177 1392 ’ὅτε
198 1352 295 1405 ἤνοιξε
316 1355 386 1393 &c.
415 1367 458 1392 ac
478 1353 564 1406 post
587 1365 750 1406 quatuor
772 1351 929 1392 demum
950 1352 1074 1393 versus
1101 1352 1316 1406 descriptos
1335 1367 1502 1394 errorem
1524 1355 1630 1395 suum
1651 1354 1866 1410 deprehen-

119 1407 200 1458 dit,
228 1407 319 1448 inde
341 1409 504 1462 perrexit
525 1408 630 1448 versu
651 1422 684 1461 3.
707 1407 859 1461 Capitis
879 1408 975 1458 XL,
1007 1421 1207 1461 perperam
1229 1421 1319 1449 vero
1340 1408 1475 1462 scripta
1486 1411 1675 1464 corrigere
1685 1412 1865 1467 neglexit,

117 1462 223 1504 haud
253 1462 367 1504 dubie
397 1477 446 1503 ne
478 1462 588 1503 litura
616 1476 804 1517 apparens
841 1463 976 1504 vitium
1001 1462 1164 1503 Codicis
1185 1463 1375 1516 proderet.
1431 1464 1542 1505 Folia
1563 1465 1677 1506 habet
1698 1480 1790 1516 209.
1818 1480 1866 1507 ex

120 1518 258 1573 quibus
283 1522 349 1559 62.
382 1517 488 1558 nullo
517 1518 654 1559 ordine
673 1517 830 1572 quidem
862 1517 995 1558 debito
1014 1518 1088 1559 sese
1108 1519 1357 1571 excipienda,
1387 1518 1453 1560 sed
1477 1532 1618 1562 temere
1637 1522 1865 1576 compofita,

116 1574 321 1617 ,continent
354 1572 566 1628 fragmenta
592 1588 639 1615 ex
664 1573 795 1629 Jobo,
825 1572 1065 1623 Proverbiis,
1095 1573 1338 1619 Ecclesiaste,
1371 1575 1540 1616 Cantico
1559 1607 1571 1626 ,
1601 1577 1793 1630 Sapientia
1825 1581 1865 1617 &

119 1627 287 1669 Siracide
317 1628 471 1682 τιχηρῶς
500 1629 645 1685 scripta.
688 1628 856 1682 Reliqua
889 1629 971 1682 pari
1001 1628 1122 1671 modo
1151 1627 1308 1669 confusa
1339 1630 1522 1671 exhibent
1554 1643 1700 1685 partem
1735 1633 1791 1673 N.
1812 1633 1864 1673 T.

117 1697 284 1738 quorum
306 1684 503 1726 laterculus
520 1685 609 1726 licet
628 1685 775 1739 aliquot
795 1684 889 1727 locis
913 1684 1068 1728 vitiosus
1088 1685 1128 1729 in
1149 1684 1264 1742 iplius
1286 1684 1448 1728 Codicis
1480 1685 1722 1742 frontispicio
1747 1698 1861 1729 extat.

177 1739 320 1779 Deficit
347 1739 415 1780 iste
444 1739 585 1781 Codex
614 1741 655 1780 in

121 1791 267 1835 Matth.
343 1794 394 1835 V.
429 1808 492 1846 15.
561 1794 612 1835 ad
776 1795 869 1838 VII.
930 1809 962 1846 5.
1173 1798 1287 1842 XVI.
1321 1801 1384 1851 36.
1452 1796 1501 1838 ad
1671 1796 1766 1839 XX.
1801 1811 1861 1838 10.

259 1847 394 1890 XVII.
427 1862 489 1900 27.
713 1849 867 1892 XVIII.
898 1853 962 1892 28.
1176 1854 1293 1895 XXI.
1324 1866 1388 1906 3¹·
1631 1852 1765 1893 XXII.
1800 1867 1862 1893 20.

256 1904 390 1945 XXII.
425 1917 490 1945 21.
519 1928 647 1942 ·—--
710 1905 866 1946 XXIII.
901 1918 961 1957 17.
1136 1908 1294 1949 XXIII.
1329 1909 1391 1947 18.
1608 1907 1765 1949 XXIV.
1801 1921 1863 1959 14.

233 1957 391 1999 XXIV.
426 1973 486 2001 10.
726 1979 852 1987 --
893 1972 961 2011 45.
1130 1963 1288 2004 XXVI.
1326 1976 1388 2002 20.
1587 1962 1764 2003 XXVII.
1798 1968 1862 2005 16.

257 2014 394 2055 XXV.
427 2028 490 2069 30.
705 2013 864 2057 XXVI.
899 2029 962 2057 22.
1092 2016 1290 2061 XXVIII.
1353 2031 1387 2069 5.
1603 2017 1670 2059 fin.

221 2068 395 2112 XXVII.
431 2084 491 2112 11.
520 2094 649 2105 ᾑ-
893 2076 962 2122 46.
1017 2070 1092 2122 Iac.
1220 2073 1292 2114 IV.
1350 2086 1386 2127 3.
1601 2072 1669 2114 fin.

197 2122 395 2166 XXVIII.
429 2140 490 2178 15.
519 2149 646 2159 —-
685 2126 807 2168 Marc.
835 2125 865 2166 I.
902 2139 963 2177 17.
1009 2120 1045 2169 Ἰ.
1076 2129 1159 2171 Pet.
1219 2128 1291 2172 IV.
1352 2142 1386 2178 5-
1416 2146 1537 2156 ··—·
1600 2128 1667 2169 fin·

118 2178 242 2220 Marc.
323 2179 392 2220 VI.
426 2194 489 2234 32·
524 2204 642 2213 ———
754 2181 862 2221 VIII.
898 2194 960 2232 15.
1015 2183 1044 2222 I.
1069 2184 1138 2238 Jo.
1220 2184 1292 2226 IV.
1351 2197 1386 2237 3.
1429 2201 1544 2210 —-—
1572 2183 1622 2224 11.
1644 2184 1709 2238 Jo.

305 2235 396 2277 XII.
430 2251 493 2290 30.
750 2235 863 2278 XIII.
899 2237 961 2278 18.
1016 2239 1136 2280 Rom.
1242 2239 1291 2280 II.
1353 2252 1386 2290 5.
1421 2256 1550 2268 ——-
1690 2240 1761 2281 III.
1794 2254 1847 2281 21-

117 2288 209 2332 Luc.
352 2292 400 2333 II.
457 2298 492 2335 6.
522 2313 650 2326 ———
734 2311 861 2320 ---
893 2303 959 2342 42.
1220 2294 1293 2336 IX.
1353 2299 1389 2335 6.
1418 2311 1547 2323 —-·
1709 2296 1760 2336 X.
1798 2309 1863 2346 14.

327 2347 396 2387 III.
431 2362 494 2390 21.
524 2369 653 2379 ——-—
792 2346 864 2389 IV.
896 2360 960 2398 25.
1218 2350 1292 2392 XI.
1323 2362 1388 2403 31.
1416 2367 1546 2376 —-
1652 2349 1765 2391 XIII.
1799 2365 1861 2390 10.

328 2403 398 2443 VI.
455 2415 492 2454 4.
523 2425 652 2435 -—-
736 2421 864 2431 ——-
898 2407 961 2456 36.
1014 2405 1045 2445 1.
1074 2405 1167 2446 Cor.
1207 2406 1296 2446 VII.
1331 2405 1392 2445 18.
1421 2422 1551 2431 --·
1692 2406 1764 2447 IX.
1823 2410 1859 2447 6.

310 2457 401 2499 VII.
438 2473 497 2510 17.
529 2480 656 2491 --—
751 2457 862 2498 VIII.
896 2459 960 2499 28.
1182 2461 1293 2501 XIII.
1352 2461 1386 2499 8.
1415 2477 1545 2488 -—-
1665 2460 1759 2501 XV.
1788 2474 1857 2513 40.

301 2513 394 2554 XII.
451 2527 489 2565 4.
520 2536 649 2548 —-
746 2512 862 2552 XIX.
891 2525 960 2564 42.
1014 2515 1064 2555 II.
1085 2515 1181 2556 Cor.
1234 2516 1287 2557 X.
1342 2528 1382 2566 9.
1411 2533 1538 2544 --—
1570 2514 1656 2556 Gal.
1731 2516 1761 2556 I.
1794 2531 1858 2558 20.

304 2568 398 2608 XX.
435 2571 496 2610 28.
526 2591 653 2602 ——-
745 2568 861 2608 XXI.
897 2582 961 2610 20.
1014 2571 1116 2624 Eph.
1262 2571 1291 2612 I.
1415 2589 1545 2598 --
1711 2571 1760 2612 II.
1796 2573 1858 2612 18.

267 2623 401 2664 XXII.
437 2638 499 2666 20.
528 2646 654 2659 --—-
705 2623 862 2663 XXIII.
895 2636 959 2674 25.
1218 2626 1279 2667 IV
1324 2637 1387 2677 17.
1415 2642 1544 2652 ··-··-
1574 2628 1674 2670 Phil.
1729 2627 1759 2667 Ι.
1792 2641 1857 2668 22.

245 2678 402 2721 xxiv.
461 2693 656 2731 7.-
724 2697 854 2705 —-
893 2691 962 2730 45.
1015 2680 1156 2735 Philip.
1226 2658 1295 2722 111⁰.
1356 2693 1551 2731 5.——
1610 2684 1673 2724 fin.

113 2732 255 2787 Joann.
374 2734 403 2775 Ι.
434 2747 502 2785 42.
534 2755 661 2766 -——
798 2733 868 2773 111.
899 2747 963 2787 32.
1016 2736 1044 2776 I.
1074 2735 1207 2777 Thess
1244 2738 1295 2778 II.
1352 2751 1377 2785 9
1581 2737 1759 2781 Hebr.II.
1817 2749 1856 2788 4.

354 2789 404 2832 V.
443 2803 503 2843 17.
534 2810 662 2821 —-
795 2787 867 2829 VI.
900 2803 962 2843 37.
1017 2791 1136 2833 Hebr.
1203 2790 1293 2833 V11.
1329 2796 1391 2831 26.
1685 2792 1758 2833 IX.
1794 2805 1858 2844 15.

320 2843 412 2885 VII.
471 2859 506 2900 3.
536 2864 665 2877 ——-
750 2842 862 2884 VIII.
897 2857 961 2899 34.
1237 2848 1290 2888 X.
1324 2860 1386 2898 24.
1416 2861 1549 2871 ··—·
1689 2847 1762 2888 XI.
1797 2861 1859 2899 15.

341 2900 412 2941 IX.
449 2914 510 2940 11.
539 2919 668 2932 ---
797 2900 870 2941 XI.
927 2913 962 2951 7.
1015 2902 1045 2943 I.
1074 2901 1180 2943 Tim.
1260 2903 1289 2943 I.
1413 2920 1546 2930 --
1695 2903 1764 2943 III.
1820 2917 1858 2953 9.

339 2955 411 2996 XI.
439 2968 505 3007 47.
541 2975 669 2988 -—-
756 2955 870 2996 XIII.
929 2957 963 2998 8.
1237 2956 1290 2998 V.
1324 2971 1388 2998 20.
1609 2958 1674 2999 fin.

300 3010 416 3051 XIV.
477 3013 509 3051 8.
541 3030 661 3042 ᾕ-
755 3010 870 3051 XVI.
902 3024 965 3053 21.
1017 3014 1145 3067 Apoc.
1226 3013 1296 3054 IlI.
1331 3027 1394 3053 20.
1713 3011 1763 3051 V.
1797 3023 1858 3061 14.

259 3064 412 3108 XVIII.
444 3071 508 3119 36.
541 3086 662 3096 ——-
768 3065 865 3107 XX.
898 3080 962 3118 25.
1202 3067 1295 3109 VII.
1329 3080 1391 3118 14.
1432 3089 1553 3097 -—
1692 3067 1765 3107 IX.
1798 3069 1857 3106 16.

124 3115 257 3161 Aaor.
339 3120 409 3161 IV.
467 3134 503 3174 3.
533 3140 661 3150 —-
814 3121 864 3162 V.
900 3134 963 3175 34.
1184 3123 1296 3164 XVI.
1332 3135 1394 3174 14.
1428 3144 1559 3154 ———·
1608 3121 1761 3163 XVIII.
1823 3133 1859 3160 2.

361 3174 414 3215 X.
444 3187 512 3228 43.
541 3192 670 3205 -—-
754 3174 866 3218 XIII.
929 3190 962 3218 1.
1182 3178 1297 3221 XIX.
1332 3191 1394 3220 10.
1614 3177 1679 3218 fin.

1042 3230 1082 3270 D
1115 3245 1136 3272 2
1746 3230 1859 3284 Qae
