1976 3519
451 282 1446 330 PROLEGOMENA.
1748 301 1825 343 ¹75

95 405 121 426 ‚‚
152 372 392 414 Curcellaeus
408 386 455 413 ex
476 371 674 425 Stephano
695 370 869 424 inprimis
890 373 929 410 ὅ(
951 369 1160 412 Wechelio
1180 371 1381 418 desumfit‚
1411 373 1560 427 insuper
1582 388 1680 429 quae
1701 375 1825 417 Biblia

96 461 123 481 „
152 428 371 483 Polyglotta
392 427 603 482 Anglicana
627 425 819 466 addidere.
878 425 1001 466 Porro
1019 426 1264 467 collationem
1285 427 1335 467 de
1352 441 1460 470 novo
1477 429 1723 481 instituimus,
1761 446 1773 470 1
1787 446 1821 472 2.

99 515 125 535 ‚,
154 484 266 524 MSS.
299 482 531 535 Bodlejanae
560 480 841 530 Bibliothecae,
873 493 1037 534 quorum
1060 479 1229 535 plerique
1249 483 1382 522 intaffi
1405 484 1530 536 prius,
1559 498 1630 526 nec
1650 488 1689 526 in
1711 487 1826 543 Poly-

98 570 125 590 „
155 539 285 592 glottis
311 536 490 578 recensiti.
544 534 748 575 Accedunt
777 535 1018 576 Collationes
1048 536 1245 577 Codicum
1266 538 1430 578 duorum
1453 538 1617 588 Ufferii,
1648 543 1688 581 &
1709 543 1824 584 trium

97 621 124 645 ,‚
155 593 321 643 Petavii,
351 595 391 631 &
409 591 445 631 S.
476 590 745 630 Germanensis
766 593 838 633 διε.

154 649 265 689 Haec
297 646 418 688 editio
451 645 482 686 F
485 645 642 695 elliam,
672 645 780 699 quod
811 648 850 684 δε
867 645 1055 699 judicium
1076 645 1147 686 fuit
1165 646 1350 698 Simonii,
1379 661 1514 690 omnes
1537 649 1745 702 superiores
1768 652 1823 693 fa-

97 705 169 744 cile
187 702 354 757 superat-‚
381 700 447 741 ubi
466 701 668 753 praecipue
687 701 726 740 in
749 701 799 741 D.
829 701 991 742 Editore
1011 701 1227 751 laudamus,
1258 703 1366 757 quod
1387 702 1484 744 nihil
1507 704 1820 748 diffimulandum

97 756 422 812 premendumque
440 754 529 805 fibi,
559 754 623 795 sed
644 767 773 809 aperte
792 759 920 796 omnia
936 755 1141 796 indicanda
1158 757 1365 810 judicavit,
1396 768 1438 799 ut
1457 759 1614 799 tandem
1634 762 1770 802 veritas
1781 764 1821 803 in

97 814 218 854 lucem
246 810 496 865 protrahatur.
554 809 671 852 Varia
701 811 787 850 sunt
804 822 953 861 tamen,
982 825 1080 865 quae
1100 812 1138 851 in
1161 812 1232 853 hac
1252 826 1408 867 quoque
1425 814 1610 855 Editione
1631 815 1820 858 defidera-

96 882 136 908 re
164 868 260 907 licet.
319 865 418 906 Non
446 865 550 905 enim
579 877 700 906 errata
728 876 877 906 tanturn
908 865 1115 920 Stephani,
1146 871 1185 906 &
1207 881 1304 921 quae
1323 870 1362 908 in
1383 868 1614 924 Polyglottis
1635 872 1821 913 remanse-

94 934 203 972 runt,
232 921 296 961 hic
325 921 534 960 retinentur
558 921 712 970 omnia,
742 934 872 962 verum
904 921 1019 961 etiam
1045 922 1289 963 Curcellaeus
1319 937 1392 978 pro
1410 924 1529 965 altero
1551 925 1644 966 teste
1662 926 1821 969 subinde

93 978 246 1023 citatur,
274 975 338 1016 ubi
356 975 592 1028 Stephanum
613 974 813 1030 exscripsit.
871 976 1043 1017 Gothica
1063 977 1262 1017 conversio
1285 989 1467 1033 tanquam
1487 994 1508 1019 a
1531 980 1668 1021 Latina
1688 980 1820 1022 distin-

92 1033 174 1082 cta,
204 1035 244 1070 ὃς
271 1030 635 1071 San-Germanenfis
659 1030 799 1071 Codex
819 1042 998 1085 tanquam
1019 1031 1186 1072 diversus
1202 1047 1222 1072 a
1244 1033 1553 1075 Claromontano
1573 1036 1818 1089 producitur;

92 1087 133 1128 in
162 1086 361 1128 notatione
389 1099 633 1126 numerorum
664 1086 874 1126 cardinales
893 1100 965 1140 pro
984 1087 1219 1128 ordinalibus
1238 1091 1277 1127 ὃς
1297 1088 1456 1129 vicissim
1476 1089 1514 1129 h.
1543 1103 1575 1131 e.
1605 1105 1640 1132 v.
1672 1106 1724 1146 gr.
1757 1099 1816 1144 6.,

92 1141 214 1183 modo
242 1155 313 1195 pro
330 1141 456 1190 sexto,
488 1141 609 1180 modo
631 1154 700 1194 pro
721 1140 818 1182 senis
841 1140 1053 1183 Codicibus
1070 1142 1289 1191 sumuntur;
1320 1145 1419 1184 inter
1437 1144 1672 1199 Bodlejanos
1694 1148 1819 1188 Codi-

92 1211 154 1238 ces
174 1195 323 1237 nonnisi
346 1196 552 1250 Evangelia
571 1208 817 1249 comparent,
850 1197 1033 1250 Epistolis
1051 1198 1285 1251 Apostolicis
1304 1199 1510 1253 negleffis3
1538 1201 1577 1240 in
1601 1202 1712 1242 titulo
1731 1216 1819 1243 cen-

92 1263 172 1293 tum
192 1251 385 1291 Codicum
404 1251 549 1290 mentio
570 1250 635 1300 fit,
668 1252 756 1304 qui,
789 1252 812 1291 fi
836 1264 1006 1292 accurate
1025 1254 1171 1293 numeri
1193 1253 1466 1307 supputentur,
1498 1257 1560 1296 vix
1589 1269 1653 1308 70.
1685 1258 1820 1311 depre-

91 1306 330 1355 henduntur,
360 1306 464 1360 iique
484 1320 564 1345 non
585 1306 703 1346 totius
721 1306 775 1346 N.
804 1307 854 1348 T.
887 1306 951 1347 sed
969 1307 1080 1361 hujus
1103 1308 1162 1349 vel
1183 1309 1280 1349 illius
1301 1320 1450 1349 tantum
1482 1310 1589 1358 libri,
1613 1311 1818 1354 festinante

89 1362 220 1416 praelo
239 1361 362 1415 major
381 1374 466 1415 pars
485 1361 633 1402 testium
654 1361 715 1401 vel
740 1361 934 1402 Codicum
947 1393 958 1412 ‚
987 1377 1151 1417 quorum
1172 1362 1222 1404 V.
1244 1363 1287 1403 L.
1316 1377 1511 1418 excerptas
1522 1365 1653 1406 habuit
1667 1367 1815 1419 Editor,

89 1418 130 1458 in
161 1418 285 1469 priore
305 1428 411 1470 parte
429 1416 509 1469 jam
541 1428 623 1457 tum
645 1416 783 1470 ‘praelo
813 1418 976 1471 subjecta
1002 1418 1135 1458 omissa
1155 1419 1231 1468 est,
1261 1433 1333 1460 nec
1353 1420 1422 1460 nifi
1444 1421 1542 1460 circa
1566 1422 1734 1463 medium
1757 1425 1817 1465 vel

88 1483 260 1513 extremo
285 1472 439 1512 demum
466 1471 618 1512 Codice
645 1472 816 1512 adhibita
847 1473 939 1521 fuit;
969 1473 1137 1528 denique
1168 1473 1231 1514 SS.
1264 1475 1419 1515 Patrum
1454 1476 1679 1518 testimoniis
1710 1478 1816 1520 locus

89 1528 252 1567 omnino
280 1526 402 1567 nullus
430 1527 664 1567 conceditur.
719 1527 862 1581 Neque
891 1527 977 1569 saue
1008 1529 1070 1569 Cl.
1103 1529 1241 1569 Editor
1261 1530 1518 1582 existimabat,
1549 1534 1727 1573 omnibus
1749 1549 1818 1575 nu-

88 1583 200 1623 meris
226 1596 324 1636 opus
342 1580 415 1622 esse
435 1581 668 1630 absolutum,
699 1582 789 1622 hinc
810 1584 864 1624 est
885 1583 993 1637 quod
1015 1585 1164 1625 veniam
1188 1586 1306 1638 petit:
1335 1613 1361 1635 „
1393 1586 1517 1637 Boni,
1547 1588 1695 1642 inquit,
1722 1603 1816 1629 con-

87 1664 113 1687 „
143 1637 236 1677 sulat
265 1638 406 1682 lestor,
435 1640 473 1676 &
505 1651 601 1690 quae
634 1638 851 1679 humanitus
878 1639 990 1679 nobis
1020 1640 1262 1689 exciderant,
1305 1643 1521 1682 communis
1539 1642 1648 1683 sortis
1669 1658 1816 1685 memor

87 1724 111 1741 ‚‚
140 1692 305 1732 candide
332 1704 445 1745 atque
477 1692 662 1747 benigne,
692 1692 821 1732 saltem
848 1694 926 1733 fine
958 1693 1052 1734 fastu
1083 1698 1122 1732 &
1149 1697 1343 1748 protervia
1363 1695 1607 1751 redarguat’'.
1663 1699 1815 1740 Eodem

91 1761 265 1800 tempore
281 1747 360 1800 jam
378 1747 562 1799 cogitavit
591 1774 616 1792 „
629 1747 677 1786 de
699 1747 882 1788 Editione
905 1748 1068 1788 secunda
1088 1749 1333 1800 adornanda,
1364 1764 1464 1804 quae
1482 1753 1814 1808 Lestiones,quas

86 1832 112 1852 ‚,
143 1802 366 1856 collegerat,
397 1801 586 1841 universas
606 1801 918 1855 compleeoeretur
939 1803 1135 1855 grandiori
1154 1805 1356 1845 volumine.

140 1871 177 1906 9.
210 1859 273 1899 ΛΟ,
308 1858 383 1895 168
395 1869 425 1894 ς.
456 1855 613 1895 ‘Paulus
645 1857 867 1908 Colomefius
899 1857 1068 1910 Epistola
1100 1859 1247 1899 Gallica
1279 1859 1328 1899 ad
1363 1860 1591 1915 Christoph.
1612 1861 1812 1917 Justellum

88 1911 222 1965 scripta
245 1911 338 1952 haec
360 1910 549 1964 pollicitus
570 1911 644 1951 est:
673 1938 698 1960 ,,
729 1912 853 1964 Quod
874 1912 899 1952 fi
920 1913 1026 1953 Deus
1047 1914 1269 1954 conservare
1291 1915 1386 1954 mihi
1412 1917 1619 1970 propitiam
1640 1919 1815 1960 volunta·

85 1997 114 2018 ,‚
142 1979 218 2006 tem
248 1966 350 2006 suam
380 1966 561 2015 voluerit,
594 1966 816 2006 Romanam
843 1967 1067 2008 Editionem
1095 1969 1224 2009 LXX.
1254 1970 1508 2023 Interpretum
1538 1973 1643 2025 typis
1666 1971 1812 2016 viterum

86 2052 113 2073 „
142 2021 354 2074 subjiciam,
383 2034 457 2061 una
476 2035 562 2060 cum
583 2020 709 2061 Novo
728 2021 979 2063 Testamento
1001 2023 1153 2063 Graeco
1174 2025 1303 2065 multis
1319 2025 1359 2064 in
1382 2025 1477 2066 locis
1491 2029 1701 2069 corresto”.

147 2090 208 2117 10.
239 2075 464 2115 Richardus
497 2075 692 2116 simonius
712 2075 835 2117 edidit
854 2079 919 2118 ΑΟ.
956 2079 1076 2127 1689.
1104 2079 1317 2119 Historiam
1340 2081 1524 2120 Criticam
1542 2081 1716 2129 Textus,
1743 2086 1810 2126 ΑΟ.

91 2135 207 2181 1690.
238 2130 491 2180 Verfionum‚
520 2143 635 2184 atque
655 2131 1019 2184 Commentatorum
1034 2134 1088 2174 N.
1117 2134 1192 2185 T.,
1222 2135 1507 2176 observationes
1526 2139 1698 2178 novasin
1709 2141 1815 2180 Tex-

86 2198 164 2227 tum
185 2190 224 2226 &
244 2186 449 2227 Verfiones
468 2186 523 2226 N.
553 2187 603 2226 T.
633 2188 698 2228 ΑΟ.
736 2191 873 2236 1695.‚
904 2200 1018 2242 atque
1041 2191 1101 2227 A‘’.
1136 2202 1254 2238 1702.
1286 2190 1512 2232 Verfionem
1532 2193 1720 2234 Gallicam
1751 2195 1809 2239 N.

86 2241 136 2282 T.
163 2242 269 2295 juxta
300 2241 521 2281 Editionem
552 2242 739 2282 Latinam.
798 2243 856 2282 Ex
877 2243 984 2296 cujus
1004 2245 1075 2284 viri
1097 2245 1263 2298 scriptis,
1293 2247 1359 2299 qui
1376 2248 1583 2300 praecipua
1611 2248 1812 2304 sagacitate

58 2304 61 2309 “
86 2295 179 2346 fuit,
210 2301 248 2336 &
270 2297 526 2337 Bibliothecas
542 2297 763 2337 Parisienses
786 2298 950 2352 Regiam
975 2312 1089 2353 atque
1111 2301 1376 2342 Colbertinam
1397 2301 1521 2357 longo
1537 2315 1712 2357 ternpore
1741 2305 1813 2346 fre-

87 2353 305 2406 quentavit,
334 2353 449 2392 multa
471 2352 549 2405 peti
569 2351 722 2405 possunt
744 2353 902 2393 subsidia
921 2353 970 2393 ad
992 2369 1118 2394 veram
1143 2356 1366 2396 [estimem
1388 2356 1546 2399 subinde
1564 2360 1783 2402 eruendam.

148 2420 208 2446 11.
239 2410 301 2447 ΑΟ.
335 2420 451 2458 1707.
481 2407 660 2460 Joannes
689 2408 852 2448 Mimas
875 2410 1024 2449 Oxonii
1054 2411 1179 2450 edidit
1201 2411 1256 2452 N.
1283 2412 1335 2451 T.
1367 2412 1557 2453 Graecum
1579 2428 1665 2454 cum
1689 2414 1737 2453 V.
1766 2416 1810 2456 L.

88 2462 189 2515 typis
219 2461 506 2515 elegantiflimis.
565 2463 646 2503 Hic
675 2463 732 2502 vir
761 2464 822 2504 Cl.
854 2478 949 2504 unus
970 2464 1098 2506 labore
1116 2467 1270 2518 triginta
1292 2480 1480 2508 annorum
1501 2469 1584 2521 plus
1604 2470 1809 2522 praestitit,

87 2531 200 2570 quam
218 2529 353 2557 omnes
370 2519 436 2571 qui
455 2516 575 2571 ipsum
597 2529 718 2557 aetate
738 2519 1021 2571 praecesserunt.
1081 2521 1250 2562 Codices
1272 2522 1383 2562 MSS.
1414 2524 1655 2579 Anglicanos
1670 2526 1812 2578 pleros.—

88 2585 162 2625 que
190 2571 267 2625 ipse
286 2572 463 2624 inspexit,
493 2575 531 2611 &
551 2572 599 2612 de
620 2587 726 2612 novo
745 2574 929 2624 contulit,
959 2575 1164 2616 Verfiones
1191 2576 1397 2625 consuluit,
1426 2579 1556 2619 Patres
1578 2580 1749 2620 Graecos
1770 2584 1809 2621 &

88 2626 246 2667 Latinos
277 2627 457 2680 perlegit,
489 2630 529 2665 ὃ(
548 2641 614 2680 per
632 2629 775 2667 amicos
795 2643 968 2683 quoque,
1006 2631 1259 2686 undecunque
1290 2634 1437 2685 potuit,
1460 2632 1620 2675 subsidia
1654 2649 1810 2689 compa-

90 2682 193 2722 ravit.
245 2682 440 2734 ‚Iudicium
475 2683 590 2722 etiam
621 2682 725 2722 suum
747 2714 758 2734 ,
798 2696 913 2737 prout
944 2698 1003 2725 res
1031 2684 1173 2726 ferebat
1195 2721 1205 2736 ‚
1246 2688 1492 2741 interposuit,
1520 2701 1635 2744 atque
1655 2691 1707 2730 ita
1727 2703 1809 2731 tan,-

90 2736 178 2775 dem
198 2736 342 2791 insigne
361 2737 459 2777 istud
480 2751 523 2777 ac
543 2738 774 2791 praeclarum
796 2753 915 2792 opus,
947 2740 1126 2781 hortante
1147 2742 1328 2782 Eduardo
1350 2743 1568 2794 Bermrdo,
1599 2749 1641 2785 &·
1661 2745 1808 2795 loanne

90 2789 281 2845 Episcopo
301 2792 538 2837 oxoniensi,
566 2807 609 2832 ac
628 2793 785 2846 jubente
803 2795 918 2834 etiam
938 2796 1055 2836 Anna
1077 2797 1253 2851 Regina,
1275 2797 1326 2836 ad
1336 2798 1554 2839 umbi-licum
1567 2800 1806 2854 perductum,

89 2845 128 2883 in
148 2847 336 2898 publicum
357 2848 456 2887 exire
474 2847 594 2900 passus
612 2849 676 2888 est.

142 2902 196 2940 At
223 2915 269 2941 ne
298 2901 394 2941 istud
425 2902 582 2956 quidem
601 2903 674 2943 tale
694 2918 737 2944 ac
757 2915 906 2945 tantum
925 2919 1023 2959 opus
1043 2905 1114 2947 suis
1133 2918 1234 2947 caret
1251 2908 1400 2948 naevis:
1431 2909 1562 2959 Nam,
1592 2920 1636 2950 ut
1658 2921 1804 2951 taceam

91 2953 249 3005 plutima
270 2957 309 2995 in
332 2956 564 3007 Codicibus,
595 2958 789 3008 Patribus,
819 2959 1165 3016 Versionibusque,
1180 2962 1293 3002 Millii
1312 2964 1552 3018 diligentiam
1572 2964 1705 3018 fugisse
1716 2987 1727 3010 ‚-
1743 2965 1805 3005 Cl.

91 3010 180 3046 item
202 3009 399 3050 Editor-em
418 3012 484 3052 sibi
501 3026 582 3053 non
601 3013 740 3067 ubique
761 3014 951 3064 constare,
982 3019 1020 3055 &
1043 3016 1189 3070 saepius
1209 3018 1250 3056 in
1260 3018 1639 3072 Prolegomeniseam
1656 3020 1666 3057 l
1686 3021 1806 3060 estio*—

90 3076 179 3102 nem
200 3063 414 3116 admittere,
446 3081 544 3120 quae
562 3068 608 3107 ab
638 3068 722 3121 ipso
741 3069 786 3108 in>
803 3071 907 3110 notis
923 3071 1068 3111 Textui
1087 3072 1260 3125 subjeffls
1279 3074 1416 3125 rejeeta
1437 3073 1577 3116 fuerat,
1607 3075 1715 3128 quod
1740 3075 1809 3114 Le-

90 3117 186 3156 &ori
213 3118 500 3160 incommodum
531 3121 709 3174 quidem,
740 3123 806 3164 sed
825 3125 864 3163 in
886 3125 1048 3166 Edito-re
1068 3127 1277 3167 humanum
1297 3130 1371 3175 est,
1402 3143 1484 3169 non
1503 3130 1635 3169 millies
1658 3140 1806 3168 tantum

89 3172 155 3211 sed
176 3171 303 3212 decies
322 3174 455 3218 millies
472 3176 627 3216 patrum
646 3178 810 3232 aliquem
831 3179 891 3219 vel
914 3181 1001 3221 MS.
1030 3182 1088 3221 vel
1112 3183 1337 3224 vernonem
1357 3183 1450 3223 falso
1469 3184 1583 3232 citat,
1614 3184 1688 3223 sive
1706 3194 1805 3221 errae

87 3228 139 3267 tis
164 3227 450 3281 typothetarum
481 3229 555 3272 five
573 3231 679 3272 aliter
706 3244 899 3287 utcunque
927 3234 1132 3289 deceptu83
1161 3237 1216 3279 uti
1237 3238 1334 3279 inter
1355 3237 1560 3291 legendum
1581 3237 1726 3278 collatis
1745 3236 1808 3299 O?

1762 3304 1811 3331 n-
