1976 3519
99 187 153 226 26
457 174 1466 222 PROLEGOMENA.

99 303 125 323 ,,
153 270 317 311 bliorum
339 268 578 307 Graecorum
600 262 706 304 κατὰ.
726 262 792 306 τὲς
811 271 859 304 O.
890 279 911 304 a
934 264 1041 304 Sixto
1067 263 1204 317 quinto
1224 261 1439 311 editorum,
1470 259 1626 315 grandis
1648 261 1728 310 ille,
1757 262 1839 303 lite·

100 354 126 377 2,
156 327 281 379 risque
303 322 498 377 quadratis
518 320 579 360 seu
599 319 829 369 uncialibus,
860 333 957 373 quos
976 331 1139 367 vocant,
1170 331 1257 357 ante
1277 331 1399 357 annos
1414 318 1492 369 jam
1514 316 1615 356 mille
1637 320 1675 356 ὃ(
1697 318 1839 358 ducen-

101 413 127 434 „
157 393 240 429 tos,
270 381 325 420 uti
344 377 568 431 perhibent,
588 387 769 416 exaratus.
800 375 930 428 Hujus
948 375 1053 414 enim
1072 373 1244 413 HAUD
1267 371 1504 413 DUBIUM
1529 370 1650 421 EST,
1666 374 1759 425 quin
1781 387 1841 413 ra-

101 469 129 489 „
158 438 304 477 tionem
327 432 528 473 habuerint
550 431 727 471 Editores
750 430 846 470 illi''.
901 429 940 469 Si
969 427 1206 469 confidentia
1228 442 1299 482 pro
1321 429 1468 468 ratione
1497 427 1572 476 ess,
1602 427 1733 480 utique
1763 442 1843 468 cre-

101 491 274 533 dendum
306 488 360 529 est
391 486 632 528 asseveranti:
662 498 700 527 at
719 499 876 525 omnem
894 483 1189 524 admirationem
1208 483 1378 537 superat,
1409 482 1600 531 Minium,
1631 483 1695 534 qui
1717 481 1843 535 plures

101 545 322 602 quingentis
353 542 598 583 Lectionibus
628 556 674 581 ex
706 539 858 580 Codice
886 539 1080 581 Vaticano
1108 538 1216 592 falso
1243 569 1254 587 ,
1294 541 1331 576 ὃς
1362 551 1558 591 nunquam
1593 550 1613 575 a
1645 550 1843 590 quoquam

101 601 331 655 conspecto,
362 599 401 638 in
431 598 643 645 editionem
673 595 991 649 Complutensem
1020 593 1208 635 derivatas
1231 593 1296 632 sibi
1318 592 1415 633 visus
1442 594 1494 632 est
1523 591 1841 645 deprelicndisle,

102 672 152 699 ne
171 670 287 698 unam
306 653 463 709 quidem
486 646 733 701 Lcstionem,
763 665 861 705 quae
878 663 925 690 ex
944 663 1036 689 vero
1059 648 1212 689 Codice
1232 648 1426 689 Vaticano
1445 649 1484 687 in
1516 648 1619 687 illam
1651 644 1844 701 profluxe⁴

103 714 173 762 rit,
203 712 314 752 nobis
336 708 503 749 indicare
522 707 692 761 potuisse.

159 768 221 808 Ut
252 780 330 806 rem
351 776 471 805 totam
485 794 495 812 ,
526 775 713 816 quantum
731 759 890 814 quidem
912 776 932 801 a
954 759 1065 800 nobis
1086 758 1166 798 fieri
1186 758 1331 812 potest,
1363 758 1401 797 in
1427 757 1583 798 clariore
1613 758 1696 798 luce
1726 757 1845 798 collo-

104 836 255 871 cemus,
272 820 517 875 probabimus
530 850 540 868 ,
553 830 633 857 tum
647 816 869 857 Editionein
882 815 1189 868 Complutensi‘m
1212 828 1292 853 non
1315 828 1360 853 ex
1382 814 1457 852 hoc
1477 815 1612 852 codice
1633 812 1845 853 derivatam

104 878 202 928 effe,
231 889 312 917 tum
337 874 532 915 Codicem
555 874 794 911 Vaticanum
821 873 876 913 N.
895 872 947 912 T.
969 885 1014 910 ex
1034 869 1206 909 versione
1226 867 1338 908 Itala
1366 869 1657 921 interpolatum,
1689 872 1727 907 &
1747 869 1788 908 in
1809 883 1848 907 a·

106 935 165 974 liis
183 933 298 973 etiarn
320 930 597 972 Alexandrino
617 926 691 967 effe
712 926 891 970 fimilem,
922 938 1036 980 atque
1069 924 1169 965 adeo
1189 938 1235 963 ex
1265 923 1399 963 eadem
1425 923 1580 962 officina
1606 923 1742 963 exiisse.
1799 923 1846 962 In

105 989 241 1030 Veteri
261 985 418 1040 quidem
429 984 682 1024 Testamento
703 981 843 1022 Codex
856 982 1067 1024 Vaticanus
1085 984 1122 1019 ὃ(
1141 980 1187 1019 ab
1212 978 1474 1019 Alexandrino
1495 982 1565 1017 &a
1578 977 1847 1031 Complutensi

108 1055 194 1085 toto
216 1042 318 1082 coelo
338 1040 468 1080 distat:
501 1039 709 1078 Vaticanus
730 1038 954 1091 plerumque
979 1036 1134 1075 exhibet
1163 1049 1296 1088 puram
1320 1034 1567 1088 Septuaginta
1589 1033 1845 1086 Interpretum

109 1097 358 1144 versionem,
394 1094 674 1135 Alexandrinus
694 1107 785 1132 vero
808 1092 1064 1145 Hexaplarem
1086 1090 1292 1145 Origenis‚
1321 1089 1503 1144 neglectis
1522 1100 1648 1129 tamen
1669 1088 1788 1128 obelis
1809 1091 1849 1127 &

107 1152 310 1202 asteriscis,
324 1150 513 1191 interdum
534 1149 648 1189 etiam
661 1180 671 1197 ‚
684 1160 725 1188 ut
744 1149 784 1187 in
802 1146 1049 1201 librisjosuae
1068 1144 1534 1200 &Judicum,versionem
1545 1143 1853 1193 Theodotioni85

109 1206 409 1262 Complutenses
419 1205 598 1259 denique,
608 1204 673 1245 ubi
683 1203 898 1244 aVaticano
909 1206 946 1242 &
962 1200 1223 1242 Alexandrino
1233 1199 1454 1240 diffentiunt
1466 1204 1477 1249 ζ
1488 1198 1712 1240 dissentiunt
1722 1210 1850 1239 autem

109 1266 204 1305 locis
226 1277 323 1318 pene
343 1261 740 1313 iiifinitis‚praecipue
762 1258 802 1298 in
817 1258 998 1312 Jeremia)
1020 1257 1204 1297 ieffiones
1222 1269 1315 1310 quas
1332 1255 1629 1304 exhibent,non
1651 1268 1697 1294 ex
1719 1254 1851 1308 aliquo

109 1320 266 1360 'Codice
278 1319 432 1358 Graeco
451 1314 635 1364 sumsisse,
665 1314 728 1354 sed
751 1313 827 1354 five
847 1327 892 1353 ex
915 1313 1118 1362 Hebraeo,
1149 1311 1225 1351 sive
1247 1311 1376 1365 potius
1392 1324 1439 1350 ex
1459 1310 1695 1364 Hieronymi
1713 1309 1853 1349 verlio-

113 1390 162 1415 ne
184 1375 342 1422 Latina,
374 1372 548 1425 imperite
567 1370 712 1424 saepius
734 1370 772 1408 in
795 1369 1010 1409 sermonem
1030 1368 1223 1407 Graecum
1244 1364 1467 1406 transtulisse
1488 1365 1676 1405 videntur.
1707 1363 1782 1404 Sed
1802 1364 1853 1405 de

110 1431 162 1473 V.
179 1431 219 1470 T
250 1443 351 1469 nunc
373 1441 452 1467 non
474 1427 607 1480 agitur.
665 1424 709 1463 ln
731 1424 787 1464 N.
801 1425 850 1464 T.
875 1424 1055 1464 Editorcs
1073 1420 1370 1475 Complutenses
1391 1421 1453 1461 vix
1473 1421 1544 1460 tria
1563 1432 1774 1474 quatuorve
1797 1420 1854 1460 102

111 1501 156 1525 ca
179 1484 228 1525 ad
251 1484 420 1524 Codices
440 1483 599 1522 Latinos
618 1479 851 1528 formarunt,
882 1471 1099 1533 Βεελζεβὲέ,
1124 1477 1242 1530 idque
1264 1476 1377 1517 semel
1399 1486 1548 1516 tantum
1563 1475 1704 1516 Matth.
1718 1474 1772 1515 X.
1789 1488 1855 1521 25.

111 1539 313 1594 ὃοξολογῖαν
335 1537 536 1578 Orationis
556 1536 786 1576 Dominicae
807 1534 951 1575 Matth.
975 1534 1043 1574 VI.
1070 1546 1130 1583 13.
1153 1529 1226 1571 ἰδία
1250 1531 1387 1572 2.Cor.
1400 1531 1450 1572 V.
1476 1544 1536 1571 10.
1569 1533 1608 1570 δε
1627 1527 1764 1574 βελῖαλ
1783 1529 1855 1572 VI.

118 1609 182 1647 15.
212 1595 379 1648 denique
415 1606 446 1632 i.
462 1592 527 1646 Jo.
547 1591 598 1632 V.
620 1604 654 1641 7.
678 1592 734 1630 8.:
766 1601 804 1630 at
823 1590 1036 1630 Vaticanus
1069 1587 1210 1628 Codex
1239 1587 1334 1627 ultra
1365 1597 1557 1631 trecenta,
1588 1585 1615 1625 fi
1636 1585 1790 1626 testibus
1809 1585 1856 1625 ab

113 1652 276 1692 Erasmo
305 1648 428 1690 citatis
455 1646 654 1688 credimus.
710 1644 855 1699 Neque
887 1659 979 1685 vero
1008 1644 1106 1683 ratio
1126 1642 1201 1683 ulla
1228 1642 1438 1697 excogitari
1462 1640 1610 1696 potest,
1638 1655 1704 1681 cur
1721 1654 1856 1681 eorum

113 1705 375 1747 testimonium
396 1704 435 1742 in
457 1701 616 1742 dubium
629 1702 757 1740 vocari
778 1700 1037 1748 debeat3cum
1062 1697 1309 1738 confirmetur
1322 1701 1358 1736 ὃ(
1377 1710 1444 1750 per
1468 1699 1517 1736 R.
1532 1695 1856 1749 Bentlejum‚qui

114 1762 225 1814 saepe
246 1761 344 1800 inter
365 1758 509 1797 amicos
529 1769 678 1795 narrare
699 1755 860 1803 solebat,
893 1753 1123 1794 Vaticanum
1135 1751 1329 1791 Codicem
1352 1752 1391 1790 in
1413 1751 1590 1791 omnibus
1609 1749 1686 1790 fere
1705 1764 1791 1791 cum
1808 1753 1858 1790 A·-

114 1815 343 1858 lexandrino
358 1812 556 1866 (adeoque
581 1811 694 1851 etiam
707 1843 717 1860 ,
740 1822 781 1850 ut
800 1809 910 1862 supra
931 1807 1301 1856 demonstravimus,
1323 1821 1408 1847 curn
1421 1805 1608 1847 Versione
1629 1805 1743 1857 Itala)
1765 1819 1859 1845 con-

115 1872 268 1914 venire:
300 1873 338 1909 &
360 1883 399 1908 re
419 1866 519 1932 ipsa,
550 1880 640 1904 nam
661 1864 805 1905 Matth.
828 1864 877 1905 V.
904 1878 965 1905 22.
995 1877 1076 1903 non
1096 1862 1211 1902 habet
1229 1860 1321 1911 εἷκῆ,
1359 1875 1389 1902 i.
1405 1861 1470 1915 J0.
1492 1861 1560 1901 Iv.
1577 1874 1610 1913 3.
1640 1875 1719 1901 non
1743 1861 1858 1902 habet

117 1923 242 1979 χριςόν
264 1924 290 1964 ὲν
308 1918 408 1974 σαρκὶ
432 1919 702 1968 εληλυθότοιςυτ
722 1919 816 1969 alia,
838 1917 970 1972 paffim
989 1919 1028 1957 in
1052 1920 1099 1958 V.
1120 1918 1162 1957 L.
1188 1917 1325 1957 nostris
1346 1928 1545 1965 annotata,
1575 1929 1678 1956 nunc
1699 1927 1856 1958 taceam.

117 1984 316 2024 Praeterea
345 1978 541 2018 sectiones
573 1975 625 2013 N.
655 1974 706 2015 T.
734 1975 774 2013 in
804 1974 931 2027 capita
949 2003 960 2022 ,
989 1986 1083 2026 quas
1103 1971 1319 2027 Zacagnius
1341 1972 1380 2011 in
1414 1971 1490 2012 hoc
1520 1970 1654 2011 codice
1685 1971 1858 2023 invenit,

118 2037 242 2078 multo
262 2034 439 2089 proprius
458 2030 645 2072 accedunt
667 2029 716 2070 ad
736 2029 933 2069 Codicum
954 2028 1179 2070 Latinorum
1209 2039 1378 2068 veterum
1409 2041 1522 2081 quam
1543 2025 1591 2066 ad
1620 2027 1860 2068 Graecorum

119 2091 359 2133 divisionem.
418 2087 598 2140 Denique
621 2084 763 2125 Codex
786 2085 870 2134 hic,
901 2097 1022 2138 aeque
1042 2095 1156 2137 atque
1172 2081 1475 2132 Alexandrinus,
1507 2095 1586 2121 non
1609 2081 1723 2121 habet
1743 2082 1861 2122 histo-

119 2148 215 2188 riam
242 2144 433 2186 adulterae
446 2142 511 2197 J0.
531 2140 642 2184 VIII.
675 2144 711 2180 &
736 2139 947 2194 Epistolarn
969 2138 1019 2179 ad
1040 2139 1241 2180 Hebraeos
1269 2138 1381 2192 ponit
1406 2149 1494 2178 ante
1523 2137 1701 2191 epistolas
1720 2136 1771 2177 ad
1789 2137 1861 2178 Ti-

120 2202 346 2250 motheum,
374 2198 535 2247 Titum,
564 2208 679 2251 atque
700 2195 979 2236 Philemonem.

179 2257 371 2298 Codicem
386 2254 624 2293 Vaticanum
645 2265 692 2292 ex
704 2250 891 2292 Versione
911 2250 1005 2290 Itala
1025 2249 1297 2304 interpolatum
1318 2248 1413 2299 elle,
1426 2247 1525 2289 vidit
1544 2248 1658 2288 etiam
1682 2246 1739 2288 H.
1762 2247 1861 2287 Gro-

123 2316 206 2354 tius
237 2313 276 2352 in
306 2311 436 2352 Nlarc.
458 2306 552 2348 XV.
585 2309 622 2347 8.
664 2334 690 2357 ‚,
721 2306 846 2360 Qiod
872 2305 1080 2346 Vaticanus
1099 2304 1240 2345 Codex
1262 2304 1376 2345 habet
1398 2301 1552 2353 ἂναζοὶς,
1583 2302 1730 2343 accedit
1750 2302 1860 2344 adea

122 2401 149 2421 ,,
177 2377 421 2422 argumenta,
449 2364 585 2417 quibus
607 2376 767 2402 moveor
787 2373 829 2402 ut
848 2359 1024 2410 credam,
1039 2359 1228 2413 quaedam
1250 2360 1376 2400 Marci
1392 2358 1618 2412 exemplaria
1640 2359 1788 2399 Graeca
1810 2357 1861 2398 ad

122 2455 148 2476 „
178 2424 353 2463 Latinam
366 2419 577 2460 versionem
589 2430 733 2458 mutata
745 2419 776 2457 ''.
807 2416 932 2471 Quod
952 2430 1044 2457 vero
1062 2416 1142 2456 Th.
1164 2414 1449 2469 M'arefihallus
1470 2414 1536 2468 qui
1553 2414 1764 2453 Gothicam
1778 2428 1861 2454 ver·

122 2480 269 2520 sionem
297 2476 421 2517 edidit
443 2506 454 2524 ‚
483 2474 651 2528 objicere
681 2472 832 2513 videtui·
851 2503 863 2523 ,
892 2471 1117 2512 sententiam
1148 2471 1280 2511 Grotii
1310 2470 1553 2524 nostramque
1583 2483 1661 2508 non
1694 2467 1860 2523 frangit,

123 2534 189 2575 sed
218 2533 343 2574 firmat
371 2532 510 2584 potius.
565 2560 589 2579 „
620 2527 746 2582 Qiod
776 2527 801 2567 si
833 2541 966 2568 verum
994 2526 1047 2566 est
1068 2558 1079 2577 ‚
1109 2527 1253 2581 inquit,
1283 2525 1486 2566 necessario
1516 2524 1789 2577 consequetur,
1821 2526 1862 2563 &

122 2620 150 2641 „
181 2586 386 2640 Exemplar
404 2599 484 2640 quo
506 2583 589 2625 usus
608 2584 662 2624 est
682 2584 822 2636 Interp.
847 2582 1038 2622 Gothicus
1060 2583 1294 2636 primaevus,
1327 2584 1366 2620 &
1384 2580 1576 2633 exemplar
1597 2578 1688 2619 illud
1712 2579 1861 2628 Bene,

123 2676 149 2696 „
178 2643 229 2684 ob
249 2641 473 2682 vetustatem
492 2653 613 2679 raram
634 2638 733 2679 adeo
754 2638 980 2678 celebratum
1003 2669 1013 2685 ,
1042 2636 1144 2690 palla
1163 2651 1319 2691 quoque
1342 2635 1448 2676 fuisse
1469 2635 1568 2674 hanc
1587 2633 1860 2674 mutationem:

123 2731 150 2751 „
181 2698 365 2752 quoniam
386 2708 588 2749 utrumque
609 2694 681 2734 hac
703 2694 742 2733 in
762 2694 927 2734 lectione
947 2692 1189 2733 consentiunt
1214 2706 1301 2732 cum
1324 2690 1488 2745 Vulgata
1507 2688 1694 2730 Versione
1714 2689 1862 2729 Latina.

124 2783 151 2805 2,
181 2754 258 2794 His
288 2751 440 2804 insuper
471 2750 629 2803 adjungi
662 2748 787 2803 potest
816 2748 1012 2790 translatio
1034 2748 1269 2801 AEgyptiaca
1291 2749 1324 2786 ”.
1381 2746 1491 2787 Idem
1509 2743 1712 2798 suspicatus
1733 2743 1787 2783 est
1811 2744 1862 2784 R.

123 2808 322 2850 Simonias
342 2818 383 2846 ut
403 2820 440 2859 p.
461 2818 474 2845 1
487 2806 522 2844 8.
543 2805 717 2844 diximus.
766 2804 876 2856 Quin
898 2807 937 2843 ὃς
957 2802 1035 2857 ipse
1059 2803 1205 2843 Millius
1223 2800 1380 2842 tandem
1397 2802 1435 2841 in
1453 2800 1614 2840 eandem
1636 2798 1862 2838 sententiam

124 2864 298 2906 manibus
316 2861 553 2915 pedibusque
574 2857 754 2899 concessit
770 2859 883 2900 Prol.
911 2871 1030 2910 1479.
1079 2889 1105 2908 ,‚
1135 2858 1240 2897 Inter
1261 2856 1431 2897 Codices
1452 2870 1471 2894 a
1492 2855 1626 2909 quibus
1648 2853 1789 2893 Matth.
1812 2854 1863 2894 V.

124 2951 151 2972 ‚,
184 2933 247 2959 22.
279 2915 400 2957 abesse
420 2916 639 2955 notavimus
656 2927 793 2955 vocem
806 2913 899 2964 εἰκῆ,
929 2914 1150 2954 occurrebat
1170 2912 1311 2953 Codex
1328 2911 1482 2952 celebris
1501 2912 1741 2957 Vaticanus,
1755 2911 1865 2949 aLu-

125 3006 152 3027 „
183 2988 227 3014 ca
248 2971 428 3026 Brugensi
450 2970 582 3010 crebro
602 2981 766 3010 notatus.
797 2970 859 3009 De
879 2983 927 3009 eo
947 2979 1074 3008 autem
1099 2966 1244 3008 necesse
1263 2967 1316 3007 est
1339 2966 1402 3006 hic
1423 2979 1543 3020 pauca
1563 2964 1699 3004 dicere.
1721 2963 1864 3004 Codex

123 3058 151 3082 „
181 3029 243 3070 ille
262 3027 340 3082 ipse
360 3025 435 3075 est,
466 3026 532 3078 qui
555 3024 767 3065 Bibliorum
787 3022 855 3063 τῶν
877 3030 927 3063 O.
960 3024 1193 3063 Sixtinorum
1214 3023 1392 3062 volumen
1422 3021 1653 3075 postremum
1682 3018 1864 3067 conficit5

124 3117 152 3138 ,‚
181 3085 339 3138 scriptus
370 3081 486 3121 literis
504 3080 698 3134 quadratis
719 3079 794 3119 five
812 3078 1030 3119 uncialibus.
1086 3078 1136 3118 Et
1157 3089 1258 3117 certe
1279 3091 1366 3117 cum
1388 3076 1427 3115 in
1449 3074 1758 3115 Occidentalium
1782 3076 1865 3129 gra-

124 3168 153 3193 „
183 3142 276 3183 tiam
295 3153 318 3180 a
340 3137 483 3179 Latino
506 3135 623 3178 scriba
654 3136 840 3190 quopiam
859 3144 1030 3176 exaratus
1049 3131 1161 3174 fuerit
1180 3131 1294 3186 (vide
1316 3132 1459 3174 Simon.
1487 3130 1590 3171 Hist.
1610 3129 1709 3170 Crit.
1729 3128 1785 3170 N.
1811 3128 1863 3168 T.

1706 3214 1732 3236 ‚,
1763 3184 1863 3223 Part.
