1976 3519
159 238 239 290 136
573 224 1565 272 PROLEGOMENA.

143 320 337 377 spondeO,
361 317 396 367 fi
408 317 518 370 culpa
538 316 719 369 haec-fit,
749 330 830 355 eam
852 329 875 354 a
898 327 955 353 me
973 313 1134 352 libenter
1149 312 1312 366 agnosci.
1341 306 1436 350 Non
1460 308 1615 361 triviffe
1630 310 1887 361 multumne-

156 391 228 432 que
247 377 365 414 etiam
383 372 675 428 infitpelleffiile
694 371 855 411 libraria
875 370 942 417 (im
963 368 1168 422 adservare
1192 366 1376 407 Volumen
1398 365 1607 416 ejusmodi,
1636 366 1738 419 quod
1763 371 1884 406 certis

157 442 315 471 tantum
328 428 474 480 studiis
492 430 685 481 operanti,
715 440 760 466 ac
782 427 822 464 in
833 423 1027 477 singulari
1048 422 1215 477 quadam
1231 429 1348 474 parte
1365 420 1508 474 sacrae
1521 420 1690 460 Critices
1709 423 1887 471 versanti

157 485 301 534 consuli
321 484 478 533 debeat,
491 495 669 536 magnam
689 479 875 520 haetenus
896 479 1223 531 vituperationem
1243 489 1317 515 non
1337 474 1486 514 habuit.
1518 474 1627 514 Haec
1648 475 1885 528 ignorantiae

158 538 342 581 consessio
370 552 449 578 non
481 538 607 590 potuit
639 550 718 575 non
750 548 892 588 magno
921 533 1091 573 constare
1121 533 1204 571 viro
1232 530 1456 570 eruditionis
1488 529 1598 570 laude
1626 531 1790 581 celebri,
1819 533 1885 585 qui

160 608 356 648 nunquam
375 592 423 632 ad
444 592 548 631 illam*
565 589 812 644 confugisset,
845 588 870 628 fi
893 588 1000 628 aliam
1024 586 1198 628 elabendi
1218 587 1353 625 rimam
1384 583 1582 638 reperisset.
1639 586 1783 624 Annon
1820 588 1889 630 mi-

161 665 243 690 rum
264 649 318 689 est
342 647 659 694 Bibliothecario,
692 644 951 685 Bibliothecae
971 643 1135 691 viventi,
1163 641 1269 694 cujus
1291 639 1421 680 divina
1452 639 1635 679 memoria
1652 639 1699 678 ab
1721 639 1891 682 adulato-

159 707 260 746 ribus
279 704 438 744 unice&
459 700 623 755 speciose
644 699 799 753 quidem
814 698 1053 747 laudabatur,
1074 695 1126 745 τῷ
1146 694 1260 735 πάντ’
1279 690 1582 743 ἐπαγγελλομένῳ
1599 692 1734 742 εἰδέναι,
1756 695 1892 736 Mont-

160 754 328 801 falconio
349 772 466 811 porro
486 756 657 795 familiari
687 758 724 792 &
754 753 901 802 amico,
930 767 1000 792 nec
1020 763 1111 791 nota
1132 749 1239 791 fuiss'e
1261 749 1458 803 Hexapla,
1488 763 1579 798 nec,
1603 750 1665 789 ubi
1697 749 1746 788 de
1768 750 1892 792 Codi-

159 816 264 855 cibus
286 813 442 853 Graecis
462 810 508 850 V.
519 811 568 850 T.
590 825 610 849 a
630 807 917 857 Montfalconio
939 807 1134 859 descriptis
1156 806 1298 860 agitur,
1319 805 1359 844 in
1379 816 1546 844 mentem
1564 803 1702 844 venisse
1715 831 1726 849 ,
1757 816 1796 844 ut
1810 806 1891 845 He-

165 870 276 924 xapla
304 866 547 908 consuleret?
576 866 655 904 imo
690 863 715 903 si
748 862 876 903 saltem
905 862 1051 902 ‘Diarii
1082 860 1223 902 Italici
1256 859 1432 899 notitiam
1462 858 1643 898 habuisset
1663 890 1674 908 ,
1714 860 1892 911 poruiffet

161 940 198 979 p.
235 937 326 963 212.
355 922 546 970 invenire,
577 917 683 973 quod
718 922 756 957 Sc
785 917 906 972 ipsum
928 921 967 956 ὃς
988 917 1266 968 Breitingcrum
1286 915 1326 953 in
1344 915 1447 954 viam
1468 913 1678 954 reduxiss'ec.
1719 913 1794 953 Sed
1823 929 1895 955 nec

162 982 239 1020 hoc
268 989 443 1017 noverat:
472 986 641 1027 operum,
671 973 816 1027 inquit,
847 972 1074 1021 {Doiiifflnti
1097 969 1372 1011 Montfalconii
1407 967 1461 1008 ad
1489 969 1675 1008 Criticem
1695 971 1893 1022 pertinen-

162 1037 263 1075 tium
285 1031 432 1072 nullum
451 1029 552 1069 domi
573 1027 780 1078 habebam,
809 1042 855 1068 ac
877 1040 921 1066 ne
936 1040 1036 1066 nunc
1057 1025 1209 1080 quidem
1230 1024 1360 1063 habeo.
1389 1037 1426 1077 p.
1450 1036 1485 1077 3.

217 1087 356 1128 Unum
382 1084 508 1125 addit:
539 1098 576 1137 p.
612 1097 645 1134 5.
673 1081 1083 1136 minimefitfpicabar,
1112 1079 1233 1121 verba
1253 1092 1338 1119 mea
1357 1082 1405 1118 ao
1426 1080 1549 1117 amico
1581 1078 1624 1118 in
1646 1077 1790 1132 vulgus
1819 1079 1896 1120 edi-

162 1153 246 1184 tum
265 1143 317 1181 iri
346 1163 378 1171 --
398 1140 469 1181 Me
488 1140 608 1192 inscio
625 1152 671 1178 ac
695 1140 851 1177 minime
870 1138 1108 1190 praemonito
1121 1134 1257 1188 feczffe
1279 1134 1580 1187 Breitingerum,
1593 1147 1630 1186 p.
1644 1145 1679 1185 7.
1689 1137 1895 1175 materiam

164 1197 431 1238 criminationi
441 1195 538 1248 fitae
549 1196 659 1249 petit
681 1207 729 1232 ex
751 1192 879 1232 literis
901 1205 924 1229 a
946 1205 1002 1230 me
1019 1191 1074 1230 ad
1084 1190 1145 1231 Cl.
1160 1189 1436 1243 Breitingerum
1445 1189 1634 1242 firiptis,
1656 1201 1817 1242 quarum
1827 1189 1893 1230 hic

150 1256 421 1308 fragmentum
448 1247 624 1304 aliquod,
656 1257 780 1288 mente
811 1247 962 1301 quidem
991 1247 1137 1300 optima
1157 1275 1168 1294 ,
1194 1243 1274 1297 fi'd
1300 1253 1429 1284 tamen
1457 1256 1514 1281 me
1542 1244 1660 1295 infiio
1685 1252 1804 1297 atque
1834 1247 1895 1284 in-

162 1306 334 1361 consulto
346 1340 356 1355 ,
375 1307 417 1345 in
439 1304 556 1344 lucem
575 1303 711 1343 edidit.
741 1303 861 1343 Mens
874 1301 1100 1355 Breitingeri
1117 1299 1209 1349 fuit,
1221 1299 1346 1340 multis
1358 1311 1549 1338 novorum
1561 1297 1754 1338 Codicum
1767 1300 1896 1340 1οᾶὶο-

163 1363 274 1404 nibus
292 1359 500 1415 promissis,
525 1362 563 1398 ὃς
582 1358 659 1398 fide
678 1369 791 1411 atque
812 1358 1011 1397 autoritate
1033 1355 1164 1408 Iftlit,
1194 1354 1310 1395 literis
1325 1353 1531 1406 majoribus
1551 1352 1591 1392 in
1612 1367 1894 1408 programmate

162 1418 311 1470 scripti,
327 1413 567 1468 interposita,
586 1413 726 1454 multos
743 1424 907 1452 emtores
926 1411 1094 1459 allicere;
1125 1424 1190 1450 cur
1209 1423 1302 1464 ergo
1314 1408 1461 1454 Iselius,
1484 1407 1704 1462 simulatque
1725 1408 1775 1449 de
1793 1424 1896 1449 erro·

165 1488 205 1514 re
237 1469 441 1512 commisso·
465 1469 632 1515 monitus
665 1468 718 1508 est
748 1497 760 1517 ,
790 1467 897 1520 quod
928 1466 1042 1519 paulo
1074 1465 1159 1519 post
1195 1477 1435 1518 programma
1471 1462 1676 1515 secundum
1709 1465 1896 1518 contigit,

162 1542 244 1569 non
265 1526 409 1566 curavit
430 1524 626 1573 statim,ut
638 1523 790 1563 tertium
803 1535 1051 1576 vprogramma
1062 1519 1256 1569 ederetur,
1277 1520 1317 1558 in
1338 1532 1417 1572 quo
1438 1531 1583 1558 errores
1603 1518 1895 1571 corrigereiitur3

163 1581 374 1637 promissis,
408 1593 505 1633 quae
535 1578 710 1632 praestari
732 1591 812 1617 non
837 1587 1035 1630 poterant,
1066 1578 1105 1614 &
1124 1573 1476 1623 asseverationibus,
1506 1586 1603 1626 quae
1633 1575 1784 1626 probari
1813 1589 1895 1614 non

162 1648 364 1692 poterant,
398 1633 545 1674 rescistis
566 1636 581 1674 ἓ
612 1633 704 1673 Hoc
734 1632 848 1685 pasto
869 1635 909 1670 &
931 1630 1123 1671 honestius
1149 1644 1235 1670 cum
1257 1628 1465 1669 emtoribus
1485 1627 1638 1682 egisset,
1669 1631 1708 1673 ὃς
1728 1631 1898 1669 veritatis

163 1705 335 1734 amorem
355 1687 598 1737 ostendisset,
623 1691 659 1725 &
682 1700 838 1727 omnem
861 1685 1164 1739 exprobrationis
1183 1683 1310 1723 ansam
1334 1683 1373 1722 in
1394 1695 1618 1736 perpetuum
1639 1683 1896 1736 praecidisset:

165 1747 241 1788 Sed
264 1743 490 1786 monstranti
508 1756 674 1783 errorem
694 1740 906 1781 succensere
926 1741 1054 1793 potius
1075 1752 1188 1793 atque
1208 1751 1347 1778 nocere
1365 1766 1376 1787 ‚
1405 1750 1520 1790 quam
1537 1751 1702 1777 errorem
1731 1739 1770 1777 in
1799 1751 1891 1778 tem-

164 1816 259 1856 pore
297 1798 501 1841 emendare
537 1797 677 1837 maluit.
736 1795 846 1836 Haec
888 1796 993 1835 enim
1025 1808 1113 1836 vera
1151 1806 1265 1848 atque
1293 1793 1403 1834 unica
1433 1791 1516 1832 odii
1553 1792 1751 1834 Vatiniani
1786 1794 1893 1835 causa

165 1858 260 1906 fuit,
290 1878 367 1886 -----
397 1853 504 1895 Hinc
526 1852 643 1892 hostis
665 1852 718 1891 mi
739 1850 886 1901 Iselius,
912 1850 1002 1890 hinc
1021 1849 1206 1890 inimicus.

218 1912 315 1953 Satis
334 1908 401 1950 diu
420 1922 482 1948 me
502 1907 665 1961 detinuit
682 1904 841 1958 historia
864 1905 1019 1945 Codicis
1041 1903 1257 1955 Bastliensts
1268 1922 1282 1950 ς

493 1963 633 2003 Cetera
652 1961 701 2001 de
721 1974 858 2014 genere
879 1961 954 2000 hoc
973 1959 1096 2014 (adeo
1116 1959 1200 1999 sunt
1217 1958 1356 2012 multa)
1385 1959 1583 2013 loquacem

495 2017 685 2058 Delassare
704 2028 849 2069 queunt
871 2015 1054 2063 Fabium,
1083 2029 1132 2055 ne
1149 2026 1186 2055 te
1207 2028 1354 2065 morer,
1383 2015 1494 2055 audi:

167 2076 380 2119 Consilium
400 2073 476 2123 est,
508 2072 665 2125 Iselium
694 2071 846 2124 paucis,
875 2085 972 2124 quae
993 2071 1175 2111 memoria
1194 2070 1291 2109 mihi
1315 2069 1500 2124 suggerit,
1530 2069 1746 2124 simpliciter
1776 2070 1896 2112 allatis

165 2131 396 2187 argumentis
423 2121 684 2183 χαρακτηρίζειν
701 2157 713 2176 ,
733 2125 836 2179 (non
858 2137 900 2166 ut
920 2126 973 2165 illi
990 2139 1101 2180 aegre
1120 2125 1278 2174 faciam,
1306 2126 1367 2165 cui
1387 2139 1499 2179 aegre
1518 2123 1639 2165 facere
1659 2139 1729 2165 nec
1747 2125 1896 2179 possum

166 2203 237 2229 nec
259 2186 349 2227 volo
363 2217 373 2233 ,
403 2184 466 2224 sed
487 2195 528 2223 ut
546 2196 608 2223 me
635 2181 843 2222 defendam
863 2181 961 2220 intra
984 2180 1231 2221 moderamen
1253 2179 1475 2220 necessariae
1496 2182 1534 2219 ὃς
1564 2180 1777 2233 inculpatae
1800 2192 1898 2221 tute-

166 2244 245 2291 lae,
278 2240 459 2293 simulque
477 2238 645 2278 animum
666 2236 725 2277 vel
749 2248 855 2276 tuum
884 2235 942 2276 vel
963 2249 1088 2276 meum
1108 2249 1210 2276 nunc
1239 2233 1488 2289 defatigatum
1517 2234 1702 2287 relaxem)
1731 2247 1812 2276 tum
1847 2249 1900 2277 ne

167 2311 284 2352 porro
308 2296 390 2334 Viri
411 2293 611 2334 autoritate
632 2303 746 2346 atque
767 2291 883 2331 titulis
902 2289 1090 2331 invidiose
1111 2303 1280 2344 premar,
1309 2300 1390 2329 tum
1418 2303 1467 2330 ne
1500 2300 1641 2331 temere
1673 2304 1709 2344 p.
1743 2302 1804 2342 34.
1832 2290 1899 2330 ho-

166 2355 305 2395 minem
328 2349 474 2389 nullius
490 2348 634 2402 judicii
654 2344 801 2386 vocasse
822 2345 961 2387 videar.
991 2346 1086 2398 Q10
1107 2345 1262 2399 perasto
1281 2344 1518 2398 objestiones
1538 2345 1620 2399 ejus
1647 2345 1900 2386 innumerabi-

170 2408 222 2448 les
250 2403 356 2446 κατὰ
375 2403 476 2444 πέδοι
495 2401 685 2443 refutandi
706 2400 878 2441 molestia
895 2415 956 2441 me
975 2399 1194 2441 liberavero.

222 2489 247 2512 ,‚
281 2465 345 2501 ΑΟ.
380 2471 499 2503 1701.
539 2458 576 2498 d.
624 2470 685 2507 14.
716 2456 824 2510 Junii
846 2482 857 2501 ,
886 2453 1009 2496 edidit
1040 2455 1184 2507 Iselius
1213 2454 1407 2509 singularis
1445 2454 1644 2496 dostrinae
1684 2455 1872 2509 specimen
1885 2486 1899 2507 ,

167 2548 194 2568 „
225 2515 331 2570 quod
351 2525 482 2555 contra
504 2512 727 2553 sententiam
743 2511 881 2565 Jacobi
899 2511 1063 2564 Benigni
1083 2509 1252 2551 Boffueti
1270 2510 1450 2565 Episcopi
1471 2509 1681 2550 Meldenfis
1702 2510 1752 2551 de
1774 2511 1900 2566 Baby-

168 2604 193 2622 „
222 2572 311 2611 lone
332 2569 541 2622 Bestiisque
559 2571 597 2607 ὅ(
620 2566 824 2607 Meretrice
841 2564 1126 2619 Apocalypseos
1149 2564 1333 2618 Iohannis
1355 2564 1622 2618 conscripserat
1632 2567 1666 2606 ’'.
1695 2565 1799 2605 Cum
1819 2580 1900 2606 non

168 2630 383 2682 ignoraret,
415 2623 619 2663 Calvinum
640 2621 811 2662 acerrimi
832 2621 968 2660 Virum
986 2619 1120 2673 judicii
1139 2619 1306 2666 laudari,
1341 2620 1449 2670 quod
1469 2634 1557 2660 cum
1578 2631 1700 2660 totam
1721 2619 1798 2661 fere
1816 2620 1902 2661 scri-

171 2693 321 2735 pturam
344 2679 484 2718 sacram
505 2677 787 2718 commentariis
808 2675 1034 2725 illustrasset,
1064 2675 1111 2715 ab
1132 2674 1364 2729 Apocalypsi
1385 2686 1513 2714 tamen
1534 2675 1819 2728 interpretanda
1839 2676 1904 2716 ab·

174 2735 322 2777 stinuit:
353 2733 478 2774 noster
498 2731 548 2772 de
565 2732 699 2772 decem
717 2731 856 2771 bestiae
875 2729 1052 2770 cornibus
1073 2728 1306 2783 disputando
1326 2729 1543 2769 tirocinium
1562 2729 1698 2782 posuit.

229 2821 254 2840 ‚‚
279 2792 344 2830 ΛΟ.
376 2800 494 2837 ¹704·
523 2786 560 2826 d.
593 2799 627 2838 7.
658 2785 818 2840 Augusti
837 2784 960 2826 edidit
979 2784 1168 2838 specimen
1179 2783 1506 2825 Observationum
1525 2795 1638 2837 atque
1650 2783 1902 2837 ConjeRura-

172 2877 197 2896 „
227 2858 309 2885 rum
328 2842 377 2883 ad
392 2841 628 2882 Orientalem
640 2840 894 2895 philologiam
914 2840 1186 2893 pertinentium
1207 2853 1274 2887 ,ac
1294 2839 1496 2878 maximam
1516 2850 1662 2891 partem
1685 2853 1732 2879 ex
1752 2840 1906 2881 vetustis

173 2931 201 2951 „
230 2897 628 2940 VeterisTestamenti
651 2894 893 2935 versionibus
913 2894 1256 2948 depromtarum”·,
1286 2904 1332 2934 ut
1351 2892 1495 2933 indicat
1516 2892 1778 2934 libriTitulus:
1806 2895 1910 2936 versa

173 2955 313 3009 pagina
347 2952 460 2991 habet
490 2950 566 2990 hoc
596 2949 645 2990 ad
677 2950 877 2990 Lee‘oerem
906 2950 1118 2990 monitum:
1172 2979 1198 2999 ,‚
1230 2948 1335 2989 Cum
1365 2947 1459 2988 haec
1481 2946 1689 2989 diflertatio
1706 2949 1786 3003 jam
1814 2949 1906 2991 estet

171 3041 198 3061 „
228 3008 432 3048 maximam
453 3017 598 3058 partem
618 3004 902 3054 excusa,incidi
925 3005 964 3043 in
986 3003 1184 3044 Edmundi
1207 3003 1365 3045 Castelli
1386 3002 1434 3043 V.
1465 3002 1528 3043 Cl.
1558 3004 1704 3044 Varias
1725 3002 1907 3044 lectiones

172 3096 198 3116 „
227 3063 407 3115 Syriacas
429 3063 468 3100 &
488 3060 528 3099 in
547 3059 719 3113 ejusdem
738 3058 1105 3109 Animadverfiones
1125 3059 1424 3108 Samaritanus,
1437 3068 1551 3111 atque
1572 3058 1625 3097 ibi
1647 3057 1908 3112 deprehendi,

172 3147 198 3170 „
231 3117 334 3158 idem
366 3113 436 3169 ipsi
463 3114 561 3154 circa
589 3114 660 3154 tria
689 3113 747 3153 vel
769 3124 932 3166 quatuor
955 3113 1039 3153 loca
1071 3112 1303 3155 Versionum
1325 3112 1584 3166 Syriacarum,
1614 3116 1654 3152 &
1675 3115 1774 3153 circa
1794 3115 1909 3166 paulo

172 3205 198 3225 ‚,
228 3173 352 3228 plures
371 3170 553 3213 lestiones
574 3169 829 3211 Samaritanae
851 3167 1050 3209 Verfionis
1068 3166 1189 3210 visum
1212 3166 1286 3209 esse
1303 3198 1316 3219 ‚
1345 3167 1453 3222 quod
1480 3181 1556 3223 ego
1587 3168 1911 3222 conjeaaveram,

1726 3253 1754 3273 „
1783 3223 1912 3264 reliCta
