<?xml version="1.0" encoding="UTF-8"?>
<!DOCTYPE html PUBLIC "-//W3C//DTD XHTML 1.0 Transitional//EN"
    "http://www.w3.org/TR/xhtml1/DTD/xhtml1-transitional.dtd">
<html xmlns="http://www.w3.org/1999/xhtml" xml:lang="en" lang="en">
 <head>
  <title>
</title>
<meta http-equiv="Content-Type" content="text/html;charset=utf-8" />
  <meta name='ocr-system' content='tesseract 3.04.00' />
  <meta name='ocr-capabilities' content='ocr_page ocr_carea ocr_par ocr_line ocrx_word'/>
</head>
<body>
  <div class='ocr_page' id='page_1' title='image "./hekainediatheken00clem_0184.png"; bbox 0 0 1976 3519; ppageno 0'>
   <div class='ocr_carea' id='block_1_1' title="bbox 97 203 1440 268">
    <p class='ocr_par' dir='ltr' id='par_1_1' title="bbox 97 203 1440 268">
     <span class='ocr_line' id='line_1_1' title="bbox 97 203 1440 268; baseline -0.004 -19"><span class='ocrx_word' id='word_1_1' title='bbox 97 228 174 268; x_wconf 73' lang='lat'>,72</span> <span class='ocrx_word' id='word_1_2' title='bbox 450 203 1440 248; x_wconf 84' lang='lat' dir='ltr'>PROLEGOMENA.</span> 
     </span>
    </p>
   </div>
   <div class='ocr_carea' id='block_1_2' title="bbox 94 289 1900 3156">
    <p class='ocr_par' dir='ltr' id='par_1_2' title="bbox 94 289 1900 1064">
     <span class='ocr_line' id='line_1_2' title="bbox 94 289 1824 353; baseline -0.004 -13"><span class='ocrx_word' id='word_1_3' title='bbox 94 333 125 353; x_wconf 81' lang='lat'>‚,</span> <span class='ocrx_word' id='word_1_4' title='bbox 155 313 214 342; x_wconf 89' lang='lat' dir='ltr'>tur</span> <span class='ocrx_word' id='word_1_5' title='bbox 244 299 494 350; x_wconf 83' lang='lat' dir='ltr'>Interpretes,</span> <span class='ocrx_word' id='word_1_6' title='bbox 526 293 666 333; x_wconf 85' lang='lat' dir='ltr'>malum</span> <span class='ocrx_word' id='word_1_7' title='bbox 698 291 796 333; x_wconf 87' lang='lat' dir='ltr'>istud</span> <span class='ocrx_word' id='word_1_8' title='bbox 827 291 1121 332; x_wconf 81' lang='lat' dir='ltr'>dissimulatione</span> <span class='ocrx_word' id='word_1_9' title='bbox 1156 303 1236 330; x_wconf 91' lang='lat' dir='ltr'>non</span> <span class='ocrx_word' id='word_1_10' title='bbox 1265 289 1464 330; x_wconf 86' lang='lat' dir='ltr'>sanabitur.</span> <span class='ocrx_word' id='word_1_11' title='bbox 1518 290 1661 332; x_wconf 79' lang='lat' dir='ltr'>Nullus</span> <span class='ocrx_word' id='word_1_12' title='bbox 1696 293 1824 344; x_wconf 88' lang='lat' dir='ltr'>enim,</span> 
     </span>
     <span class='ocr_line' id='line_1_3' title="bbox 96 343 1825 409; baseline -0.004 -14"><span class='ocrx_word' id='word_1_13' title='bbox 96 389 121 407; x_wconf 87' lang='lat'>‚,</span> <span class='ocrx_word' id='word_1_14' title='bbox 152 357 217 409; x_wconf 88' lang='lat' dir='ltr'>qui</span> <span class='ocrx_word' id='word_1_15' title='bbox 238 365 406 393; x_wconf 88' lang='lat' dir='ltr'>veterum</span> <span class='ocrx_word' id='word_1_16' title='bbox 427 361 490 389; x_wconf 87' lang='lat' dir='ltr'>aut</span> <span class='ocrx_word' id='word_1_17' title='bbox 510 349 761 389; x_wconf 84' lang='lat' dir='ltr'>recentiorum</span> <span class='ocrx_word' id='word_1_18' title='bbox 776 348 1087 387; x_wconf 80' lang='lat' dir='ltr'>Commentarios</span> <span class='ocrx_word' id='word_1_19' title='bbox 1108 345 1168 385; x_wconf 88' lang='lat' dir='ltr'>vel</span> <span class='ocrx_word' id='word_1_20' title='bbox 1189 345 1313 385; x_wconf 84' lang='lat' dir='ltr'>obiter</span> <span class='ocrx_word' id='word_1_21' title='bbox 1331 343 1557 397; x_wconf 84' lang='lat' dir='ltr'>inspexerit,</span> <span class='ocrx_word' id='word_1_22' title='bbox 1587 347 1626 385; x_wconf 87' lang='lat' dir='ltr'>id</span> <span class='ocrx_word' id='word_1_23' title='bbox 1648 349 1825 399; x_wconf 82' lang='lat' dir='ltr'>ignorare</span> 
     </span>
     <span class='ocr_line' id='line_1_4' title="bbox 96 399 1830 464; baseline -0.005 -14"><span class='ocrx_word' id='word_1_24' title='bbox 96 440 121 461; x_wconf 87' lang='lat'>,‚</span> <span class='ocrx_word' id='word_1_25' title='bbox 152 409 288 464; x_wconf 88' lang='lat' dir='ltr'>potest.</span> <span class='ocrx_word' id='word_1_26' title='bbox 343 405 418 446; x_wconf 86' lang='lat' dir='ltr'>Sed</span> <span class='ocrx_word' id='word_1_27' title='bbox 438 405 517 444; x_wconf 89' lang='lat' dir='ltr'>laus</span> <span class='ocrx_word' id='word_1_28' title='bbox 537 403 580 444; x_wconf 91' lang='lat' dir='ltr'>sit</span> <span class='ocrx_word' id='word_1_29' title='bbox 600 404 687 443; x_wconf 89' lang='lat' dir='ltr'>Deo</span> <span class='ocrx_word' id='word_1_30' title='bbox 703 434 714 452; x_wconf 88' lang='lat'>‚</span> <span class='ocrx_word' id='word_1_31' title='bbox 745 402 851 455; x_wconf 91' lang='lat' dir='ltr'>quod</span> <span class='ocrx_word' id='word_1_32' title='bbox 872 402 1015 442; x_wconf 90' lang='lat' dir='ltr'>nullum</span> <span class='ocrx_word' id='word_1_33' title='bbox 1035 400 1124 441; x_wconf 88' lang='lat' dir='ltr'>inde</span> <span class='ocrx_word' id='word_1_34' title='bbox 1145 399 1236 440; x_wconf 86' lang='lat' dir='ltr'>fidei</span> <span class='ocrx_word' id='word_1_35' title='bbox 1257 399 1499 439; x_wconf 87' lang='lat' dir='ltr'>Christianae</span> <span class='ocrx_word' id='word_1_36' title='bbox 1521 402 1725 453; x_wconf 84' lang='lat' dir='ltr'>periculum</span> <span class='ocrx_word' id='word_1_37' title='bbox 1759 405 1830 442; x_wconf 88' lang='lat' dir='ltr'>im-</span> 
     </span>
     <span class='ocr_line' id='line_1_5' title="bbox 151 454 1830 514; baseline -0.004 -10"><span class='ocrx_word' id='word_1_38' title='bbox 151 466 281 505; x_wconf 88' lang='lat' dir='ltr'>minet.</span> <span class='ocrx_word' id='word_1_39' title='bbox 337 462 646 514; x_wconf 80' lang='lat' dir='ltr'>Quantacunque</span> <span class='ocrx_word' id='word_1_40' title='bbox 672 458 775 498; x_wconf 90' lang='lat' dir='ltr'>enim</span> <span class='ocrx_word' id='word_1_41' title='bbox 806 458 1018 510; x_wconf 82' lang='lat' dir='ltr'>Scripturae</span> <span class='ocrx_word' id='word_1_42' title='bbox 1047 456 1206 496; x_wconf 84' lang='lat' dir='ltr'>varietas</span> <span class='ocrx_word' id='word_1_43' title='bbox 1228 455 1268 493; x_wconf 90' lang='lat' dir='ltr'>in</span> <span class='ocrx_word' id='word_1_44' title='bbox 1297 454 1361 494; x_wconf 80' lang='lat' dir='ltr'>his</span> <span class='ocrx_word' id='word_1_45' title='bbox 1379 455 1481 494; x_wconf 86' lang='lat' dir='ltr'>libris</span> <span class='ocrx_word' id='word_1_46' title='bbox 1510 468 1703 504; x_wconf 80' lang='lat' dir='ltr'>occurrat,</span> <span class='ocrx_word' id='word_1_47' title='bbox 1733 457 1830 498; x_wconf 84' lang='lat' dir='ltr'>nihil</span> 
     </span>
     <span class='ocr_line' id='line_1_6' title="bbox 96 510 1830 573; baseline -0.004 -13"><span class='ocrx_word' id='word_1_48' title='bbox 96 553 120 573; x_wconf 81' lang='lat'>‚‚</span> <span class='ocrx_word' id='word_1_49' title='bbox 151 532 279 560; x_wconf 89' lang='lat' dir='ltr'>tamen</span> <span class='ocrx_word' id='word_1_50' title='bbox 308 516 399 556; x_wconf 89' lang='lat' dir='ltr'>inde</span> <span class='ocrx_word' id='word_1_51' title='bbox 430 514 661 569; x_wconf 68' lang='lat' dir='ltr'>produ&amp;um</span> <span class='ocrx_word' id='word_1_52' title='bbox 684 512 738 552; x_wconf 89' lang='lat' dir='ltr'>est</span> <span class='ocrx_word' id='word_1_53' title='bbox 769 511 972 560; x_wconf 62' lang='lat' dir='ltr'>haetenus,</span> <span class='ocrx_word' id='word_1_54' title='bbox 1001 510 1108 564; x_wconf 89' lang='lat' dir='ltr'>quod</span> <span class='ocrx_word' id='word_1_55' title='bbox 1127 510 1312 550; x_wconf 89' lang='lat' dir='ltr'>erroribus</span> <span class='ocrx_word' id='word_1_56' title='bbox 1339 521 1402 550; x_wconf 91' lang='lat' dir='ltr'>aut</span> <span class='ocrx_word' id='word_1_57' title='bbox 1425 510 1525 550; x_wconf 85' lang='lat' dir='ltr'>vitiis</span> <span class='ocrx_word' id='word_1_58' title='bbox 1549 511 1605 550; x_wconf 81' lang='lat' dir='ltr'>vel</span> <span class='ocrx_word' id='word_1_59' title='bbox 1628 510 1830 553; x_wconf 88' lang='lat' dir='ltr'>minimum</span> 
     </span>
     <span class='ocr_line' id='line_1_7' title="bbox 95 564 1837 627; baseline -0.005 -12"><span class='ocrx_word' id='word_1_60' title='bbox 95 605 122 627; x_wconf 85' lang='lat'>,‚</span> <span class='ocrx_word' id='word_1_61' title='bbox 154 575 299 623; x_wconf 88' lang='lat' dir='ltr'>faveat,</span> <span class='ocrx_word' id='word_1_62' title='bbox 329 570 394 612; x_wconf 86' lang='lat' dir='ltr'>sed</span> <span class='ocrx_word' id='word_1_63' title='bbox 413 570 542 610; x_wconf 90' lang='lat' dir='ltr'>omnia</span> <span class='ocrx_word' id='word_1_64' title='bbox 562 570 710 621; x_wconf 86' lang='lat' dir='ltr'>optime</span> <span class='ocrx_word' id='word_1_65' title='bbox 729 566 779 606; x_wconf 88' lang='lat' dir='ltr'>ad</span> <span class='ocrx_word' id='word_1_66' title='bbox 806 567 972 606; x_wconf 87' lang='lat' dir='ltr'>veritatis</span> <span class='ocrx_word' id='word_1_67' title='bbox 994 570 1033 605; x_wconf 92' lang='lat'>&amp;</span> <span class='ocrx_word' id='word_1_68' title='bbox 1053 566 1203 619; x_wconf 86' lang='lat' dir='ltr'>pietatis</span> <span class='ocrx_word' id='word_1_69' title='bbox 1224 564 1484 605; x_wconf 82' lang='lat' dir='ltr'>defensionem</span> <span class='ocrx_word' id='word_1_70' title='bbox 1512 566 1549 604; x_wconf 92' lang='lat' dir='ltr'>in</span> <span class='ocrx_word' id='word_1_71' title='bbox 1582 565 1653 604; x_wconf 80' lang='lat' dir='ltr'>illis</span> <span class='ocrx_word' id='word_1_72' title='bbox 1683 566 1837 619; x_wconf 73' lang='lat' dir='ltr'>conspi-</span> 
     </span>
     <span class='ocr_line' id='line_1_8' title="bbox 96 620 1835 683; baseline -0.006 -12"><span class='ocrx_word' id='word_1_73' title='bbox 96 666 120 683; x_wconf 87' lang='lat'>‚,</span> <span class='ocrx_word' id='word_1_74' title='bbox 153 641 247 672; x_wconf 90' lang='lat' dir='ltr'>rant.</span> <span class='ocrx_word' id='word_1_75' title='bbox 302 627 420 668; x_wconf 86' lang='lat' dir='ltr'>Forte</span> <span class='ocrx_word' id='word_1_76' title='bbox 442 624 600 679; x_wconf 87' lang='lat' dir='ltr'>quidem</span> <span class='ocrx_word' id='word_1_77' title='bbox 627 620 873 663; x_wconf 87' lang='lat' dir='ltr'>Orthodoxis</span> <span class='ocrx_word' id='word_1_78' title='bbox 900 635 968 674; x_wconf 89' lang='lat' dir='ltr'>per</span> <span class='ocrx_word' id='word_1_79' title='bbox 991 621 1039 661; x_wconf 88' lang='lat' dir='ltr'>V.</span> <span class='ocrx_word' id='word_1_80' title='bbox 1069 621 1114 660; x_wconf 94' lang='lat' dir='ltr'>L.</span> <span class='ocrx_word' id='word_1_81' title='bbox 1144 620 1279 673; x_wconf 88' lang='lat' dir='ltr'>aliquis</span> <span class='ocrx_word' id='word_1_82' title='bbox 1308 621 1486 673; x_wconf 87' lang='lat' dir='ltr'>eripietur</span> <span class='ocrx_word' id='word_1_83' title='bbox 1506 621 1631 660; x_wconf 55' lang='lat' dir='ltr'>locus,</span> <span class='ocrx_word' id='word_1_84' title='bbox 1661 635 1739 674; x_wconf 86' lang='lat' dir='ltr'>quo</span> <span class='ocrx_word' id='word_1_85' title='bbox 1767 622 1835 661; x_wconf 87' lang='lat' dir='ltr'>ad-</span> 
     </span>
     <span class='ocr_line' id='line_1_9' title="bbox 95 675 1838 738; baseline -0.006 -11"><span class='ocrx_word' id='word_1_86' title='bbox 95 718 122 738; x_wconf 89' lang='lat'>„</span> <span class='ocrx_word' id='word_1_87' title='bbox 151 684 276 726; x_wconf 89' lang='lat' dir='ltr'>versus</span> <span class='ocrx_word' id='word_1_88' title='bbox 296 681 523 723; x_wconf 87' lang='lat' dir='ltr'>Haereticos</span> <span class='ocrx_word' id='word_1_89' title='bbox 544 691 712 733; x_wconf 84' lang='lat' dir='ltr'>pugnare</span> <span class='ocrx_word' id='word_1_90' title='bbox 732 676 1016 717; x_wconf 88' lang='lat' dir='ltr'>consueverunt.</span> <span class='ocrx_word' id='word_1_91' title='bbox 1075 675 1149 715; x_wconf 89' lang='lat' dir='ltr'>Sed</span> <span class='ocrx_word' id='word_1_92' title='bbox 1169 689 1235 724; x_wconf 87' lang='lat' dir='ltr'>ea,</span> <span class='ocrx_word' id='word_1_93' title='bbox 1266 688 1363 728; x_wconf 70' lang='lat' dir='ltr'>quae</span> <span class='ocrx_word' id='word_1_94' title='bbox 1382 675 1536 728; x_wconf 74' lang='lat' dir='ltr'>alicujus</span> <span class='ocrx_word' id='word_1_95' title='bbox 1557 677 1595 715; x_wconf 93' lang='lat' dir='ltr'>in</span> <span class='ocrx_word' id='word_1_96' title='bbox 1622 675 1696 716; x_wconf 84' lang='lat' dir='ltr'>fide</span> <span class='ocrx_word' id='word_1_97' title='bbox 1717 677 1838 716; x_wconf 78' lang='lat' dir='ltr'>Chri-</span> 
     </span>
     <span class='ocr_line' id='line_1_10' title="bbox 98 730 1900 793; baseline -0.006 -12"><span class='ocrx_word' id='word_1_98' title='bbox 98 773 124 793; x_wconf 84' lang='lat'><strong>„</strong></span> <span class='ocrx_word' id='word_1_99' title='bbox 156 742 273 781; x_wconf 79' lang='lat' dir='ltr'>stiana</span> <span class='ocrx_word' id='word_1_100' title='bbox 298 737 382 778; x_wconf 89' lang='lat' dir='ltr'>sunt</span> <span class='ocrx_word' id='word_1_101' title='bbox 412 735 616 777; x_wconf 81' lang='lat' dir='ltr'>momenti,</span> <span class='ocrx_word' id='word_1_102' title='bbox 647 744 705 772; x_wconf 88' lang='lat' dir='ltr'>tot</span> <span class='ocrx_word' id='word_1_103' title='bbox 727 732 942 785; x_wconf 88' lang='lat' dir='ltr'>Scripturae</span> <span class='ocrx_word' id='word_1_104' title='bbox 960 731 1052 771; x_wconf 85' lang='lat' dir='ltr'>locis</span> <span class='ocrx_word' id='word_1_105' title='bbox 1077 742 1320 782; x_wconf 85' lang='lat' dir='ltr'>repetuntur,</span> <span class='ocrx_word' id='word_1_106' title='bbox 1347 742 1389 770; x_wconf 91' lang='lat' dir='ltr'>ut</span> <span class='ocrx_word' id='word_1_107' title='bbox 1409 730 1551 770; x_wconf 80' lang='lat' dir='ltr'>etiamsi</span> <span class='ocrx_word' id='word_1_108' title='bbox 1574 745 1669 770; x_wconf 84' lang='lat' dir='ltr'>unus</span> <span class='ocrx_word' id='word_1_109' title='bbox 1687 743 1751 771; x_wconf 88' lang='lat' dir='ltr'>aut</span> <span class='ocrx_word' id='word_1_110' title='bbox 1783 732 1838 771; x_wconf 81' lang='lat' dir='ltr'>al-</span> <span class='ocrx_word' id='word_1_111' title='bbox 1894 738 1900 742; x_wconf 88' lang='grc'><em>“</em></span> 
     </span>
     <span class='ocr_line' id='line_1_11' title="bbox 98 784 1834 849; baseline -0.006 -13"><span class='ocrx_word' id='word_1_112' title='bbox 98 828 124 849; x_wconf 83' lang='grc'>,,</span> <span class='ocrx_word' id='word_1_113' title='bbox 154 808 210 836; x_wconf 88' lang='lat' dir='ltr'>ter</span> <span class='ocrx_word' id='word_1_114' title='bbox 228 806 360 834; x_wconf 88' lang='lat' dir='ltr'>eorum</span> <span class='ocrx_word' id='word_1_115' title='bbox 380 791 490 831; x_wconf 93' lang='lat' dir='ltr'>nobis</span> <span class='ocrx_word' id='word_1_116' title='bbox 510 787 672 835; x_wconf 78' lang='lat' dir='ltr'>deesset,</span> <span class='ocrx_word' id='word_1_117' title='bbox 702 800 782 825; x_wconf 92' lang='lat' dir='ltr'>non</span> <span class='ocrx_word' id='word_1_118' title='bbox 804 799 1006 840; x_wconf 89' lang='lat' dir='ltr'>propterea</span> <span class='ocrx_word' id='word_1_119' title='bbox 1033 786 1170 826; x_wconf 72' lang='lat' dir='ltr'>veritas</span> <span class='ocrx_word' id='word_1_120' title='bbox 1192 784 1473 837; x_wconf 80' lang='lat' dir='ltr'>periclitaretur.</span> <span class='ocrx_word' id='word_1_121' title='bbox 1500 809 1563 817; x_wconf 91' lang='lat'>---</span> <span class='ocrx_word' id='word_1_122' title='bbox 1594 787 1631 825; x_wconf 92' lang='lat' dir='ltr'>Si</span> <span class='ocrx_word' id='word_1_123' title='bbox 1663 786 1834 840; x_wconf 82' lang='lat' dir='ltr'>angustia</span> 
     </span>
     <span class='ocr_line' id='line_1_12' title="bbox 100 838 1838 904; baseline -0.005 -14"><span class='ocrx_word' id='word_1_124' title='bbox 100 883 124 903; x_wconf 81' lang='lat'>‚‚</span> <span class='ocrx_word' id='word_1_125' title='bbox 155 850 377 904; x_wconf 87' lang='lat' dir='ltr'>Marginum</span> <span class='ocrx_word' id='word_1_126' title='bbox 406 843 647 899; x_wconf 75' lang='lat' dir='ltr'>permisisset,</span> <span class='ocrx_word' id='word_1_127' title='bbox 680 842 819 895; x_wconf 89' lang='lat' dir='ltr'>ubique</span> <span class='ocrx_word' id='word_1_128' title='bbox 851 842 966 881; x_wconf 90' lang='lat' dir='ltr'>libros</span> <span class='ocrx_word' id='word_1_129' title='bbox 995 838 1265 888; x_wconf 83' lang='lat' dir='ltr'>nominassem,</span> <span class='ocrx_word' id='word_1_130' title='bbox 1295 853 1392 893; x_wconf 92' lang='lat' dir='ltr'>quos</span> <span class='ocrx_word' id='word_1_131' title='bbox 1412 839 1653 889; x_wconf 37' lang='lat' dir='ltr'>secutusifui,</span> <span class='ocrx_word' id='word_1_132' title='bbox 1684 853 1747 889; x_wconf 89' lang='lat' dir='ltr'>ut,</span> <span class='ocrx_word' id='word_1_133' title='bbox 1769 842 1838 895; x_wconf 78' lang='lat' dir='ltr'>qui</span> 
     </span>
     <span class='ocr_line' id='line_1_13' title="bbox 157 895 1836 952; baseline -0.006 -6"><span class='ocrx_word' id='word_1_134' title='bbox 157 905 318 952; x_wconf 84' lang='lat' dir='ltr'>vellent,</span> <span class='ocrx_word' id='word_1_135' title='bbox 340 900 532 942; x_wconf 89' lang='lat' dir='ltr'>consulere</span> <span class='ocrx_word' id='word_1_136' title='bbox 562 910 628 937; x_wconf 86' lang='lat' dir='ltr'>eos</span> <span class='ocrx_word' id='word_1_137' title='bbox 656 897 817 950; x_wconf 88' lang='lat' dir='ltr'>qui-rent.</span> <span class='ocrx_word' id='word_1_138' title='bbox 844 919 906 927; x_wconf 93' lang='lat'><em>----</em></span> <span class='ocrx_word' id='word_1_139' title='bbox 937 896 1033 936; x_wconf 89' lang='lat' dir='ltr'>Vale</span> <span class='ocrx_word' id='word_1_140' title='bbox 1053 899 1092 934; x_wconf 88' lang='lat'>&amp;</span> <span class='ocrx_word' id='word_1_141' title='bbox 1121 895 1230 948; x_wconf 86' lang='lat' dir='ltr'>operi</span> <span class='ocrx_word' id='word_1_142' title='bbox 1248 895 1290 933; x_wconf 92' lang='lat' dir='ltr'>in</span> <span class='ocrx_word' id='word_1_143' title='bbox 1313 909 1558 935; x_wconf 89' lang='lat' dir='ltr'>communem</span> <span class='ocrx_word' id='word_1_144' title='bbox 1596 895 1836 936; x_wconf 87' lang='lat' dir='ltr'>Christiano-</span> 
     </span>
     <span class='ocr_line' id='line_1_14' title="bbox 157 949 1839 1004; baseline -0.006 -4"><span class='ocrx_word' id='word_1_145' title='bbox 157 975 238 1000; x_wconf 88' lang='lat' dir='ltr'>rum</span> <span class='ocrx_word' id='word_1_146' title='bbox 259 957 460 998; x_wconf 83' lang='lat' dir='ltr'>utilitatem</span> <span class='ocrx_word' id='word_1_147' title='bbox 480 953 650 1004; x_wconf 89' lang='lat' dir='ltr'>suscepto</span> <span class='ocrx_word' id='word_1_148' title='bbox 671 963 797 1004; x_wconf 84' lang='lat' dir='ltr'>gratus</span> <span class='ocrx_word' id='word_1_149' title='bbox 820 950 925 992; x_wconf 83' lang='lat' dir='ltr'>fave:</span> <span class='ocrx_word' id='word_1_150' title='bbox 956 954 1018 1001; x_wconf 88' lang='lat'>&amp;,</span> <span class='ocrx_word' id='word_1_151' title='bbox 1047 950 1166 991; x_wconf 84' lang='lat' dir='ltr'>sicubi</span> <span class='ocrx_word' id='word_1_152' title='bbox 1185 963 1257 990; x_wconf 89' lang='lat' dir='ltr'>nos</span> <span class='ocrx_word' id='word_1_153' title='bbox 1278 950 1318 989; x_wconf 91' lang='lat' dir='ltr'>in</span> <span class='ocrx_word' id='word_1_154' title='bbox 1340 962 1400 991; x_wconf 90' lang='lat' dir='ltr'>tot</span> <span class='ocrx_word' id='word_1_155' title='bbox 1426 951 1593 991; x_wconf 88' lang='lat' dir='ltr'>minutiis</span> <span class='ocrx_word' id='word_1_156' title='bbox 1625 949 1724 990; x_wconf 82' lang='lat' dir='ltr'>forre</span> <span class='ocrx_word' id='word_1_157' title='bbox 1756 951 1839 1004; x_wconf 51' lang='lat' dir='ltr'>lapd</span> 
     </span>
     <span class='ocr_line' id='line_1_15' title="bbox 157 1006 1567 1064; baseline -0.013 -8"><span class='ocrx_word' id='word_1_158' title='bbox 157 1015 215 1056; x_wconf 95' lang='lat' dir='ltr'>sos</span> <span class='ocrx_word' id='word_1_159' title='bbox 235 1012 309 1054; x_wconf 88' lang='lat' dir='ltr'>esse</span> <span class='ocrx_word' id='word_1_160' title='bbox 329 1009 553 1064; x_wconf 83' lang='lat' dir='ltr'>contigerit,</span> <span class='ocrx_word' id='word_1_161' title='bbox 582 1007 747 1060; x_wconf 82' lang='lat' dir='ltr'>benigne</span> <span class='ocrx_word' id='word_1_162' title='bbox 765 1006 930 1060; x_wconf 84' lang='lat' dir='ltr'>ignosce.</span> <span class='ocrx_word' id='word_1_163' title='bbox 1560 1044 1567 1047; x_wconf 34' lang='lat'>¹</span> 
     </span>
    </p>

    <p class='ocr_par' dir='ltr' id='par_1_3' title="bbox 96 1059 1899 3156">
     <span class='ocr_line' id='line_1_16' title="bbox 151 1059 1838 1114; baseline -0.005 -5"><span class='ocrx_word' id='word_1_164' title='bbox 151 1068 323 1111; x_wconf 87' lang='lat' dir='ltr'>Multum</span> <span class='ocrx_word' id='word_1_165' title='bbox 355 1065 535 1105; x_wconf 87' lang='lat' dir='ltr'>debemus</span> <span class='ocrx_word' id='word_1_166' title='bbox 566 1062 787 1101; x_wconf 81' lang='lat' dir='ltr'>Curcellaeo</span> <span class='ocrx_word' id='word_1_167' title='bbox 804 1090 816 1110; x_wconf 88' lang='lat'>,</span> <span class='ocrx_word' id='word_1_168' title='bbox 841 1061 947 1114; x_wconf 83' lang='lat' dir='ltr'>cujus</span> <span class='ocrx_word' id='word_1_169' title='bbox 973 1060 1131 1101; x_wconf 87' lang='lat' dir='ltr'>consilio</span> <span class='ocrx_word' id='word_1_170' title='bbox 1161 1063 1200 1099; x_wconf 87' lang='lat'>&amp;</span> <span class='ocrx_word' id='word_1_171' title='bbox 1222 1059 1403 1100; x_wconf 83' lang='lat' dir='ltr'>industria</span> <span class='ocrx_word' id='word_1_172' title='bbox 1433 1059 1576 1100; x_wconf 58' lang='lat' dir='ltr'>fastum</span> <span class='ocrx_word' id='word_1_173' title='bbox 1596 1059 1673 1110; x_wconf 90' lang='lat' dir='ltr'>est,</span> <span class='ocrx_word' id='word_1_174' title='bbox 1703 1071 1745 1100; x_wconf 93' lang='lat' dir='ltr'>ut</span> <span class='ocrx_word' id='word_1_175' title='bbox 1765 1061 1838 1101; x_wconf 83' lang='lat' dir='ltr'>slu-</span> 
     </span>
     <span class='ocr_line' id='line_1_17' title="bbox 99 1114 1839 1171; baseline -0.006 -5"><span class='ocrx_word' id='word_1_176' title='bbox 99 1126 206 1166; x_wconf 88' lang='lat' dir='ltr'>dium</span> <span class='ocrx_word' id='word_1_177' title='bbox 225 1122 414 1163; x_wconf 87' lang='lat' dir='ltr'>Criticum</span> <span class='ocrx_word' id='word_1_178' title='bbox 443 1120 499 1160; x_wconf 90' lang='lat' dir='ltr'>N.</span> <span class='ocrx_word' id='word_1_179' title='bbox 521 1118 594 1169; x_wconf 88' lang='lat' dir='ltr'>T.‚</span> <span class='ocrx_word' id='word_1_180' title='bbox 624 1116 731 1171; x_wconf 92' lang='lat' dir='ltr'>quod</span> <span class='ocrx_word' id='word_1_181' title='bbox 749 1127 834 1157; x_wconf 92' lang='lat' dir='ltr'>toto</span> <span class='ocrx_word' id='word_1_182' title='bbox 857 1116 932 1156; x_wconf 90' lang='lat' dir='ltr'>hoc</span> <span class='ocrx_word' id='word_1_183' title='bbox 950 1114 1073 1155; x_wconf 90' lang='lat' dir='ltr'>seculo</span> <span class='ocrx_word' id='word_1_184' title='bbox 1094 1116 1170 1156; x_wconf 88' lang='lat' dir='ltr'>fere</span> <span class='ocrx_word' id='word_1_185' title='bbox 1192 1115 1406 1169; x_wconf 71' lang='lat' dir='ltr'>neglestum</span> <span class='ocrx_word' id='word_1_186' title='bbox 1422 1115 1612 1168; x_wconf 87' lang='lat' dir='ltr'>jacuerat,</span> <span class='ocrx_word' id='word_1_187' title='bbox 1642 1116 1839 1156; x_wconf 89' lang='lat' dir='ltr'>revivisce·</span> 
     </span>
     <span class='ocr_line' id='line_1_18' title="bbox 99 1170 1839 1231; baseline -0.003 -14"><span class='ocrx_word' id='word_1_188' title='bbox 99 1192 177 1226; x_wconf 78' lang='lat' dir='ltr'>ret,</span> <span class='ocrx_word' id='word_1_189' title='bbox 210 1182 247 1218; x_wconf 74' lang='grc' dir='ltr'>δε</span> <span class='ocrx_word' id='word_1_190' title='bbox 272 1176 385 1231; x_wconf 84' lang='lat' dir='ltr'>paulo</span> <span class='ocrx_word' id='word_1_191' title='bbox 401 1175 488 1229; x_wconf 90' lang='lat' dir='ltr'>post</span> <span class='ocrx_word' id='word_1_192' title='bbox 510 1173 581 1226; x_wconf 90' lang='lat' dir='ltr'>Jo.</span> <span class='ocrx_word' id='word_1_193' title='bbox 605 1171 710 1211; x_wconf 83' lang='lat' dir='ltr'>Fello</span> <span class='ocrx_word' id='word_1_194' title='bbox 730 1171 968 1212; x_wconf 75' lang='lat' dir='ltr'>occasionem</span> <span class='ocrx_word' id='word_1_195' title='bbox 988 1171 1297 1224; x_wconf 87' lang='lat' dir='ltr'>praeberet‚tum</span> <span class='ocrx_word' id='word_1_196' title='bbox 1318 1184 1472 1224; x_wconf 89' lang='lat' dir='ltr'>parvam</span> <span class='ocrx_word' id='word_1_197' title='bbox 1495 1170 1704 1211; x_wconf 89' lang='lat' dir='ltr'>editionem</span> <span class='ocrx_word' id='word_1_198' title='bbox 1727 1171 1839 1212; x_wconf 57' lang='lat' dir='ltr'>Ozo-</span> 
     </span>
     <span class='ocr_line' id='line_1_19' title="bbox 99 1225 1839 1280; baseline -0.006 -4"><span class='ocrx_word' id='word_1_199' title='bbox 99 1234 267 1276; x_wconf 86' lang='lat' dir='ltr'>niensem</span> <span class='ocrx_word' id='word_1_200' title='bbox 296 1230 475 1279; x_wconf 85' lang='lat' dir='ltr'>curandi,</span> <span class='ocrx_word' id='word_1_201' title='bbox 505 1241 586 1269; x_wconf 92' lang='lat' dir='ltr'>tum</span> <span class='ocrx_word' id='word_1_202' title='bbox 619 1227 669 1267; x_wconf 92' lang='lat' dir='ltr'>de</span> <span class='ocrx_word' id='word_1_203' title='bbox 700 1227 866 1280; x_wconf 89' lang='lat' dir='ltr'>majore,</span> <span class='ocrx_word' id='word_1_204' title='bbox 896 1241 917 1265; x_wconf 89' lang='lat' dir='ltr'>a</span> <span class='ocrx_word' id='word_1_205' title='bbox 945 1226 1018 1277; x_wconf 85' lang='lat' dir='ltr'>Jo.</span> <span class='ocrx_word' id='word_1_206' title='bbox 1045 1225 1181 1265; x_wconf 64' lang='lat' dir='ltr'>Miltia</span> <span class='ocrx_word' id='word_1_207' title='bbox 1212 1226 1368 1265; x_wconf 89' lang='lat' dir='ltr'>demum</span> <span class='ocrx_word' id='word_1_208' title='bbox 1399 1225 1566 1279; x_wconf 61' lang='lat' dir='ltr'>perfesta</span> <span class='ocrx_word' id='word_1_209' title='bbox 1589 1252 1600 1271; x_wconf 85' lang='lat'>,</span> <span class='ocrx_word' id='word_1_210' title='bbox 1630 1226 1839 1276; x_wconf 78' lang='lat' dir='ltr'>cogitandi.</span> 
     </span>
     <span class='ocr_line' id='line_1_20' title="bbox 99 1271 1838 1336; baseline -0.006 -5"><span class='ocrx_word' id='word_1_211' title='bbox 99 1292 188 1333; x_wconf 89' lang='lat' dir='ltr'>Plus</span> <span class='ocrx_word' id='word_1_212' title='bbox 208 1299 334 1329; x_wconf 89' lang='lat' dir='ltr'>autem</span> <span class='ocrx_word' id='word_1_213' title='bbox 351 1284 477 1326; x_wconf 87' lang='lat' dir='ltr'>eidem</span> <span class='ocrx_word' id='word_1_214' title='bbox 498 1284 720 1324; x_wconf 90' lang='lat' dir='ltr'>deberemus</span> <span class='ocrx_word' id='word_1_215' title='bbox 732 1309 742 1327; x_wconf 88' lang='lat'>‚</span> <span class='ocrx_word' id='word_1_216' title='bbox 771 1282 798 1322; x_wconf 89' lang='lat' dir='ltr'>fi</span> <span class='ocrx_word' id='word_1_217' title='bbox 817 1294 880 1322; x_wconf 88' lang='lat' dir='ltr'>aut</span> <span class='ocrx_word' id='word_1_218' title='bbox 901 1280 1071 1335; x_wconf 84' lang='lat' dir='ltr'>angustia</span> <span class='ocrx_word' id='word_1_219' title='bbox 1088 1281 1302 1336; x_wconf 75' lang='lat' dir='ltr'>marginum</span> <span class='ocrx_word' id='word_1_220' title='bbox 1321 1280 1459 1331; x_wconf 87' lang='lat' dir='ltr'>libros,</span> <span class='ocrx_word' id='word_1_221' title='bbox 1479 1271 1716 1334; x_wconf 26' lang='lat' dir='ltr'>quibussusus</span> <span class='ocrx_word' id='word_1_222' title='bbox 1735 1293 1838 1332; x_wconf 85' lang='lat' dir='ltr'>erat,</span> 
     </span>
     <span class='ocr_line' id='line_1_21' title="bbox 97 1335 1841 1399; baseline -0.006 -13"><span class='ocrx_word' id='word_1_223' title='bbox 97 1347 237 1399; x_wconf 88' lang='lat' dir='ltr'>ubique</span> <span class='ocrx_word' id='word_1_224' title='bbox 263 1343 377 1382; x_wconf 85' lang='lat' dir='ltr'>citare</span> <span class='ocrx_word' id='word_1_225' title='bbox 397 1338 641 1394; x_wconf 81' lang='lat' dir='ltr'>permisisset,</span> <span class='ocrx_word' id='word_1_226' title='bbox 670 1350 733 1378; x_wconf 91' lang='lat' dir='ltr'>aut</span> <span class='ocrx_word' id='word_1_227' title='bbox 752 1338 830 1377; x_wconf 89' lang='lat' dir='ltr'>vita</span> <span class='ocrx_word' id='word_1_228' title='bbox 850 1337 885 1377; x_wconf 92' lang='lat' dir='ltr'>ei</span> <span class='ocrx_word' id='word_1_229' title='bbox 902 1335 1135 1389; x_wconf 78' lang='lat' dir='ltr'>superfuisset</span> <span class='ocrx_word' id='word_1_230' title='bbox 1161 1336 1216 1375; x_wconf 86' lang='lat' dir='ltr'>ad</span> <span class='ocrx_word' id='word_1_231' title='bbox 1241 1336 1445 1375; x_wconf 81' lang='lat' dir='ltr'>editionem</span> <span class='ocrx_word' id='word_1_232' title='bbox 1475 1335 1596 1375; x_wconf 82' lang='lat' dir='ltr'>aliam</span> <span class='ocrx_word' id='word_1_233' title='bbox 1617 1349 1732 1389; x_wconf 83' lang='lat' dir='ltr'>quam</span> <span class='ocrx_word' id='word_1_234' title='bbox 1763 1349 1841 1375; x_wconf 89' lang='lat' dir='ltr'>me-</span> 
     </span>
     <span class='ocr_line' id='line_1_22' title="bbox 96 1389 1845 1448; baseline -0.005 -9"><span class='ocrx_word' id='word_1_235' title='bbox 96 1399 371 1441; x_wconf 29' lang='lat' dir='ltr'>ditabaturssin</span> <span class='ocrx_word' id='word_1_236' title='bbox 400 1395 540 1448; x_wconf 85' lang='lat' dir='ltr'>majori</span> <span class='ocrx_word' id='word_1_237' title='bbox 561 1393 697 1446; x_wconf 86' lang='lat' dir='ltr'>forma</span> <span class='ocrx_word' id='word_1_238' title='bbox 722 1390 1005 1446; x_wconf 70' lang='lat' dir='ltr'>perficiendam.</span> <span class='ocrx_word' id='word_1_239' title='bbox 1064 1391 1170 1432; x_wconf 87' lang='lat' dir='ltr'>Licet</span> <span class='ocrx_word' id='word_1_240' title='bbox 1185 1403 1310 1432; x_wconf 89' lang='lat' dir='ltr'>autem</span> <span class='ocrx_word' id='word_1_241' title='bbox 1330 1391 1597 1440; x_wconf 87' lang='lat' dir='ltr'>Curcellaeus,</span> <span class='ocrx_word' id='word_1_242' title='bbox 1626 1389 1733 1444; x_wconf 89' lang='lat' dir='ltr'>quod</span> <span class='ocrx_word' id='word_1_243' title='bbox 1753 1405 1845 1445; x_wconf 74' lang='lat' dir='ltr'>pro·</span> 
     </span>
     <span class='ocr_line' id='line_1_23' title="bbox 97 1446 1844 1502; baseline -0.005 -6"><span class='ocrx_word' id='word_1_244' title='bbox 97 1455 269 1502; x_wconf 86' lang='lat' dir='ltr'>miserat,</span> <span class='ocrx_word' id='word_1_245' title='bbox 299 1451 460 1491; x_wconf 87' lang='lat' dir='ltr'>fideliter</span> <span class='ocrx_word' id='word_1_246' title='bbox 481 1453 520 1489; x_wconf 72' lang='grc' dir='ltr'>δε</span> <span class='ocrx_word' id='word_1_247' title='bbox 541 1448 743 1502; x_wconf 82' lang='lat' dir='ltr'>diligenter</span> <span class='ocrx_word' id='word_1_248' title='bbox 763 1447 986 1501; x_wconf 88' lang='lat' dir='ltr'>praestiterit</span> <span class='ocrx_word' id='word_1_249' title='bbox 1005 1477 1017 1496; x_wconf 89' lang='lat'>‚</span> <span class='ocrx_word' id='word_1_250' title='bbox 1046 1447 1183 1486; x_wconf 89' lang='lat' dir='ltr'>malam</span> <span class='ocrx_word' id='word_1_251' title='bbox 1215 1459 1341 1486; x_wconf 87' lang='lat' dir='ltr'>tamen</span> <span class='ocrx_word' id='word_1_252' title='bbox 1373 1446 1476 1499; x_wconf 88' lang='lat' dir='ltr'>apud</span> <span class='ocrx_word' id='word_1_253' title='bbox 1511 1450 1652 1486; x_wconf 75' lang='lat' dir='ltr'>multos</span> <span class='ocrx_word' id='word_1_254' title='bbox 1677 1447 1844 1500; x_wconf 85' lang='lat' dir='ltr'>gratiam</span> 
     </span>
     <span class='ocr_line' id='line_1_24' title="bbox 98 1501 1840 1561; baseline -0.006 -9"><span class='ocrx_word' id='word_1_255' title='bbox 98 1512 195 1552; x_wconf 90' lang='lat' dir='ltr'>iniit.</span> <span class='ocrx_word' id='word_1_256' title='bbox 253 1506 493 1561; x_wconf 89' lang='lat' dir='ltr'>Suspiciones</span> <span class='ocrx_word' id='word_1_257' title='bbox 525 1503 768 1558; x_wconf 90' lang='lat' dir='ltr'>quorundam</span> <span class='ocrx_word' id='word_1_258' title='bbox 798 1501 1093 1556; x_wconf 89' lang='lat' dir='ltr'>Theologorum</span> <span class='ocrx_word' id='word_1_259' title='bbox 1123 1515 1203 1541; x_wconf 91' lang='lat' dir='ltr'>non</span> <span class='ocrx_word' id='word_1_260' title='bbox 1235 1515 1393 1541; x_wconf 88' lang='lat' dir='ltr'>moror:</span> <span class='ocrx_word' id='word_1_261' title='bbox 1432 1514 1519 1541; x_wconf 90' lang='lat' dir='ltr'>cum</span> <span class='ocrx_word' id='word_1_262' title='bbox 1552 1501 1616 1540; x_wconf 89' lang='lat' dir='ltr'>hic</span> <span class='ocrx_word' id='word_1_263' title='bbox 1647 1515 1726 1540; x_wconf 90' lang='lat' dir='ltr'>non</span> <span class='ocrx_word' id='word_1_264' title='bbox 1761 1513 1840 1542; x_wconf 88' lang='lat' dir='ltr'>tam</span> 
     </span>
     <span class='ocr_line' id='line_1_25' title="bbox 97 1556 1840 1621; baseline -0.006 -14"><span class='ocrx_word' id='word_1_265' title='bbox 97 1575 319 1621; x_wconf 84' lang='lat' dir='ltr'>quaeratur,</span> <span class='ocrx_word' id='word_1_266' title='bbox 349 1573 474 1601; x_wconf 91' lang='lat' dir='ltr'>utrum</span> <span class='ocrx_word' id='word_1_267' title='bbox 495 1560 630 1600; x_wconf 55' lang='lat' dir='ltr'>Lesbio</span> <span class='ocrx_word' id='word_1_268' title='bbox 649 1559 812 1599; x_wconf 87' lang='lat' dir='ltr'>Varians</span> <span class='ocrx_word' id='word_1_269' title='bbox 826 1584 837 1603; x_wconf 88' lang='lat'>,</span> <span class='ocrx_word' id='word_1_270' title='bbox 869 1560 906 1595; x_wconf 67' lang='grc' dir='ltr'>ὃς</span> <span class='ocrx_word' id='word_1_271' title='bbox 928 1556 1073 1597; x_wconf 82' lang='lat' dir='ltr'>diversa</span> <span class='ocrx_word' id='word_1_272' title='bbox 1095 1571 1116 1596; x_wconf 90' lang='lat' dir='ltr'>a</span> <span class='ocrx_word' id='word_1_273' title='bbox 1138 1556 1302 1597; x_wconf 67' lang='lat' dir='ltr'>lestione</span> <span class='ocrx_word' id='word_1_274' title='bbox 1323 1556 1440 1611; x_wconf 83' lang='lat' dir='ltr'>vulgo</span> <span class='ocrx_word' id='word_1_275' title='bbox 1463 1567 1634 1609; x_wconf 87' lang='lat' dir='ltr'>recepta,</span> <span class='ocrx_word' id='word_1_276' title='bbox 1665 1556 1753 1596; x_wconf 87' lang='lat' dir='ltr'>huic</span> <span class='ocrx_word' id='word_1_277' title='bbox 1779 1557 1840 1597; x_wconf 86' lang='lat' dir='ltr'>vel</span> 
     </span>
     <span class='ocr_line' id='line_1_26' title="bbox 97 1610 1842 1665; baseline -0.006 -4"><span class='ocrx_word' id='word_1_278' title='bbox 97 1623 150 1663; x_wconf 85' lang='lat' dir='ltr'>illi</span> <span class='ocrx_word' id='word_1_279' title='bbox 172 1618 481 1660; x_wconf 88' lang='lat' dir='ltr'>Christianorum</span> <span class='ocrx_word' id='word_1_280' title='bbox 504 1614 624 1655; x_wconf 62' lang='lat' dir='ltr'>festae</span> <span class='ocrx_word' id='word_1_281' title='bbox 644 1613 768 1654; x_wconf 83' lang='lat' dir='ltr'>faveat</span> <span class='ocrx_word' id='word_1_282' title='bbox 786 1612 846 1652; x_wconf 87' lang='lat' dir='ltr'>vel</span> <span class='ocrx_word' id='word_1_283' title='bbox 867 1624 970 1660; x_wconf 76' lang='lat' dir='ltr'>non,</span> <span class='ocrx_word' id='word_1_284' title='bbox 999 1611 1063 1652; x_wconf 90' lang='lat' dir='ltr'>sed</span> <span class='ocrx_word' id='word_1_285' title='bbox 1085 1623 1210 1652; x_wconf 88' lang='lat' dir='ltr'>utrum</span> <span class='ocrx_word' id='word_1_286' title='bbox 1241 1612 1428 1651; x_wconf 27' lang='lat' dir='ltr'>reverarin</span> <span class='ocrx_word' id='word_1_287' title='bbox 1453 1610 1666 1651; x_wconf 87' lang='lat' dir='ltr'>Codicibus</span> <span class='ocrx_word' id='word_1_288' title='bbox 1695 1611 1842 1665; x_wconf 88' lang='lat' dir='ltr'>scriptis</span> 
     </span>
     <span class='ocr_line' id='line_1_27' title="bbox 97 1666 1843 1726; baseline -0.006 -9"><span class='ocrx_word' id='word_1_289' title='bbox 97 1688 161 1718; x_wconf 91' lang='lat' dir='ltr'>aut</span> <span class='ocrx_word' id='word_1_290' title='bbox 179 1675 266 1715; x_wconf 87' lang='lat' dir='ltr'>alibi</span> <span class='ocrx_word' id='word_1_291' title='bbox 289 1672 492 1726; x_wconf 87' lang='lat' dir='ltr'>reperiatur</span> <span class='ocrx_word' id='word_1_292' title='bbox 507 1701 517 1717; x_wconf 92' lang='lat'>‚</span> <span class='ocrx_word' id='word_1_293' title='bbox 548 1673 587 1709; x_wconf 72' lang='grc' dir='ltr'>ὃ(</span> <span class='ocrx_word' id='word_1_294' title='bbox 606 1669 708 1708; x_wconf 91' lang='lat' dir='ltr'>bona</span> <span class='ocrx_word' id='word_1_295' title='bbox 727 1667 805 1708; x_wconf 89' lang='lat' dir='ltr'>fide</span> <span class='ocrx_word' id='word_1_296' title='bbox 823 1667 915 1707; x_wconf 91' lang='lat' dir='ltr'>inde</span> <span class='ocrx_word' id='word_1_297' title='bbox 934 1666 977 1707; x_wconf 88' lang='lat' dir='ltr'>sit</span> <span class='ocrx_word' id='word_1_298' title='bbox 997 1678 1194 1720; x_wconf 84' lang='lat' dir='ltr'>excerpta;</span> <span class='ocrx_word' id='word_1_299' title='bbox 1224 1667 1371 1707; x_wconf 85' lang='lat' dir='ltr'>utinam</span> <span class='ocrx_word' id='word_1_300' title='bbox 1390 1680 1482 1706; x_wconf 88' lang='lat' dir='ltr'>vero</span> <span class='ocrx_word' id='word_1_301' title='bbox 1504 1667 1720 1719; x_wconf 82' lang='lat' dir='ltr'>aequiorem</span> <span class='ocrx_word' id='word_1_302' title='bbox 1743 1667 1843 1707; x_wconf 87' lang='lat' dir='ltr'>Cur-</span> 
     </span>
     <span class='ocr_line' id='line_1_28' title="bbox 97 1721 1849 1780; baseline -0.006 -8"><span class='ocrx_word' id='word_1_303' title='bbox 97 1731 239 1773; x_wconf 88' lang='lat' dir='ltr'>cellaeo</span> <span class='ocrx_word' id='word_1_304' title='bbox 262 1727 298 1768; x_wconf 85' lang='lat' dir='ltr'>se</span> <span class='ocrx_word' id='word_1_305' title='bbox 319 1724 544 1780; x_wconf 87' lang='lat' dir='ltr'>praebuisset</span> <span class='ocrx_word' id='word_1_306' title='bbox 574 1724 622 1763; x_wconf 90' lang='lat' dir='ltr'>G.</span> <span class='ocrx_word' id='word_1_307' title='bbox 642 1737 666 1762; x_wconf 86' lang='lat' dir='ltr'>a</span> <span class='ocrx_word' id='word_1_308' title='bbox 693 1721 932 1771; x_wconf 60' lang='lat' dir='ltr'>Maiarum,</span> <span class='ocrx_word' id='word_1_309' title='bbox 966 1722 1033 1774; x_wconf 89' lang='lat' dir='ltr'>qui</span> <span class='ocrx_word' id='word_1_310' title='bbox 1052 1721 1101 1762; x_wconf 91' lang='lat' dir='ltr'>de</span> <span class='ocrx_word' id='word_1_311' title='bbox 1122 1721 1366 1773; x_wconf 80' lang='lat' dir='ltr'>Variantibus</span> <span class='ocrx_word' id='word_1_312' title='bbox 1385 1735 1431 1761; x_wconf 92' lang='lat' dir='ltr'>ex</span> <span class='ocrx_word' id='word_1_313' title='bbox 1450 1722 1669 1773; x_wconf 66' lang='lat' dir='ltr'>conjestura</span> <span class='ocrx_word' id='word_1_314' title='bbox 1689 1722 1849 1762; x_wconf 63' lang='lat' dir='ltr'>Leffioe</span> 
     </span>
     <span class='ocr_line' id='line_1_29' title="bbox 97 1775 1849 1838; baseline -0.006 -10"><span class='ocrx_word' id='word_1_315' title='bbox 97 1787 207 1828; x_wconf 90' lang='lat' dir='ltr'>nibus</span> <span class='ocrx_word' id='word_1_316' title='bbox 240 1795 356 1838; x_wconf 85' lang='lat' dir='ltr'>agens</span> <span class='ocrx_word' id='word_1_317' title='bbox 379 1779 524 1834; x_wconf 84' lang='lat' dir='ltr'>proleg.</span> <span class='ocrx_word' id='word_1_318' title='bbox 556 1793 594 1828; x_wconf 91' lang='lat'>9.</span> <span class='ocrx_word' id='word_1_319' title='bbox 648 1804 672 1828; x_wconf 86' lang='lat'>‚,</span> <span class='ocrx_word' id='word_1_320' title='bbox 705 1776 894 1831; x_wconf 61' lang='lat' dir='ltr'>suspeffjtus</span> <span class='ocrx_word' id='word_1_321' title='bbox 914 1807 924 1824; x_wconf 89' lang='lat'>,</span> <span class='ocrx_word' id='word_1_322' title='bbox 955 1777 1080 1830; x_wconf 82' lang='lat' dir='ltr'>inquit</span> <span class='ocrx_word' id='word_1_323' title='bbox 1101 1807 1111 1826; x_wconf 94' lang='lat'>,</span> <span class='ocrx_word' id='word_1_324' title='bbox 1142 1790 1297 1830; x_wconf 84' lang='lat' dir='ltr'>quoque</span> <span class='ocrx_word' id='word_1_325' title='bbox 1326 1776 1380 1815; x_wconf 88' lang='lat' dir='ltr'>est</span> <span class='ocrx_word' id='word_1_326' title='bbox 1408 1776 1486 1816; x_wconf 85' lang='lat' dir='ltr'>aliis</span> <span class='ocrx_word' id='word_1_327' title='bbox 1515 1775 1762 1815; x_wconf 70' lang='lat' dir='ltr'>Curcellaeus</span> <span class='ocrx_word' id='word_1_328' title='bbox 1793 1777 1849 1817; x_wconf 88' lang='lat' dir='ltr'>de-</span> 
     </span>
     <span class='ocr_line' id='line_1_30' title="bbox 96 1830 1849 1894; baseline -0.005 -13"><span class='ocrx_word' id='word_1_329' title='bbox 96 1874 122 1894; x_wconf 85' lang='lat'>„</span> <span class='ocrx_word' id='word_1_330' title='bbox 152 1840 321 1887; x_wconf 85' lang='lat' dir='ltr'>insertis,</span> <span class='ocrx_word' id='word_1_331' title='bbox 352 1837 450 1876; x_wconf 85' lang='lat' dir='ltr'>inter</span> <span class='ocrx_word' id='word_1_332' title='bbox 474 1834 655 1888; x_wconf 83' lang='lat' dir='ltr'>reliquas,</span> <span class='ocrx_word' id='word_1_333' title='bbox 683 1831 911 1886; x_wconf 84' lang='lat' dir='ltr'>quibusdam</span> <span class='ocrx_word' id='word_1_334' title='bbox 934 1832 1012 1872; x_wconf 82' lang='lat' dir='ltr'>EX</span> <span class='ocrx_word' id='word_1_335' title='bbox 1040 1832 1156 1872; x_wconf 90' lang='lat' dir='ltr'>SUO</span> <span class='ocrx_word' id='word_1_336' title='bbox 1186 1830 1440 1872; x_wconf 88' lang='lat' dir='ltr'><strong>INGENIO</strong></span> <span class='ocrx_word' id='word_1_337' title='bbox 1470 1831 1704 1871; x_wconf 61' lang='lat' dir='ltr'>lestionibus.</span> <span class='ocrx_word' id='word_1_338' title='bbox 1758 1832 1849 1885; x_wconf 83' lang='lat' dir='ltr'>lpse·</span> 
     </span>
     <span class='ocr_line' id='line_1_31' title="bbox 98 1885 1851 1949; baseline -0.006 -13"><span class='ocrx_word' id='word_1_339' title='bbox 98 1928 125 1949; x_wconf 83' lang='lat'>„</span> <span class='ocrx_word' id='word_1_340' title='bbox 156 1898 194 1936; x_wconf 93' lang='lat' dir='ltr'>in</span> <span class='ocrx_word' id='word_1_341' title='bbox 215 1891 457 1936; x_wconf 84' lang='lat' dir='ltr'>Praefatione</span> <span class='ocrx_word' id='word_1_342' title='bbox 479 1889 638 1938; x_wconf 89' lang='lat' dir='ltr'>fatetur,</span> <span class='ocrx_word' id='word_1_343' title='bbox 651 1889 698 1940; x_wconf 73' lang='lat' dir='ltr'><em>ft</em></span> <span class='ocrx_word' id='word_1_344' title='bbox 717 1887 1010 1939; x_wconf 64' lang='lat' dir='ltr'>intermiseuiffe</span> <span class='ocrx_word' id='word_1_345' title='bbox 1029 1886 1233 1926; x_wconf 84' lang='lat' dir='ltr'>nonnullas</span> <span class='ocrx_word' id='word_1_346' title='bbox 1253 1885 1445 1939; x_wconf 74' lang='lat' dir='ltr'>Stephani</span> <span class='ocrx_word' id='word_1_347' title='bbox 1464 1886 1700 1939; x_wconf 80' lang='lat' dir='ltr'>aliorumque</span> <span class='ocrx_word' id='word_1_348' title='bbox 1722 1900 1851 1926; x_wconf 46' lang='lat' dir='ltr'>emona</span> 
     </span>
     <span class='ocr_line' id='line_1_32' title="bbox 98 1939 1844 2005; baseline -0.005 -14"><span class='ocrx_word' id='word_1_349' title='bbox 98 1984 124 2005; x_wconf 82' lang='lat'>„</span> <span class='ocrx_word' id='word_1_350' title='bbox 154 1951 332 1990; x_wconf 82' lang='lat' dir='ltr'>dationes</span> <span class='ocrx_word' id='word_1_351' title='bbox 359 1960 409 1985; x_wconf 86' lang='lat' dir='ltr'>ex</span> <span class='ocrx_word' id='word_1_352' title='bbox 433 1944 665 1996; x_wconf 63' lang='lat' dir='ltr'>conjectura.</span> <span class='ocrx_word' id='word_1_353' title='bbox 719 1943 797 1982; x_wconf 90' lang='lat' dir='ltr'>AD</span> <span class='ocrx_word' id='word_1_354' title='bbox 830 1941 993 1993; x_wconf 82' lang='lat' dir='ltr'><strong>QUAE</strong></span> <span class='ocrx_word' id='word_1_355' title='bbox 1025 1942 1217 1984; x_wconf 84' lang='lat' dir='ltr'>VERBA</span> <span class='ocrx_word' id='word_1_356' title='bbox 1249 1939 1409 1981; x_wconf 62' lang='lat' dir='ltr'>Doffisst</span> <span class='ocrx_word' id='word_1_357' title='bbox 1437 1939 1649 1981; x_wconf 76' lang='lat' dir='ltr'>Saubertus</span> <span class='ocrx_word' id='word_1_358' title='bbox 1680 1942 1717 1981; x_wconf 90' lang='lat' dir='ltr'>in</span> <span class='ocrx_word' id='word_1_359' title='bbox 1751 1942 1844 1982; x_wconf 90' lang='lat' dir='ltr'>Pro-</span> 
     </span>
     <span class='ocr_line' id='line_1_33' title="bbox 100 1995 1849 2060; baseline -0.006 -14"><span class='ocrx_word' id='word_1_360' title='bbox 100 2036 126 2059; x_wconf 87' lang='lat'>,‚</span> <span class='ocrx_word' id='word_1_361' title='bbox 156 2007 295 2060; x_wconf 89' lang='lat' dir='ltr'>legom.</span> <span class='ocrx_word' id='word_1_362' title='bbox 326 2001 375 2041; x_wconf 85' lang='lat' dir='ltr'>ad</span> <span class='ocrx_word' id='word_1_363' title='bbox 406 2000 527 2041; x_wconf 86' lang='lat' dir='ltr'>varias</span> <span class='ocrx_word' id='word_1_364' title='bbox 560 1999 763 2039; x_wconf 73' lang='lat' dir='ltr'>Lefflones</span> <span class='ocrx_word' id='word_1_365' title='bbox 792 1996 935 2037; x_wconf 89' lang='lat' dir='ltr'>Matth.</span> <span class='ocrx_word' id='word_1_366' title='bbox 967 2010 1004 2050; x_wconf 88' lang='lat' dir='ltr'>p.</span> <span class='ocrx_word' id='word_1_367' title='bbox 1039 2009 1102 2050; x_wconf 77' lang='lat'>35.</span> <span class='ocrx_word' id='word_1_368' title='bbox 1132 2007 1262 2036; x_wconf 88' lang='lat' dir='ltr'>notat:</span> <span class='ocrx_word' id='word_1_369' title='bbox 1295 1995 1535 2045; x_wconf 74' lang='lat' dir='ltr'>Hujusmodz·</span> <span class='ocrx_word' id='word_1_370' title='bbox 1565 2009 1690 2035; x_wconf 85' lang='lat' dir='ltr'>merae</span> <span class='ocrx_word' id='word_1_371' title='bbox 1720 1997 1849 2044; x_wconf 80' lang='lat' dir='ltr'>conje-&#39;</span> 
     </span>
     <span class='ocr_line' id='line_1_34' title="bbox 155 2050 1849 2107; baseline -0.005 -7"><span class='ocrx_word' id='word_1_372' title='bbox 155 2062 307 2103; x_wconf 64' lang='lat' dir='ltr'>Harae,</span> <span class='ocrx_word' id='word_1_373' title='bbox 335 2055 382 2096; x_wconf 80' lang='lat' dir='ltr'>ab</span> <span class='ocrx_word' id='word_1_374' title='bbox 414 2056 518 2095; x_wconf 85' lang='lat' dir='ltr'>omni</span> <span class='ocrx_word' id='word_1_375' title='bbox 547 2054 810 2107; x_wconf 79' lang='lat' dir='ltr'>antiquitatis</span> <span class='ocrx_word' id='word_1_376' title='bbox 831 2050 1027 2105; x_wconf 67' lang='lat' dir='ltr'>fitffragio</span> <span class='ocrx_word' id='word_1_377' title='bbox 1056 2051 1229 2104; x_wconf 77' lang='lat' dir='ltr'>defirtae</span> <span class='ocrx_word' id='word_1_378' title='bbox 1248 2081 1259 2100; x_wconf 91' lang='lat'>,</span> <span class='ocrx_word' id='word_1_379' title='bbox 1290 2053 1332 2090; x_wconf 87' lang='lat' dir='ltr'>in</span> <span class='ocrx_word' id='word_1_380' title='bbox 1353 2052 1518 2103; x_wconf 86' lang='lat' dir='ltr'>sacrum</span> <span class='ocrx_word' id='word_1_381' title='bbox 1541 2051 1709 2091; x_wconf 80' lang='lat' dir='ltr'>Textum</span> <span class='ocrx_word' id='word_1_382' title='bbox 1738 2052 1849 2091; x_wconf 81' lang='lat' dir='ltr'>nullo</span> 
     </span>
     <span class='ocr_line' id='line_1_35' title="bbox 101 2106 1847 2169; baseline -0.006 -14"><span class='ocrx_word' id='word_1_383' title='bbox 101 2149 127 2169; x_wconf 83' lang='lat'>„</span> <span class='ocrx_word' id='word_1_384' title='bbox 157 2110 426 2156; x_wconf 83' lang='lat' dir='ltr'>admittendae</span> <span class='ocrx_word' id='word_1_385' title='bbox 446 2108 551 2149; x_wconf 86' lang='lat' dir='ltr'>modo</span> <span class='ocrx_word' id='word_1_386' title='bbox 563 2129 576 2154; x_wconf 93' lang='lat'>‚-</span> <span class='ocrx_word' id='word_1_387' title='bbox 599 2107 672 2161; x_wconf 81' lang='lat' dir='ltr'>nisi</span> <span class='ocrx_word' id='word_1_388' title='bbox 692 2106 938 2146; x_wconf 82' lang='lat' dir='ltr'>heterodoxis</span> <span class='ocrx_word' id='word_1_389' title='bbox 961 2106 1172 2161; x_wconf 76' lang='lat' dir='ltr'>quibusque</span> <span class='ocrx_word' id='word_1_390' title='bbox 1192 2118 1365 2160; x_wconf 80' lang='lat' dir='ltr'>campum</span> <span class='ocrx_word' id='word_1_391' title='bbox 1386 2106 1553 2146; x_wconf 81' lang='lat' dir='ltr'>velimus</span> <span class='ocrx_word' id='word_1_392' title='bbox 1574 2109 1718 2160; x_wconf 83' lang='lat' dir='ltr'>aperire</span> <span class='ocrx_word' id='word_1_393' title='bbox 1732 2106 1847 2161; x_wconf 81' lang='lat' dir='ltr'>gras·</span> 
     </span>
     <span class='ocr_line' id='line_1_36' title="bbox 102 2161 1848 2225; baseline -0.005 -15"><span class='ocrx_word' id='word_1_394' title='bbox 102 2205 127 2225; x_wconf 82' lang='lat'>„</span> <span class='ocrx_word' id='word_1_395' title='bbox 146 2169 268 2224; x_wconf 76' lang='lat' dir='ltr'>sandi</span> <span class='ocrx_word' id='word_1_396' title='bbox 286 2178 355 2221; x_wconf 81' lang='lat' dir='ltr'>pro</span> <span class='ocrx_word' id='word_1_397' title='bbox 378 2164 525 2215; x_wconf 78' lang='lat' dir='ltr'>lubitu,</span> <span class='ocrx_word' id='word_1_398' title='bbox 556 2162 867 2217; x_wconf 75' lang='lat' dir='ltr'>&amp;scripturam</span> <span class='ocrx_word' id='word_1_399' title='bbox 900 2162 1014 2202; x_wconf 84' lang='lat' dir='ltr'>velut</span> <span class='ocrx_word' id='word_1_400' title='bbox 1034 2162 1150 2215; x_wconf 88' lang='lat' dir='ltr'>sutor</span> <span class='ocrx_word' id='word_1_401' title='bbox 1178 2164 1321 2201; x_wconf 83' lang='lat' dir='ltr'>corium</span> <span class='ocrx_word' id='word_1_402' title='bbox 1342 2161 1555 2202; x_wconf 66' lang='lat' dir='ltr'>trac‘tandi.</span> <span class='ocrx_word' id='word_1_403' title='bbox 1586 2165 1626 2200; x_wconf 89' lang='lat'>&amp;</span> <span class='ocrx_word' id='word_1_404' title='bbox 1650 2162 1746 2214; x_wconf 79' lang='lat' dir='ltr'>prol.</span> <span class='ocrx_word' id='word_1_405' title='bbox 1783 2176 1848 2211; x_wconf 83' lang='lat'>52.</span> 
     </span>
     <span class='ocr_line' id='line_1_37' title="bbox 101 2216 1846 2280; baseline -0.004 -15"><span class='ocrx_word' id='word_1_406' title='bbox 101 2261 126 2280; x_wconf 78' lang='lat'>‚,</span> <span class='ocrx_word' id='word_1_407' title='bbox 158 2223 404 2266; x_wconf 80' lang='lat' dir='ltr'>Curcellaeus</span> <span class='ocrx_word' id='word_1_408' title='bbox 424 2220 568 2274; x_wconf 90' lang='lat' dir='ltr'>primus</span> <span class='ocrx_word' id='word_1_409' title='bbox 587 2219 740 2274; x_wconf 86' lang='lat' dir='ltr'>collegit</span> <span class='ocrx_word' id='word_1_410' title='bbox 760 2232 806 2258; x_wconf 88' lang='lat' dir='ltr'>ex</span> <span class='ocrx_word' id='word_1_411' title='bbox 827 2217 939 2257; x_wconf 90' lang='lat' dir='ltr'>editis</span> <span class='ocrx_word' id='word_1_412' title='bbox 962 2220 1000 2256; x_wconf 91' lang='lat'>&amp;</span> <span class='ocrx_word' id='word_1_413' title='bbox 1022 2217 1136 2257; x_wconf 88' lang='lat' dir='ltr'>MSS.</span> <span class='ocrx_word' id='word_1_414' title='bbox 1167 2218 1282 2257; x_wconf 90' lang='lat' dir='ltr'>etiam</span> <span class='ocrx_word' id='word_1_415' title='bbox 1302 2230 1347 2256; x_wconf 90' lang='lat' dir='ltr'>ex</span> <span class='ocrx_word' id='word_1_416' title='bbox 1383 2216 1612 2269; x_wconf 72' lang='lat' dir='ltr'>conjesturis</span> <span class='ocrx_word' id='word_1_417' title='bbox 1640 2217 1846 2268; x_wconf 73' lang='lat' dir='ltr'>leffiones,</span> 
     </span>
     <span class='ocr_line' id='line_1_38' title="bbox 105 2271 1845 2335; baseline -0.005 -13"><span class='ocrx_word' id='word_1_418' title='bbox 105 2315 130 2335; x_wconf 86' lang='lat'>„</span> <span class='ocrx_word' id='word_1_419' title='bbox 160 2292 299 2334; x_wconf 91' lang='lat' dir='ltr'>easque</span> <span class='ocrx_word' id='word_1_420' title='bbox 320 2279 359 2317; x_wconf 90' lang='lat' dir='ltr'>in</span> <span class='ocrx_word' id='word_1_421' title='bbox 380 2275 497 2316; x_wconf 88' lang='lat' dir='ltr'>finem</span> <span class='ocrx_word' id='word_1_422' title='bbox 518 2275 681 2329; x_wconf 86' lang='lat' dir='ltr'>paginae</span> <span class='ocrx_word' id='word_1_423' title='bbox 703 2273 889 2325; x_wconf 90' lang='lat' dir='ltr'>conjecit,</span> <span class='ocrx_word' id='word_1_424' title='bbox 920 2272 1021 2312; x_wconf 89' lang='lat' dir='ltr'>nulla</span> <span class='ocrx_word' id='word_1_425' title='bbox 1053 2271 1150 2313; x_wconf 58' lang='lat' dir='ltr'>fassa</span> <span class='ocrx_word' id='word_1_426' title='bbox 1181 2273 1377 2312; x_wconf 90' lang='lat' dir='ltr'>mentione</span> <span class='ocrx_word' id='word_1_427' title='bbox 1401 2272 1484 2312; x_wconf 90' lang='lat' dir='ltr'>libri</span> <span class='ocrx_word' id='word_1_428' title='bbox 1507 2284 1570 2312; x_wconf 91' lang='lat' dir='ltr'>aut</span> <span class='ocrx_word' id='word_1_429' title='bbox 1599 2271 1768 2323; x_wconf 90' lang='lat' dir='ltr'>codicis,</span> <span class='ocrx_word' id='word_1_430' title='bbox 1796 2287 1845 2313; x_wconf 88' lang='lat' dir='ltr'>ex</span> 
     </span>
     <span class='ocr_line' id='line_1_39' title="bbox 103 2327 1846 2391; baseline -0.004 -16"><span class='ocrx_word' id='word_1_431' title='bbox 103 2366 131 2390; x_wconf 80' lang='lat'>,‚</span> <span class='ocrx_word' id='word_1_432' title='bbox 160 2350 239 2391; x_wconf 90' lang='lat' dir='ltr'>quo</span> <span class='ocrx_word' id='word_1_433' title='bbox 260 2332 403 2382; x_wconf 87' lang='lat' dir='ltr'>hausit,</span> <span class='ocrx_word' id='word_1_434' title='bbox 433 2344 525 2371; x_wconf 89' lang='lat' dir='ltr'>num</span> <span class='ocrx_word' id='word_1_435' title='bbox 544 2344 592 2370; x_wconf 89' lang='lat' dir='ltr'>ex</span> <span class='ocrx_word' id='word_1_436' title='bbox 613 2328 869 2381; x_wconf 87' lang='lat' dir='ltr'>manuscripto</span> <span class='ocrx_word' id='word_1_437' title='bbox 892 2327 950 2368; x_wconf 93' lang='lat' dir='ltr'>vel</span> <span class='ocrx_word' id='word_1_438' title='bbox 971 2327 1107 2368; x_wconf 90' lang='lat' dir='ltr'>excuso</span> <span class='ocrx_word' id='word_1_439' title='bbox 1121 2358 1133 2378; x_wconf 90' lang='lat'>,</span> <span class='ocrx_word' id='word_1_440' title='bbox 1164 2342 1255 2368; x_wconf 92' lang='lat' dir='ltr'>num</span> <span class='ocrx_word' id='word_1_441' title='bbox 1279 2327 1395 2367; x_wconf 59' lang='lat' dir='ltr'>lessio</span> <span class='ocrx_word' id='word_1_442' title='bbox 1415 2340 1469 2367; x_wconf 85' lang='lat' dir='ltr'>ex·</span> <span class='ocrx_word' id='word_1_443' title='bbox 1483 2328 1724 2381; x_wconf 68' lang='lat' dir='ltr'>conjeetura,</span> <span class='ocrx_word' id='word_1_444' title='bbox 1754 2341 1846 2381; x_wconf 87' lang='lat' dir='ltr'>qua-</span> 
     </span>
     <span class='ocr_line' id='line_1_40' title="bbox 107 2381 1849 2445; baseline -0.005 -14"><span class='ocrx_word' id='word_1_445' title='bbox 107 2423 132 2445; x_wconf 86' lang='lat'>„</span> <span class='ocrx_word' id='word_1_446' title='bbox 161 2393 214 2432; x_wconf 89' lang='lat' dir='ltr'>les</span> <span class='ocrx_word' id='word_1_447' title='bbox 246 2387 483 2429; x_wconf 86' lang='lat' dir='ltr'>immiscuisse</span> <span class='ocrx_word' id='word_1_448' title='bbox 514 2399 601 2425; x_wconf 91' lang='lat' dir='ltr'>eum</span> <span class='ocrx_word' id='word_1_449' title='bbox 626 2384 733 2438; x_wconf 91' lang='lat' dir='ltr'>supra</span> <span class='ocrx_word' id='word_1_450' title='bbox 762 2382 1087 2423; x_wconf 86' lang='lat' dir='ltr'>observavimus&#39;’.</span> <span class='ocrx_word' id='word_1_451' title='bbox 1140 2381 1177 2423; x_wconf 92' lang='lat' dir='ltr'>Si</span> <span class='ocrx_word' id='word_1_452' title='bbox 1199 2383 1301 2423; x_wconf 89' lang='lat' dir='ltr'>enim</span> <span class='ocrx_word' id='word_1_453' title='bbox 1323 2382 1583 2423; x_wconf 87' lang='lat' dir='ltr'>Mastrichtius</span> <span class='ocrx_word' id='word_1_454' title='bbox 1602 2383 1721 2436; x_wconf 89' lang='lat' dir='ltr'>ipsam</span> <span class='ocrx_word' id='word_1_455' title='bbox 1748 2384 1849 2423; x_wconf 83' lang='lat' dir='ltr'>Cui·-</span> 
     </span>
     <span class='ocr_line' id='line_1_41' title="bbox 106 2436 1848 2492; baseline -0.006 -3"><span class='ocrx_word' id='word_1_456' title='bbox 106 2446 236 2490; x_wconf 88' lang='lat' dir='ltr'>cellaei</span> <span class='ocrx_word' id='word_1_457' title='bbox 256 2443 468 2485; x_wconf 89' lang='lat' dir='ltr'>editionem</span> <span class='ocrx_word' id='word_1_458' title='bbox 489 2441 696 2481; x_wconf 89' lang='lat' dir='ltr'>accuratius</span> <span class='ocrx_word' id='word_1_459' title='bbox 715 2436 948 2492; x_wconf 80' lang='lat' dir='ltr'>inspexisset,</span> <span class='ocrx_word' id='word_1_460' title='bbox 979 2436 1307 2491; x_wconf 88' lang='lat' dir='ltr'>deprehendisset,</span> <span class='ocrx_word' id='word_1_461' title='bbox 1328 2437 1434 2478; x_wconf 88' lang='lat' dir='ltr'>illum</span> <span class='ocrx_word' id='word_1_462' title='bbox 1448 2464 1458 2483; x_wconf 84' lang='lat'>,</span> <span class='ocrx_word' id='word_1_463' title='bbox 1487 2438 1636 2491; x_wconf 91' lang='lat' dir='ltr'>quoties</span> <span class='ocrx_word' id='word_1_464' title='bbox 1655 2437 1848 2490; x_wconf 68' lang='lat' dir='ltr'>conjestu-</span> 
     </span>
     <span class='ocr_line' id='line_1_42' title="bbox 109 2491 1849 2555; baseline -0.006 -12"><span class='ocrx_word' id='word_1_465' title='bbox 109 2516 190 2544; x_wconf 87' lang='lat' dir='ltr'>ram</span> <span class='ocrx_word' id='word_1_466' title='bbox 211 2498 418 2555; x_wconf 87' lang='lat' dir='ltr'>proponit,</span> <span class='ocrx_word' id='word_1_467' title='bbox 449 2496 586 2537; x_wconf 89' lang='lat' dir='ltr'>diserte</span> <span class='ocrx_word' id='word_1_468' title='bbox 608 2494 789 2549; x_wconf 84' lang='lat' dir='ltr'>praefari,</span> <span class='ocrx_word' id='word_1_469' title='bbox 819 2494 871 2533; x_wconf 89' lang='lat' dir='ltr'>ita</span> <span class='ocrx_word' id='word_1_470' title='bbox 894 2493 948 2534; x_wconf 92' lang='lat' dir='ltr'>H.</span> <span class='ocrx_word' id='word_1_471' title='bbox 970 2492 1228 2547; x_wconf 86' lang='lat' dir='ltr'>Stephanum,</span> <span class='ocrx_word' id='word_1_472' title='bbox 1248 2493 1275 2533; x_wconf 91' lang='grc' dir='ltr'>Ι.</span> <span class='ocrx_word' id='word_1_473' title='bbox 1304 2491 1622 2543; x_wconf 89' lang='lat' dir='ltr'>Causaubonum,</span> <span class='ocrx_word' id='word_1_474' title='bbox 1651 2493 1701 2533; x_wconf 95' lang='lat' dir='ltr'>D.</span> <span class='ocrx_word' id='word_1_475' title='bbox 1723 2493 1849 2533; x_wconf 90' lang='lat' dir='ltr'>Hein-</span> 
     </span>
     <span class='ocr_line' id='line_1_43' title="bbox 110 2548 1850 2603; baseline -0.007 -3"><span class='ocrx_word' id='word_1_476' title='bbox 110 2559 204 2600; x_wconf 89' lang='lat' dir='ltr'>sium</span> <span class='ocrx_word' id='word_1_477' title='bbox 224 2555 284 2596; x_wconf 86' lang='lat' dir='ltr'>vel</span> <span class='ocrx_word' id='word_1_478' title='bbox 307 2554 400 2593; x_wconf 87' lang='lat' dir='ltr'>alios</span> <span class='ocrx_word' id='word_1_479' title='bbox 419 2550 512 2595; x_wconf 88' lang='lat' dir='ltr'>VV.</span> <span class='ocrx_word' id='word_1_480' title='bbox 543 2550 648 2599; x_wconf 72' lang='lat' dir='ltr'>Dl).v</span> <span class='ocrx_word' id='word_1_481' title='bbox 665 2548 889 2603; x_wconf 85' lang='lat' dir='ltr'>conjecisse;</span> <span class='ocrx_word' id='word_1_482' title='bbox 918 2562 1035 2602; x_wconf 90' lang='lat' dir='ltr'>porro</span> <span class='ocrx_word' id='word_1_483' title='bbox 1059 2548 1137 2588; x_wconf 84' lang='lat' dir='ltr'>illas</span> <span class='ocrx_word' id='word_1_484' title='bbox 1159 2549 1341 2589; x_wconf 74' lang='lat' dir='ltr'>leffiones</span> <span class='ocrx_word' id='word_1_485' title='bbox 1360 2562 1407 2588; x_wconf 88' lang='lat' dir='ltr'>ex</span> <span class='ocrx_word' id='word_1_486' title='bbox 1427 2549 1667 2601; x_wconf 59' lang='lat' dir='ltr'>conjefifflra,</span> <span class='ocrx_word' id='word_1_487' title='bbox 1696 2548 1736 2587; x_wconf 89' lang='lat' dir='ltr'>in</span> <span class='ocrx_word' id='word_1_488' title='bbox 1765 2548 1850 2589; x_wconf 91' lang='lat' dir='ltr'>uni-</span> 
     </span>
     <span class='ocr_line' id='line_1_44' title="bbox 109 2602 1851 2661; baseline -0.006 -8"><span class='ocrx_word' id='word_1_489' title='bbox 109 2611 260 2654; x_wconf 89' lang='lat' dir='ltr'>versum</span> <span class='ocrx_word' id='word_1_490' title='bbox 281 2609 429 2648; x_wconf 87' lang='lat' dir='ltr'>circiter</span> <span class='ocrx_word' id='word_1_491' title='bbox 451 2606 724 2661; x_wconf 81' lang='lat' dir='ltr'>quadraginta,</span> <span class='ocrx_word' id='word_1_492' title='bbox 754 2618 834 2644; x_wconf 92' lang='lat' dir='ltr'>non</span> <span class='ocrx_word' id='word_1_493' title='bbox 856 2605 896 2643; x_wconf 92' lang='lat' dir='ltr'>in</span> <span class='ocrx_word' id='word_1_494' title='bbox 921 2603 997 2644; x_wconf 87' lang='lat' dir='ltr'>fine</span> <span class='ocrx_word' id='word_1_495' title='bbox 1019 2604 1181 2658; x_wconf 86' lang='lat' dir='ltr'>paginae</span> <span class='ocrx_word' id='word_1_496' title='bbox 1209 2603 1284 2644; x_wconf 84' lang='lat' dir='ltr'>five</span> <span class='ocrx_word' id='word_1_497' title='bbox 1316 2602 1364 2642; x_wconf 91' lang='lat' dir='ltr'>ad</span> <span class='ocrx_word' id='word_1_498' title='bbox 1394 2604 1605 2657; x_wconf 86' lang='lat' dir='ltr'>marginem</span> <span class='ocrx_word' id='word_1_499' title='bbox 1638 2614 1761 2643; x_wconf 87' lang='lat' dir='ltr'>textus</span> <span class='ocrx_word' id='word_1_500' title='bbox 1787 2617 1851 2643; x_wconf 87' lang='lat' dir='ltr'>ex-</span> 
     </span>
     <span class='ocr_line' id='line_1_45' title="bbox 111 2657 1899 2714; baseline -0.006 -7"><span class='ocrx_word' id='word_1_501' title='bbox 111 2664 294 2714; x_wconf 88' lang='lat' dir='ltr'>hibuisse,</span> <span class='ocrx_word' id='word_1_502' title='bbox 326 2662 391 2703; x_wconf 90' lang='lat' dir='ltr'>sed</span> <span class='ocrx_word' id='word_1_503' title='bbox 412 2662 461 2703; x_wconf 90' lang='lat' dir='ltr'>ad</span> <span class='ocrx_word' id='word_1_504' title='bbox 482 2662 623 2702; x_wconf 90' lang='lat' dir='ltr'>calcem</span> <span class='ocrx_word' id='word_1_505' title='bbox 644 2661 728 2700; x_wconf 88' lang='lat' dir='ltr'>libri</span> <span class='ocrx_word' id='word_1_506' title='bbox 748 2661 789 2700; x_wconf 89' lang='lat' dir='ltr'>in</span> <span class='ocrx_word' id='word_1_507' title='bbox 809 2659 1062 2714; x_wconf 87' lang='lat' dir='ltr'>appendicem</span> <span class='ocrx_word' id='word_1_508' title='bbox 1082 2658 1268 2712; x_wconf 55' lang='lat' dir='ltr'>rejecisse,</span> <span class='ocrx_word' id='word_1_509' title='bbox 1299 2657 1466 2711; x_wconf 89' lang='lat' dir='ltr'>denique</span> <span class='ocrx_word' id='word_1_510' title='bbox 1483 2659 1706 2698; x_wconf 87' lang='lat' dir='ltr'>Saubertum</span> <span class='ocrx_word' id='word_1_511' title='bbox 1735 2657 1846 2712; x_wconf 86' lang='lat' dir='ltr'>scrip-</span> <span class='ocrx_word' id='word_1_512' title='bbox 1895 2670 1899 2675; x_wconf 93' lang='lat'>·</span> 
     </span>
     <span class='ocr_line' id='line_1_46' title="bbox 115 2712 1851 2770; baseline -0.005 -8"><span class='ocrx_word' id='word_1_513' title='bbox 115 2722 197 2765; x_wconf 85' lang='lat' dir='ltr'>sisse</span> <span class='ocrx_word' id='word_1_514' title='bbox 226 2729 359 2760; x_wconf 88' lang='lat' dir='ltr'>contra</span> <span class='ocrx_word' id='word_1_515' title='bbox 388 2731 474 2766; x_wconf 90' lang='lat' dir='ltr'>eos,</span> <span class='ocrx_word' id='word_1_516' title='bbox 504 2718 570 2770; x_wconf 87' lang='lat' dir='ltr'>qui</span> <span class='ocrx_word' id='word_1_517' title='bbox 598 2716 832 2764; x_wconf 65' lang='lat' dir='ltr'>conjeE&#39;turas</span> <span class='ocrx_word' id='word_1_518' title='bbox 862 2715 943 2755; x_wconf 89' lang='lat' dir='ltr'>suas</span> <span class='ocrx_word' id='word_1_519' title='bbox 971 2714 1010 2754; x_wconf 93' lang='lat' dir='ltr'>in</span> <span class='ocrx_word' id='word_1_520' title='bbox 1031 2713 1200 2754; x_wconf 88' lang='lat' dir='ltr'>Textum</span> <span class='ocrx_word' id='word_1_521' title='bbox 1222 2714 1364 2753; x_wconf 90' lang='lat' dir='ltr'>sacrum</span> <span class='ocrx_word' id='word_1_522' title='bbox 1386 2712 1644 2766; x_wconf 86' lang='lat' dir='ltr'>recipiendas,</span> <span class='ocrx_word' id='word_1_523' title='bbox 1674 2716 1709 2751; x_wconf 77' lang='grc' dir='ltr'>δι</span> <span class='ocrx_word' id='word_1_524' title='bbox 1734 2713 1773 2752; x_wconf 88' lang='lat' dir='ltr'>in</span> <span class='ocrx_word' id='word_1_525' title='bbox 1794 2713 1851 2753; x_wconf 88' lang='lat' dir='ltr'>lo-</span> 
     </span>
     <span class='ocr_line' id='line_1_47' title="bbox 115 2767 1851 2821; baseline -0.006 -3"><span class='ocrx_word' id='word_1_526' title='bbox 115 2791 203 2818; x_wconf 90' lang='lat' dir='ltr'>cum</span> <span class='ocrx_word' id='word_1_527' title='bbox 233 2771 401 2815; x_wconf 85' lang='lat' dir='ltr'>extrusae</span> <span class='ocrx_word' id='word_1_528' title='bbox 431 2773 606 2812; x_wconf 70' lang='lat' dir='ltr'>leffionis</span> <span class='ocrx_word' id='word_1_529' title='bbox 637 2771 773 2811; x_wconf 87' lang='lat' dir='ltr'>veteris</span> <span class='ocrx_word' id='word_1_530' title='bbox 802 2768 1075 2810; x_wconf 84' lang='lat' dir='ltr'>substituendas</span> <span class='ocrx_word' id='word_1_531' title='bbox 1099 2772 1169 2810; x_wconf 82' lang='lat' dir='ltr'>effe</span> <span class='ocrx_word' id='word_1_532' title='bbox 1189 2767 1453 2816; x_wconf 86' lang='lat' dir='ltr'>contendunt,</span> <span class='ocrx_word' id='word_1_533' title='bbox 1481 2778 1546 2807; x_wconf 90' lang='lat' dir='ltr'>aut</span> <span class='ocrx_word' id='word_1_534' title='bbox 1576 2768 1642 2821; x_wconf 90' lang='lat' dir='ltr'>qui</span> <span class='ocrx_word' id='word_1_535' title='bbox 1670 2767 1851 2807; x_wconf 89' lang='lat' dir='ltr'>emenda-</span> 
     </span>
     <span class='ocr_line' id='line_1_48' title="bbox 117 2822 1853 2880; baseline -0.006 -8"><span class='ocrx_word' id='word_1_536' title='bbox 117 2835 265 2874; x_wconf 89' lang='lat' dir='ltr'>tionem</span> <span class='ocrx_word' id='word_1_537' title='bbox 293 2842 340 2868; x_wconf 86' lang='lat' dir='ltr'>ex</span> <span class='ocrx_word' id='word_1_538' title='bbox 373 2828 592 2880; x_wconf 71' lang='lat' dir='ltr'>conjestura</span> <span class='ocrx_word' id='word_1_539' title='bbox 620 2826 759 2866; x_wconf 68' lang='lat' dir='ltr'>fastam</span> <span class='ocrx_word' id='word_1_540' title='bbox 779 2825 926 2866; x_wconf 91' lang='lat' dir='ltr'>calculo</span> <span class='ocrx_word' id='word_1_541' title='bbox 954 2824 1021 2865; x_wconf 92' lang='lat' dir='ltr'>suo</span> <span class='ocrx_word' id='word_1_542' title='bbox 1052 2824 1288 2877; x_wconf 87' lang='lat' dir='ltr'>approbant,</span> <span class='ocrx_word' id='word_1_543' title='bbox 1315 2835 1479 2876; x_wconf 90' lang='lat' dir='ltr'>quorum</span> <span class='ocrx_word' id='word_1_544' title='bbox 1499 2834 1673 2863; x_wconf 89' lang='lat' dir='ltr'>neutrum</span> <span class='ocrx_word' id='word_1_545' title='bbox 1693 2822 1853 2863; x_wconf 84' lang='lat' dir='ltr'>Curcel-</span> 
     </span>
     <span class='ocr_line' id='line_1_49' title="bbox 118 2876 1851 2931; baseline -0.006 -3"><span class='ocrx_word' id='word_1_546' title='bbox 118 2889 222 2928; x_wconf 87' lang='lat' dir='ltr'>laeus</span> <span class='ocrx_word' id='word_1_547' title='bbox 252 2884 352 2924; x_wconf 89' lang='lat' dir='ltr'>fecit.</span> <span class='ocrx_word' id='word_1_548' title='bbox 409 2882 496 2922; x_wconf 87' lang='lat' dir='ltr'>Sive</span> <span class='ocrx_word' id='word_1_549' title='bbox 519 2893 644 2921; x_wconf 90' lang='lat' dir='ltr'>autem</span> <span class='ocrx_word' id='word_1_550' title='bbox 666 2881 779 2931; x_wconf 84' lang='lat' dir='ltr'>haec,</span> <span class='ocrx_word' id='word_1_551' title='bbox 810 2881 886 2921; x_wconf 85' lang='lat' dir='ltr'>five</span> <span class='ocrx_word' id='word_1_552' title='bbox 912 2880 983 2919; x_wconf 90' lang='lat' dir='ltr'>alia</span> <span class='ocrx_word' id='word_1_553' title='bbox 1005 2880 1188 2920; x_wconf 91' lang='lat' dir='ltr'>Sauberto</span> <span class='ocrx_word' id='word_1_554' title='bbox 1209 2891 1315 2918; x_wconf 92' lang='lat' dir='ltr'>mens</span> <span class='ocrx_word' id='word_1_555' title='bbox 1336 2876 1469 2927; x_wconf 90' lang='lat' dir='ltr'>fuerit,</span> <span class='ocrx_word' id='word_1_556' title='bbox 1500 2891 1586 2917; x_wconf 92' lang='lat' dir='ltr'>cum</span> <span class='ocrx_word' id='word_1_557' title='bbox 1616 2889 1742 2917; x_wconf 89' lang='lat' dir='ltr'>tamen</span> <span class='ocrx_word' id='word_1_558' title='bbox 1772 2892 1851 2918; x_wconf 86' lang='lat' dir='ltr'>cer-</span> 
     </span>
     <span class='ocr_line' id='line_1_50' title="bbox 121 2933 1851 2992; baseline -0.006 -9"><span class='ocrx_word' id='word_1_559' title='bbox 121 2954 204 2984; x_wconf 88' lang='lat' dir='ltr'>tum</span> <span class='ocrx_word' id='word_1_560' title='bbox 226 2940 291 2989; x_wconf 87' lang='lat' dir='ltr'>sit,</span> <span class='ocrx_word' id='word_1_561' title='bbox 319 2937 520 2992; x_wconf 91' lang='lat' dir='ltr'>plerosque</span> <span class='ocrx_word' id='word_1_562' title='bbox 540 2949 674 2977; x_wconf 87' lang='lat' dir='ltr'>omnes</span> <span class='ocrx_word' id='word_1_563' title='bbox 701 2936 924 2989; x_wconf 86' lang='lat' dir='ltr'>interpretes</span> <span class='ocrx_word' id='word_1_564' title='bbox 955 2935 1009 2976; x_wconf 94' lang='lat' dir='ltr'>N.</span> <span class='ocrx_word' id='word_1_565' title='bbox 1038 2935 1088 2975; x_wconf 87' lang='lat' dir='ltr'>T.</span> <span class='ocrx_word' id='word_1_566' title='bbox 1119 2933 1406 2974; x_wconf 87' lang='lat' dir='ltr'>emendationes</span> <span class='ocrx_word' id='word_1_567' title='bbox 1437 2946 1483 2973; x_wconf 88' lang='lat' dir='ltr'>ex</span> <span class='ocrx_word' id='word_1_568' title='bbox 1514 2933 1732 2985; x_wconf 59' lang='lat' dir='ltr'>conicitura</span> <span class='ocrx_word' id='word_1_569' title='bbox 1763 2947 1851 2987; x_wconf 90' lang='lat' dir='ltr'>pro-</span> 
     </span>
     <span class='ocr_line' id='line_1_51' title="bbox 125 2987 1852 3050; baseline -0.005 -14"><span class='ocrx_word' id='word_1_570' title='bbox 125 2993 308 3050; x_wconf 88' lang='lat' dir='ltr'>posuisse,</span> <span class='ocrx_word' id='word_1_571' title='bbox 338 2992 453 3046; x_wconf 90' lang='lat' dir='ltr'>idque</span> <span class='ocrx_word' id='word_1_572' title='bbox 473 2991 538 3032; x_wconf 88' lang='lat' dir='ltr'>suo</span> <span class='ocrx_word' id='word_1_573' title='bbox 555 2992 638 3044; x_wconf 86' lang='lat' dir='ltr'>jure</span> <span class='ocrx_word' id='word_1_574' title='bbox 656 2990 693 3030; x_wconf 87' lang='lat' dir='ltr'>se</span> <span class='ocrx_word' id='word_1_575' title='bbox 714 2990 836 3031; x_wconf 88' lang='lat' dir='ltr'>facere</span> <span class='ocrx_word' id='word_1_576' title='bbox 856 2989 1076 3040; x_wconf 85' lang='lat' dir='ltr'>credidisse,</span> <span class='ocrx_word' id='word_1_577' title='bbox 1104 3003 1169 3030; x_wconf 92' lang='lat' dir='ltr'>cur</span> <span class='ocrx_word' id='word_1_578' title='bbox 1187 2989 1283 3029; x_wconf 87' lang='lat' dir='ltr'>vitio</span> <span class='ocrx_word' id='word_1_579' title='bbox 1303 2999 1468 3029; x_wconf 88' lang='lat' dir='ltr'>vertatur</span> <span class='ocrx_word' id='word_1_580' title='bbox 1480 2987 1704 3028; x_wconf 86' lang='lat' dir='ltr'>Curcellaeo</span> <span class='ocrx_word' id='word_1_581' title='bbox 1717 3014 1726 3032; x_wconf 88' lang='lat'>‚</span> <span class='ocrx_word' id='word_1_582' title='bbox 1742 2987 1852 3042; x_wconf 93' lang='lat' dir='ltr'>quod</span> 
     </span>
     <span class='ocr_line' id='line_1_52' title="bbox 123 3041 1850 3101; baseline -0.006 -9"><span class='ocrx_word' id='word_1_583' title='bbox 123 3053 205 3092; x_wconf 84' lang='lat' dir='ltr'>illas</span> <span class='ocrx_word' id='word_1_584' title='bbox 233 3048 469 3101; x_wconf 61' lang='lat' dir='ltr'>conjeeturas</span> <span class='ocrx_word' id='word_1_585' title='bbox 496 3046 727 3086; x_wconf 87' lang='lat' dir='ltr'>adnotavit?</span> <span class='ocrx_word' id='word_1_586' title='bbox 764 3047 844 3087; x_wconf 91' lang='lat' dir='ltr'>imo</span> <span class='ocrx_word' id='word_1_587' title='bbox 876 3059 1007 3085; x_wconf 88' lang='lat' dir='ltr'>annon</span> <span class='ocrx_word' id='word_1_588' title='bbox 1034 3045 1198 3086; x_wconf 86' lang='lat' dir='ltr'>accurati</span> <span class='ocrx_word' id='word_1_589' title='bbox 1224 3043 1439 3086; x_wconf 68' lang='lat' dir='ltr'>colle&amp;oris</span> <span class='ocrx_word' id='word_1_590' title='bbox 1458 3042 1590 3085; x_wconf 88' lang='lat' dir='ltr'>officio</span> <span class='ocrx_word' id='word_1_591' title='bbox 1608 3043 1707 3084; x_wconf 89' lang='lat' dir='ltr'>male</span> <span class='ocrx_word' id='word_1_592' title='bbox 1726 3041 1850 3084; x_wconf 83' lang='lat' dir='ltr'>fuisset</span> 
     </span>
     <span class='ocr_line' id='line_1_53' title="bbox 128 3100 732 3156; baseline -0.012 -8"><span class='ocrx_word' id='word_1_593' title='bbox 128 3105 330 3148; x_wconf 63' lang='lat' dir='ltr'>defunetus</span> <span class='ocrx_word' id='word_1_594' title='bbox 341 3129 354 3151; x_wconf 87' lang='lat'>‚</span> <span class='ocrx_word' id='word_1_595' title='bbox 381 3102 410 3145; x_wconf 89' lang='lat' dir='ltr'><strong>fi</strong></span> <span class='ocrx_word' id='word_1_596' title='bbox 427 3101 471 3144; x_wconf 90' lang='lat' dir='ltr'>id</span> <span class='ocrx_word' id='word_1_597' title='bbox 489 3100 732 3156; x_wconf 84' lang='lat' dir='ltr'>neglexisset?</span> 
     </span>
    </p>
   </div>
   <div class='ocr_carea' id='block_1_3' title="bbox 96 499 120 518">
    <p class='ocr_par' dir='ltr' id='par_1_4' title="bbox 96 499 120 518">
     <span class='ocr_line' id='line_1_54' title="bbox 96 499 120 518; baseline 0 -3"><span class='ocrx_word' id='word_1_598' title='bbox 96 499 120 518; x_wconf 68' lang='lat'>2²</span> 
     </span>
    </p>
   </div>
   <div class='ocr_carea' id='block_1_4' title="bbox 100 934 129 1068">
    <p class='ocr_par' dir='ltr' id='par_1_5' title="bbox 100 934 129 1068">
     <span class='ocr_line' id='line_1_55' title="bbox 102 934 129 957; baseline 0 0"><span class='ocrx_word' id='word_1_599' title='bbox 102 934 129 957; x_wconf 63' lang='grc' dir='ltr'>ἃ)</span> 
     </span>
     <span class='ocr_line' id='line_1_56' title="bbox 100 993 126 1013; baseline -0.038 0"><span class='ocrx_word' id='word_1_600' title='bbox 100 993 126 1013; x_wconf 71' lang='lat'>&gt;²</span> 
     </span>
     <span class='ocr_line' id='line_1_57' title="bbox 100 1045 127 1068; baseline 0 0"><span class='ocrx_word' id='word_1_601' title='bbox 100 1045 127 1068; x_wconf 75' lang='lat'>9&gt;</span> 
     </span>
    </p>
   </div>
   <div class='ocr_carea' id='block_1_5' title="bbox 100 2091 126 2114">
    <p class='ocr_par' dir='ltr' id='par_1_6' title="bbox 100 2091 126 2114">
     <span class='ocr_line' id='line_1_58' title="bbox 100 2091 126 2114; baseline 0 0"><span class='ocrx_word' id='word_1_602' title='bbox 100 2091 126 2114; x_wconf 71' lang='lat'>&gt;2</span> 
     </span>
    </p>
   </div>
   <div class='ocr_carea' id='block_1_6' title="bbox 1756 3152 1855 3191">
    <p class='ocr_par' dir='ltr' id='par_1_7' title="bbox 1756 3152 1855 3191">
     <span class='ocr_line' id='line_1_59' title="bbox 1756 3152 1855 3191; baseline 0 0"><span class='ocrx_word' id='word_1_603' title='bbox 1756 3152 1855 3191; x_wconf 70' lang='lat' dir='ltr'>&#39;At</span> 
     </span>
    </p>
   </div>
  </div>
 </body>
</html>
