1976 3519
493 201 1478 257 PR'OLEGOMENA.
1772 231 1839 270 '49

116 297 179 347 ni,
208 294 389 339 Thalassii
418 296 605 338 Monachi
635 299 675 336 δε
703 296 931 351 presbyteri,
960 295 1166 347 Anastafii‚
1195 298 1405 338 Ammonii.
1459 299 1506 339 In
1535 298 1611 341 fine
1640 299 1832 346 Matthaei

115 352 208 392 haec
238 351 444 392 habentur:
474 349 619 404 ἑςμηνεῖοι
637 352 687 390 τέ
705 348 808 390 κατοὶ
838 350 1016 390 Mareotim
1041 349 1265 400 Ἐυαγγελῖε
1298 351 1326 390 ἐν
1355 351 1534 403 ἒπιτὸμῳ,
1566 353 1701 407 ἒγςοίφη
1729 355 1765 396 δὲ
1785 357 1828 398 τὶ

113 404 339 455 Ἐυαγγὲλιον
366 405 457 445 ἐκεῖνο
486 405 528 447 εἷς
558 402 600 445 τὸ
629 405 878 458 πατςιαςχεῗον
907 401 966 444 ivri
990 405 1109 455 εεργῖες
1130 403 1377 462 [Ἰατριοίςχεη4
1399 408 1493 460 quid
1514 409 1557 448 fit
1577 411 1828 465 πατριαςχεῖον

110 461 275 514 explicat
316 461 513 501 Balsamon
550 458 600 500 ad
639 460 737 500 Can.
773 474 810 510 9.
838 459 991 500 Concil.
1020 462 1182 502 Oecum.
1212 460 1302 501 VII.
1332 459 1565 512 ἑπισκοπεῖον,
1594 465 1743 518 inquit,
1762 467 1825 509 τῆς

108 513 328 559 Κωνςαντῖνκ
357 513 494 556 πόλεως
518 511 560 553 τὸ
587 513 839 566 πατριαρχεῖον
868 514 936 558 ἔτι.
992 515 1096 554 Cum
1117 527 1243 556 autem
1265 515 1413 570 Sergius
1434 515 1558 556 seculo
1575 517 1731 560 demum
1752 522 1826 562 XI.

109 569 575 623 Constantinopolitanam
596 569 723 609 sedem
742 569 922 619 tenuerit,
953 569 1095 623 isteque
1115 570 1255 611 Codex
1277 569 1321 611 fit
1339 584 1386 611 ex
1405 571 1480 610 alio
1499 571 1725 625 descriptus,
1757 590 1823 629 pa-

107 636 163 665 tet
189 639 268 665 non
297 623 346 663 ad
366 623 526 664 seculum
544 623 619 669 X.‚
647 636 688 664 ut
715 625 755 663 in
778 623 1014 664 Bibliotheca
1032 624 1270 665 Coisliniana
1289 625 1517 671 collocatur,
1549 625 1614 666 sed
1634 627 1821 671 summum

107 679 157 719 ad
177 679 249 720 XI.
277 677 515 719 referendum
534 677 618 719 esse.
676 679 765 719 Fuit
784 679 877 718 olim
898 679 1122 719 Monasterii
1143 680 1177 719 S.
1207 680 1365 720 Nicolai
1384 693 1646 734 cognomento
1667 682 1819 725 Stauro-

105 734 250 774 nicetae
269 734 307 772 in
328 745 461 774 monte
479 733 608 783 Atho,
639 744 681 774 ut
697 733 737 773 in
759 733 835 774 fine
854 733 959 773 Libri
979 734 1204 775 adnotatum
1224 734 1288 774 est.

157 800 222 840 35.
251 786 391 828 Codex
410 787 526 827 Coisl.
561 801 650 838 199.
683 787 862 829 foliorum
886 801 978 840 325.
1006 802 1120 842 quem
1140 789 1210 830 XI.
1241 788 1363 830 seculo
1383 787 1559 831 adscribit
1583 791 1817 848 Catalogus,

102 843 274 882 continet
301 853 424 882 totum
456 842 619 883 Novum
646 843 935 883 Testamentum
956 864 967 890 ·,
1004 843 1156 897 lingulis
1176 844 1298 884 Libris
1319 856 1495 885 numerus
1515 844 1581 886 τῶν
1603 846 1720 897 ς-ίχων
1741 849 1819 890 sive

100 896 271 937 versuum
299 896 349 936 ad
377 896 516 937 calcem
547 896 730 948 subjeetus
757 898 832 946 est3
863 897 1040 951 Epistolis
1067 897 1323 952 praefiguntur
1341 896 1504 941 ὑποθέσεις
1526 901 1713 941 Euthalii:
1744 902 1818 944 fre-

100 962 258 1004 quenter
286 951 370 991 satis
397 952 507 992 erasis
537 951 721 1005 prioribus
753 952 942 992 vocabulis
963 952 1033 992 alia
1056 952 1298 1007 superscripta
1319 953 1422 1002 sunt3
1451 966 1539 996 ante
1558 956 1818 1012 Apocalypsin

97 1005 177 1045 duo
207 1005 296 1046 folia
323 1020 440 1046 vacua
472 1006 597 1047 relksta
615 1006 717 1047 sunt:
747 1006 860 1060 ipsius
882 1007 1166 1061 Apocalypseos
1189 1008 1350 1062 margini
1369 1008 1551 1062 plurimae
1573 1011 1725 1052 notulae
1748 1012 1817 1053 ad-

96 1059 248 1113 spersae.
302 1060 367 1100 Ad
397 1061 538 1101 calcem
568 1071 682 1101 manu
701 1060 820 1102 aliena
842 1061 934 1102 haec
954 1062 1158 1102 habentur:
1189 1059 1349 1113 ἀφιέροσεν
1370 1060 1411 1102 τὸ
1434 1061 1506 1116 ἱερὸν
1521 1065 1614 1104 τέτο
1638 1065 1816 1116 'Euat->tyg-

95 1122 164 1153 λιον
191 1113 205 1154 ὃ
229 1114 467 1159 {umen-mx
498 1114 526 1155 ἐν
549 1116 612 1168 ‘leg
643 1147 650 1155 .
683 1148 691 1156 .
720 1147 730 1157 .
762 1147 770 1156 .
802 1113 928 1155 mim
950 1116 1010 1165 κῧρ
1031 1113 1215 1169 Ami-rgias
1234 1115 1317 1159 'e'ws
1339 1110 1432 1172 ζρλε.
1463 1120 1493 1169 †
1525 1117 1714 1167 ανεκενῖοῧη
1732 1124 1812 1174 παῤ

95 1166 163 1217 ἔμέ
188 1171 237 1209 τὲ
263 1169 431 1222 {maxses
460 1166 519 1220 κς).
549 1202 556 1210 .
585 1203 594 1211 .
622 1201 630 1210 .
659 1184 756 1224 quae
777 1172 958 1225 temporis
979 1173 1128 1212 notatio
1150 1176 1307 1212 Annum
1332 1174 1380 1212 C.
1417 1177 1531 1225 1627.
1558 1174 1715 1216 indicat.

152 1229 215 1277 36.
245 1225 384 1266 Codex
413 1224 530 1265 Cozsl.
562 1238 623 1265 20.
653 1226 843 1278 eleganter
871 1226 1028 1279 scriptus
1048 1226 1170 1266 seculo
1191 1226 1260 1266 XI.
1291 1227 1481 1268 Continet
1501 1239 1664 1282 quatuor
1686 1232 1813 1271 Evan-

92 1279 212 1346 gelia,
241 1293 325 1320 cum
357 1279 655 1320 Commentariis
683 1280 910 1324 Variorum‚
941 1293 982 1321 ut
1012 1292 1164 1322 notatur
1190 1280 1240 1321 ad
1270 1282 1409 1322 calcem
1432 1282 1491 1322 his
1507 1283 1647 1324 verbis:
1678 1282 1814 1329 πάντες

91 1351 118 1373 οι
143 1332 328 1382 φιλοπονως
357 1332 621 1386 ἐντυγχάνοντες
649 1334 695 1385 ‘rii
716 1335 800 1374 τὲὃε
818 1336 880 1375 τοῦ
902 1333 1102 1384 ἒναγγελῖου
1121 1337 1334 1387 συγγραφῇ,
1362 1334 1422 1376 καὶ
1444 1335 1586 1380 πολλὴν
1605 1337 1813 1388 τῆνώφέλει-

91 1405 131 1428 αν
159 1387 198 1428 ἔκ,
235 1388 296 1430 τῖς
334 1387 400 1428 τᾶν
422 1387 616 1433 πονηθὲνἿων
634 1386 706 1437 {1an
727 1388 802 1428 ἀπὸ
821 1388 978 1442 ὃιαφόςων
1000 1389 1183 1443 Ἑςμηνειῶν
1201 1391 1399 1440 συναγωγῆς
1419 1390 1632 1443 ἀρυσάμενοι,
1662 1393 1813 1447 ἐὐχειθε

90 1440 177 1494 ὑπὲρ
195 1444 256 1483 τοῦ
276 1443 462 1491 φιλοπόνως
482 1441 556 1484 ἀπὸ
577 1443 726 1483 mm&
745 1442 882 1487 βιζλῖων
900 1445 1024 1484 ταῦτα
1044 1444 1320 1494 συναγαγόντος,
1352 1444 1403 1495 &i
1423 1446 1735 1499 συγγεγςαφὸτος,
1759 1448 1813 1500 affl*

89 1497 347 1551 euvoegpto'mv'los.
369 1495 420 1548 U)
437 1497 509 1550 γαρ
540 1497 578 1538 ἐκ
597 1497 748 1538 πολλῶν
769 1496 828 1539 καὶ
848 1498 1002 1550 διαφόρων
1023 1502 1043 1539 8'
1063 1499 1151 1546 μόνον
1173 1498 1278 1549 ἁγίων
1297 1500 1444 1554 παΊὲςων
1457 1501 1588 1552 ,ἄλλα
1608 1500 1668 1543 καὶ
1690 1504 1810 1545 &sonsa

88 1570 156 1602 μων
176 1552 360 1607 ‘Ange-rm&
383 1552 474 1599 ἅυτη
494 1552 510 1595 ἦ
531 1552 652 1598 Esca&
671 1551 876 1608 ἒχεῶέγαι.
929 1555 1020 1596 Fuit
1038 1555 1310 1610 oliminagnae
1333 1557 1477 1597 Laurae
1488 1558 1525 1597 S.
1558 1558 1753 1600 Athanasii
1765 1562 1806 1601 in

88 1620 219 1648 monte
238 1609 366 1659 Atho,
397 1608 504 1663 quod
523 1610 676 1649 testatur-
696 1610 789 1649 haec
809 1622 902 1651 nota
922 1610 962 1650 in
986 1609 1062 1650 fine
1081 1610 1164 1650 libri
1186 1612 1328 1651 recenti
1350 1625 1463 1652 manu
1486 1611 1620 1666 scripta
1642 1628 1678 1667 p.
1716 1617 1806 1662 508,

86 1661 176 1708 ἅυτη
206 1661 222 1704 ἦ
253 1660 324 1716 seg&
349 1660 408 1703 md
438 1661 519 1703 θεία
538 1661 659 1707 βῖἓλσς
676 1662 832 1716 ἀφιεςῶθη
853 1664 896 1706 εἷς
915 1663 974 1706 τὴν
993 1663 1179 1711 σεξασμῖαν
1199 1663 1258 1704 καὶ
1280 1664 1461 1710 βασιλικὴν
1480 1666 1648 1710 ἈΘωνικῗιν
1670 1670 1807 1721 Λαῧραμ

85 1718 148 1757 τοῦ
177 1716 330 1767 θεοφόρου
351 1715 490 1767 wetti-pig
510 1716 597 1765 ἦμῶν
617 1717 810 1758 Ἀθανασῖε.
839 1716 900 1758 καὶ
922 1718 945 1757 ἒι
964 1718 1147 1763 βουληθέιη
1169 1717 1223 1760 ‘ris
1241 1717 1259 1761 ’ἦ
1283 1718 1520 1772 ἶεςομὸναχοςῗι
1535 1720 1692 1767 ι’ὃιῶτηςῗι
1708 1722 1807 1767 ἄλλο

85 1769 268 1823 πρᾶσωπον
288 1771 522 1823 ἀλλοτριῶσαι
551 1767 610 1810 καὶ
638 1772 815 1820 μεταθῆναι
843 1772 886 1814 εἷς
908 1771 1015 1823 ’ἕτερον
1045 1771 1255 1823 μονατίιριον,
1284 1773 1304 1815 7'1‘
1324 1773 1423 1825 χάριν
1441 1774 1559 1821 φιλίας
1579 1777 1808 1830 φιλοὲωςῆσσι-

84 1835 171 1876 &aa
190 1851 290 1886 τινος,
319 1833 391 1879 ὥτε
410 1834 620 1888 ἀποξενῶσαι
640 1833 815 1876 τοάνἿελῶς
835 1835 896 1876 τοῦ
915 1832 1133 1886 μοναφνιρῖου,
1163 1833 1279 1887 ἐχέτω
1302 1835 1374 1877 ταὶς
1391 1834 1477 1887 ἄρας
1497 1836 1563 1877 τόν
1585 1831 1649 1885 ἦ.
1679 1841 1808 1891 Θεοφὸ-

82 1906 137 1941 ρων
149 1887 307 1940 πατέρων
318 1921 328 1938 ,
339 1887 399 1930 mel
420 1887 493 1933 ’ἐὴ-’ω
511 1887 726 1940 ἀφωρισμένος
747 1886 823 1928 ἀπὸ
847 1891 920 1929 Θεέ
931 1887 1194 1940 πανἾοκρσὶτορος
1206 1890 1232 1929 ἐν
1243 1889 1295 1939 τῷ
1307 1891 1351 1929 νῧν
1361 1889 1442 1929 αιᾶνι
1453 1888 1512 1930 ml
1527 1891 1553 1931 ἐν
1563 1893 1616 1943 τῳΝ
1625 1892 1805 1942 μέλλοντι.

140 1958 202 1999 37.
235 1944 373 1986 Codex
406 1944 521 1984 Coisl.
554 1958 617 1984 21.
647 1945 718 1984 XI.
748 1944 879 1995 seculi,
908 1946 1108 1984 continens
1137 1956 1300 1997 quatuor
1319 1944 1525 1999 Evangelia
1544 1962 1630 1988 cum
1655 1950 1806 1992 scholiis

80 2000 333 2048 brevioribus3
362 1999 442 2040 duo
463 1999 590 2054 priora
610 1998 701 2040 folia
722 2010 869 2053 partem
891 1998 1083 2055 Epistolae
1100 1998 1283 2056 Origenis
1303 1998 1352 2040 ad
1374 1999 1599 2042 Africanum
1621 2005 1802 2048 exhibent

79 2054 150 2094 alia
170 2067 284 2096 manu
305 2055 489 2109 scriptam.

133 2111 197 2163 38.
228 2110 367 2151 Codex
397 2110 514 2151 Coisl.
547 2123 636 2151 200.
666 2109 776 2152 XIII.
805 2108 938 2162 seculi,
969 2112 1143 2153 continet
1169 2120 1293 2153 totum
1323 2108 1487 2153 Novum
1507 2111 1800 2158 Testamentum

77 2176 223 2218 praeter
242 2165 512 2220 Apocalypsin.
541 2165 652 2217 (nam
672 2167 712 2206 in
733 2167 924 2220 Catalogo
945 2166 1055 2221 hujus
1076 2167 1336 2207 Bibliothecae
1358 2168 1606 2223 Apocalypsis
1620 2185 1686 2224 per
1696 2186 1800 2212 erro-

76 2233 155 2259 rem
177 2232 247 2274 pro
268 2220 444 2274 Epistolis
464 2221 627 2261 Paulinis
649 2220 825 2275 ponitur)
857 2221 1002 2263 Desunt
1020 2223 1108 2262 hinc
1127 2221 1218 2262 inde
1237 2221 1328 2262 folia
1349 2222 1538 2275 quaedam
1553 2252 1562 2269 ,
1592 2238 1633 2266 ut
1647 2226 1795 2267 Matth-

75 2273 188 2316 XIV.
232 2288 292 2325 15.
331 2275 380 2315 ad
409 2275 502 2316 XV.
547 2289 607 2319 20.
641 2276 733 2317 XX.
780 2290 840 2323 14.
878 2276 927 2316 ad
960 2276 1075 2317 XXI.
1110 2289 1171 2325 27.
1201 2277 1321 2317 Marc.
1350 2277 1442 2319 XII.
1473 2291 1508 2331 3.
1537 2278 1587 2319 ad
1619 2280 1729 2321 XIII.
1760 2293 1799 2333 4.

74 2327 156 2368 Hic
183 2329 322 2370 Codex
351 2329 459 2370 dono
487 2330 612 2371 missus
641 2330 711 2371 fuit
741 2331 941 2372 Ludovico
963 2332 1033 2372 IX.
1063 2331 1273 2371 Galliarum
1302 2332 1426 2385 Regi,
1457 2344 1499 2373 ut
1521 2333 1638 2374 fidem
1656 2334 1798 2378 faciunt

74 2382 265 2438 sequentia
295 2385 406 2425 verba
436 2386 474 2424 in
507 2386 696 2439 principio
724 2386 915 2439 apposita:
945 2417 970 2436 „
1000 2385 1158 2437 Μιχαὴλ
1187 2385 1213 2424 ἐν
1245 2386 1366 2438 Χςιᾳῷ
1389 2386 1442 2435 τῷ
1462 2386 1534 2437 3εῷ
1564 2386 1676 2433 τις-ὂς
1695 2392 1798 2435 βασι-

74 2468 100 2489 ,‚
129 2437 205 2480 λεῦς
234 2435 293 2479 καὶ
324 2437 547 2492 ἂυτοκροίτως
579 2439 644 2479 τῶν
674 2440 830 2488 Ρωμαίων
849 2443 974 2482 Agim
995 2438 1173 2490 Ἀγγελος
1194 2438 1385 2487 Κομνηνὸςὸ
1416 2443 1686 2494 Παλαιὸλογος,
1716 2446 1796 2485 Mi-

74 2523 101 2544 „
130 2494 235 2534 chael
278 2495 317 2534 in
349 2495 506 2534 Christo
534 2496 622 2536 Deo
650 2494 771 2536 fidelis
803 2496 1014 2549 Imperator
1048 2501 1084 2536 &
1115 2496 1343 2536 Moderator
1367 2496 1635 2539 Rornanorum
1668 2500 1798 2541 Ducas

72 2574 99 2598 ‚‚
129 2549 298 2602 Angelus
325 2549 542 2590 Comninus
560 2550 783 2604 Paleologus
806 2554 843 2589 &
862 2552 984 2591 nobus
1006 2551 1284 2591 Constantinus
1313 2551 1458 2605 semper
1490 2554 1703 2607 Augustus,
1733 2556 1798 2596 Se-

72 2633 99 2654 „
128 2603 316 2644 reniffimo
348 2605 521 2644 Domino
552 2604 766 2646 Lodowico
797 2605 1035 2646 illustrissimo
1072 2606 1172 2660 Regi
1202 2605 1384 2646 Franciae
1416 2606 1580 2647 salutem.
1636 2609 1793 2650 Eltham

71 2685 98 2708 „
126 2658 252 2699 Alahu
283 2658 494 2712 Imperator
521 2658 789 2705 Tartarorum‚
820 2661 900 2713 ejus
931 2658 1027 2701 filius
1058 2660 1211 2700 Eltham
1243 2662 1428 2715 Apagan,
1459 2663 1525 2715 qui
1547 2662 1654 2702 duxit
1674 2664 1792 2705 filiam

70 2743 97 2763 ‚,
124 2713 301 2754 Mikaelis
328 2717 366 2752 &
394 2714 606 2767 baptizatus
637 2715 711 2764 est,
739 2729 760 2754 a
789 2715 824 2754 la
845 2715 964 2755 Curia
984 2716 1164 2756 Romana
1190 2719 1309 2764 1269.
1338 2717 1466 2769 itaque
1488 2717 1527 2756 in
1549 2718 1664 2758 estate
1686 2719 1790 2760 istius

72 2794 98 2818 ‚,
127 2770 216 2808 anni
248 2767 394 2809 fuerant
414 2768 463 2808 ad
489 2769 703 2810 Dominum
725 2770 899 2824 Regem,
931 2773 968 2809 δε
989 2771 1028 2809 in
1047 2770 1171 2810 hieme
1193 2770 1370 2823 sequente
1392 2772 1498 2811 venit
1518 2771 1609 2812 alius
1633 2775 1792 2814 nuncius

71 2852 98 2872 ‚,
125 2822 171 2862 ab
198 2822 336 2863 eodem
367 2823 535 2864 Mikaele
553 2823 602 2864 ad
624 2823 789 2864 eundem
812 2826 960 2878 Regem
973 2827 1005 2865 ''.
1059 2825 1104 2864 In
1126 2825 1197 2865 isto
1219 2824 1371 2865 Codice
1387 2823 1602 2879 frequentes
1623 2827 1790 2868 omissio-

70 2889 138 2916 nes
153 2878 348 2917 occasione
367 2877 536 2931 ejusdem
558 2879 686 2928 vocis,
715 2893 812 2933 quae
834 2880 873 2919 in
895 2879 1040 2920 duabus
1060 2879 1239 2933 deinceps
1277 2879 1444 2932 periodis
1464 2882 1704 2931 occurrebat,
1735 2883 1792 2922 in-

70 2931 259 2972 venimus:
288 2933 327 2971 in
346 2933 515 2986 margine
536 2932 619 2974 sunt
640 2934 730 2973 hinc
748 2934 837 2974 inde
857 2947 971 2974 notae
991 2935 1172 2979 Latinae,
1202 2934 1338 2988 quibus
1356 2934 1505 2976 Textus
1519 2936 1689 2976 Graecus
1699 2951 1786 2977 curn

70 2984 239 3026 versione
270 2986 402 3026 Latina
430 2999 689 3041 comparatur:
720 2988 844 3041 plures
871 2989 962 3029 item
990 2989 1245 3029 corre&iones
1264 2990 1303 3028 in
1323 2989 1491 3030 Graecis.
1548 2990 1692 3031 Nescio
1713 3006 1793 3045 quo

70 3038 191 3078 modo
212 3043 379 3091 pervenit
401 3043 440 3081 in
460 3056 593 3083 manus
615 3043 665 3083 D.
695 3044 746 3083 D.
774 3043 870 3084 Prez
892 3043 1044 3097 Savigni
1058 3075 1069 3093 ,
1090 3043 1256 3097 indeque
1277 3044 1316 3082 in
1340 3044 1616 3084 Bibliothecam
1636 3046 1790 3086 Parrum

73 3093 372 3134 Cadomenfium
391 3095 576 3138 societatis
597 3097 678 3150 Jesu
700 3100 764 3138 ΑΟ.
799 3103 918 3149 1640.
947 3098 1101 3139 tranfiit.
1133 3099 1183 3139 Et
1203 3097 1310 3151 quod
1330 3100 1530 3152 praecipue
1559 3113 1794 3139 commemo-

70 3147 229 3188 randum
259 3148 334 3200 est,
362 3149 436 3190 hoc
466 3151 606 3194 eodem
639 3152 789 3194 Codice
817 3154 869 3194 R.
900 3152 1121 3246 Stepganus
1142 3152 1228 3194 usus
1246 3153 1324 3203 est,
1353 3154 1392 3193 in
1414 3153 1521 3206 cujus
1538 3153 1707 3194 editione
1724 3152 1791 3193 sub

1008 3242 1011 3243 γ
1701 3218 1794 3247 nota
