1976 3519
140 217 222 255 '260‘

135 299 314 336 Philonem,
337 302 386 327 aut
396 293 582 336 Josephum,
607 301 656 325 aut
673 294 704 324 in
722 291 860 334 Targum
877 292 983 324 Onke-

135 342 181 373 los
197 365 208 382 ,
236 349 286 372 aut
312 340 343 370 in
365 337 473 369 Misna.
526 335 642 369 Verum
666 337 698 366 in
721 336 862 374 Thargum
884 336 983 377 Jona-

134 384 234 415 thanis
257 384 288 413 in
313 379 552 413 pentateuchum
575 381 635 420 ejus
653 378 686 409 fit
711 379 825 409 mentio
842 403 852 419 ‚
882 379 932 408 ubi
947 377 983 409 de

134 426 293 467 Proselytis
306 423 401 454 sermo
425 422 467 453 est
482 446 492 461 ,
535 423 631 453 Exod.
663 420 738 453 XII.
769 429 822 462 44.
851 421 982 452 circum-

133 468 214 499 cides
245 477 314 498 eum
338 466 372 497 &
398 465 563 507 baptizabis
582 474 663 496 eum.
715 463 859 506 Pqfizchim
884 467 929 494 Mi
943 476 981 494 na

132 509 215 542 VIII.
244 510 272 540 8.
315 508 381 550 Qii
406 507 570 549 Proselytus
595 507 689 539 faCtus
711 507 754 537 est
781 505 899 546 vespera
925 507 981 537 Pa-

132 553 237 584 schatis
252 565 263 592 3
294 551 402 583 domus
424 551 546 582 Sameae
563 550 654 581 dicit:
680 549 847 591 Baptizetur
865 549 899 579 δε
913 548 979 580 edat

132 595 245 627 Pascha
268 595 353 626 suum
378 594 498 635 vesperi.
547 592 712 624 Semachoth
736 591 835 633 Mifita
859 590 929 622 VII.
958 592 979 623 si

132 646 195 669 non
226 639 291 670 vult
325 636 387 668 fieri
417 636 562 679 proselyta
587 645 593 665 :
631 635 679 666 sed
704 634 725 665 si
750 634 816 666 vult
837 633 980 675 proselyta

131 680 211 722 fieri,
239 681 371 721 baptizat
396 689 479 718 eam,
506 680 540 711 &
565 678 732 709 libertatem
756 677 798 707 illi
817 676 927 716 donat,
945 677 979 707 ὅ(

130 722 230 755 statim
247 723 289 754 est
305 722 395 754 licita.
418 720 579 753 Cethuboth
590 719 687 762 Mifha
710 730 735 750 1.
759 729 789 749 2.
820 718 979 759 Jebamoth

129 764 152 796 f.
176 769 226 797 60.
247 775 278 798 2.
300 766 334 797 &
352 767 487 796 Piccurim
506 763 618 805 Hierofi
637 772 663 794 1.
684 763 808 793 nomine
824 760 865 792 R.
885 761 982 792 Sime-

130 808 198 838 onis
228 808 250 840 f.
277 807 407 849 Jochai,
437 805 614 848 Kiddufihin
639 806 662 836 f.
685 804 735 844 78.
766 814 793 835 ι.
812 805 930 835 mentio
947 803 981 835 fit

130 849 350 892 Proselytarum
361 875 372 891 ‚
400 849 475 881 infra
501 850 623 880 tertium
638 847 736 877 aetatis
754 855 866 877 annum
883 855 917 876 ac
935 845 981 876 di-

128 902 178 923 em
195 894 328 934 primum
345 892 374 922 in
393 892 543 933 gremium
560 890 709 921 Ecclesiae
722 887 863 926 judaicae
879 898 981 930 recep-

129 943 237 967 tarum.
280 934 421 965 Cetuboth
441 933 463 964 f.
489 943 535 964 11.
558 944 582 964 1.
611 948 677 954 —-
704 931 747 962 R.
769 930 902 961 Chunna
932 932 979 961 in-

126 974 717 1057 §32:202‘0351312‘2‘302²ats‘zlssnzss22‘iiss
719 972 979 1056 ‘izaipsf‘inssssssiissin

126 1061 162 1092 In
178 1063 264 1092 rebus
278 1070 377 1093 autem
392 1060 511 1092 homini
528 1060 691 1102 profuturis
707 1068 770 1088 non
797 1057 908 1098 semper
926 1067 976 1088 ex-

125 1104 247 1145 pectant
262 1106 323 1145 ejus
340 1102 524 1135 consensum.
549 1102 636 1133 Nota
650 1100 692 1133 est
702 1100 786 1131 thesis
796 1099 973 1134 Mischnica:

125 1147 282 1178 absolvunt
291 1146 447 1178 hominem
456 1147 545 1177 etiam
555 1143 748 1180 nescium‚sed
757 1152 819 1172 non
830 1142 974 1173 condem-

124 1198 196 1220 nant
212 1189 264 1220 nisi
280 1189 513 1220 conscium.——
535 1187 642 1218 Sermo
657 1187 688 1217 in
703 1196 741 1216 eo
750 1184 791 1215 est
800 1185 836 1215 de
847 1184 974 1226 prosely-

122 1239 176 1270 t0‚
199 1234 284 1273 cujus
307 1231 361 1262 filii
384 1231 517 1271 filiaeque
541 1229 627 1261 simul
654 1238 727 1260 cum
752 1237 789 1258 eo
805 1227 973 1268 accedunt,

123 1275 174 1314 qui
198 1276 229 1306 in
251 1284 289 1305 eo
310 1273 519 1314 acquiescunt,
558 1271 640 1313 quod
664 1272 735 1302 fecit
760 1278 859 1311 pater:
891 1271 973 1310 quod

122 1317 144 1347 si
168 1316 371 1354 adoleverint,
401 1314 521 1357 poffunt
544 1324 579 1346 ex
603 1314 740 1346 sententia
765 1312 835 1343 Rab
861 1311 974 1354 Joseph

122 1358 294 1400 abstergere.
323 1358 485 1398 Jebamoth
501 1356 612 1399 Hierofi
633 1356 656 1388 f.
677 1355 705 1386 8.
727 1366 758 1397 4.
779 1355 818 1387 R.
841 1354 974 1386 Ezechia

122 1401 211 1433 dicit:
235 1411 306 1433 ecce
325 1402 440 1432 invenit
457 1400 600 1431 infantem
619 1398 803 1439 expositum,
825 1397 859 1428 ὃ(
876 1398 974 1438 bapti-

125 1451 177 1475 zat
207 1454 278 1475 eum
309 1445 340 1475 in
369 1444 491 1474 nomine
515 1443 602 1474 servi.
642 1440 804 1471 Berachoth
820 1440 934 1481 Hieros
953 1439 974 1470 f.

121 1487 151 1518 6.
176 1495 203 1528 3.
226 1487 262 1518 In
278 1485 382 1518 diebus
398 1486 437 1517 R.
460 1484 565 1526 Josuae
583 1484 605 1515 f.
627 1483 705 1515 Levi
726 1483 974 1522 conatisunrqui-

122 1529 192 1559 darn
211 1530 354 1571 extirpare
371 1529 448 1559 hanc
467 1525 898 1566 immerfionem‚feminarurn
908 1524 973 1555 Ga-

121 1570 272 1602 lilaearum
289 1572 399 1613 gratia,
420 1580 457 1602 eo
474 1569 555 1610 quod
571 1569 636 1600 illae
655 1577 725 1609 prae
741 1567 850 1607 frigore
865 1567 974 1597 sterile-

118 1613 242 1645 scerent.
262 1618 330 1645 Sota
351 1614 373 1644 s.
399 1623 447 1644 12.
469 1622 500 1643 2.
521 1609 642 1648 Megilla
664 1610 686 1640 f.
712 1618 762 1649 13.
784 1618 810 1639 1.
842 1609 975 1649 Qando

119 1657 214 1687 Exod.
235 1656 273 1688 11.
298 1666 325 1696 5.
358 1655 416 1686 filia
437 1654 598 1686 Pharaonis
618 1650 795 1683 descendisse
818 1650 926 1682 dicitur
943 1653 974 1682 in

120 1698 233 1729 flumen
243 1722 253 1738 ‚
269 1707 302 1729 ut
319 1698 461 1729 lavaretur
472 1692 975 1735 ‚R.J0annesinquit,descendiffe

118 1749 184 1771 eam
192 1764 203 1781 ‚
210 1749 243 1771 ut
258 1741 285 1771 se
298 1740 428 1771 ablueret
435 1739 472 1769 ab
482 1737 670 1769 idololatrico
678 1736 761 1767 cultu
770 1733 877 1765 domus
886 1736 974 1775 patris

119 1783 170 1814 sui.
193 1782 275 1814 Philo
291 1781 328 1814 de
347 1783 409 1814 vita
425 1780 522 1813 Mofis
536 1780 580 1812 T.
600 1777 640 1810 II.
661 1788 692 1819 p.
704 1777 754 1815 82,
763 1782 920 1817 waima.
929 1778 975 1809 καὶ

118 1825 318 1909 atinati:
333 1819 973 1908 33:2⁶3.:ss³32:32*·..s⁶.?.‘s.⁵.i¹:.²ss..{;..z·..‡z

118 1911 150 1942 in
167 1910 269 1942 foedus
291 1910 345 1941 nisi
362 1919 416 1951 per
430 1907 713 1943 circumcisionem,
735 1904 918 1946 baptismum
935 1906 969 1936 δε

117 1953 264 1994 sanguinis
279 1952 474 1993 aspersionem
493 1969 560 1974 —-
579 1949 628 1981 sed
643 1947 805 1990 baptismus
814 1946 890 1978 unde
898 1957 969 1988 pro-

119 1995 228 2026 batur?
248 2003 284 2026 ex
302 1994 398 2024 Exad.
419 1992 545 2025 XXIV.
565 1992 595 2023 6.
616 1999 680 2022 non
696 1989 848 2021 enimhoc
857 1987 900 2019 est
909 1989 968 2021 fine

117 2037 276 2078 baptismo.
298 2037 410 2068 Avoda
426 2040 500 2067 Sara
515 2034 539 2066 f.
560 2043 610 2075 57.
634 2043 661 2064 1.
681 2033 722 2064 R.
743 2030 964 2072 Simif.Chaja:

117 2082 170 2119 qui
186 2080 238 2111 sibi
254 2087 409 2121 comparat
431 2078 528 2110 servos
542 2076 722 2117 egentibus,
743 2075 795 2115 qui
803 2075 967 2106 circumci-

118 2123 140 2154 si
156 2122 202 2154 sed
219 2132 283 2153 non
298 2121 440 2163 baptizati
457 2120 538 2158 sunt,
559 2127 610 2151 aut
626 2118 702 2149 filios
712 2116 885 2149 ancillarum
897 2118 967 2157 ,qui

119 2165 289 2196 circumcisi
307 2164 356 2195 sed
375 2174 438 2195 non
452 2161 598 2204 baptizati
612 2160 696 2201 sunt,
710 2159 969 2201 sputum&vesti-

117 2208 201 2247 glum
216 2216 322 2239 eorum
341 2207 372 2237 in
387 2206 480 2248 platea
503 2204 546 2236 est
562 2203 765 2234 immundum.
807 2202 841 2234 δε
857 2201 968 2234 Rabba

118 2249 162 2281 R.
184 2249 379 2289 Nachmani‚
400 2249 515 2280 faciunt
532 2247 638 2278 vinum
656 2244 867 2276 immundum:
891 2254 966 2276 con-

118 2299 162 2324 tra
178 2292 199 2324 fi
216 2292 385 2323 circumcisi
402 2291 436 2321 &
452 2289 594 2331 baptizati
609 2288 683 2320 sunt.
724 2287 765 2319 R.
787 2287 906 2318 Samuel
921 2287 968 2319 di-

117 2336 179 2373 xit,
197 2335 300 2366 dixisse
318 2334 361 2365 R.
382 2333 615 2364 Nachmanem:
644 2331 697 2371 qui
711 2330 821 2371 accipit
838 2329 967 2361 servosa

117 2377 273 2418 gentibus,
295 2376 406 2408 etiamsi
432 2374 603 2406 circumcisi
622 2374 656 2406 &
674 2373 818 2414 baptizati
838 2372 967 2414 fuerint,

117 2419 233 2451 faciunt
250 2421 355 2451 vinum
370 2418 526 2449 libaminis.
549 2416 585 2447 de
600 2415 740 2456 Repudiis
763 2439 770 2446 .
795 2438 804 2447 .
826 2438 834 2445 .
858 2413 966 2454 Jethro

117 2461 278 2505 proselytus
296 2461 391 2493 faetus
407 2460 450 2492 est
471 2459 698 2491 circumcisione
721 2458 755 2489 δε
780 2456 937 2498 baptismo.
960 2482 966 2489 .

119 2527 128 2534 .
150 2529 157 2535 .
178 2504 317 2546 proselyti
333 2513 396 2534 nori
415 2501 616 2544 ingrediuntur
634 2503 666 2532 in
681 2500 786 2531 foedus
803 2500 856 2530 nisi
871 2500 968 2531 tribus

119 2546 200 2577 hisce
216 2569 227 2587 ,
256 2545 508 2585 circumcisione,
524 2543 674 2586 baptismo
685 2569 696 2584 ,
716 2544 750 2575 ὃ(
760 2541 905 2573 sacrificio
916 2552 967 2584 pa-

119 2589 222 2621 cifico.
242 2588 416 2630 Kiddufiht'n
432 2588 454 2619 f.
475 2588 525 2618 62.
548 2597 576 2619 2.
599 2587 634 2618 &
652 2584 811 2626 Jebamoth
829 2585 850 2616 f.
873 2586 966 2624 46.2.

118 2631 287 2674 Proselytus
310 2631 403 2661 tribus
425 2629 511 2661 rebus
534 2639 609 2671 opus
625 2629 722 2660 habet.
765 2626 925 2667 Jebamoth
943 2627 964 2660 f.

118 2674 171 2713 46.
196 2683 224 2704 1.
245 2673 288 2705 R.
309 2672 388 2703 Chia
403 2671 425 2703 f.
447 2672 536 2703 Abba
551 2681 622 2703 cum
639 2671 717 2712 apud
727 2670 858 2702 Gablam
866 2669 964 2700 diver—

116 2715 209 2753 tisset,
232 2715 308 2747 vidit
323 2715 393 2746 filias
407 2714 599 2745 Israelitarum
615 2716 828 2754 impraegnatas
841 2711 967 2753 aprose-

117 2759 184 2800 lytis
201 2757 384 2790 circumcisis
399 2757 519 2798 quidem
534 2756 582 2788 sed
591 2766 655 2788 non
662 2756 890 2797 baptizatis—
898 2753 965 2785 Re-

118 2800 217 2833 versus
232 2800 268 2832 ad
283 2800 324 2832 R.
343 2799 534 2840 johannem,
555 2800 607 2840 qui
621 2800 648 2830 ei
664 2798 755 2830 dixit.
779 2796 918 2839 egredere
927 2806 963 2828 ac

116 2843 290 2885 proclama,
311 2841 389 2873 filios
414 2851 521 2872 eorum
544 2841 601 2872 esse
627 2841 741 2883 spurios
759 2858 825 2864 -—
841 2839 884 2871 R.
907 2840 964 2880 Jo-

115 2885 233 2918 chanan
256 2887 305 2928 (&
324 2883 435 2916 Avoda
444 2886 518 2914 Sara
534 2881 556 2914 f.
581 2892 631 2924 59,
653 2887 697 2926 5.)
718 2891 872 2922 nunquam
881 2883 963 2912 enim

115 2928 149 2958 in
171 2935 324 2960 aeternum
345 2927 448 2968 aliquis
470 2933 620 2968 reputatur
645 2925 807 2968 proselytus
825 2948 836 2964 ,
863 2923 963 2956 donec

117 2970 311 3002 circumcisus
325 2970 414 3001 etiam
431 2969 614 3010 baptizetur:
637 2978 708 2999 narn
723 2975 882 3008 antequam
891 2968 965 3008 bap-

116 3012 224 3044 tizatus
247 3013 355 3052 fuerit,
374 3010 541 3043 aestimatur
555 3010 735 3053 alienigena,
754 3010 779 3041 f.
800 3009 852 3049 46.
876 3018 906 3040 2.
928 3009 967 3040 de

115 3054 286 3097 baptizato,
309 3056 360 3096 qui
378 3063 441 3085 non
458 3052 650 3086 circumcisus
667 3052 726 3093 est,
746 3060 838 3083 nemo
857 3052 888 3082 in
903 3051 965 3083 hoc

116 3097 233 3129 mundo
254 3097 338 3130 litem
355 3103 475 3136 movet,
494 3106 555 3138 quo
567 3096 663 3127 minus
679 3095 714 3127 sit
728 3095 896 3137 legitimus,
919 3093 968 3125 sed

114 3141 263 3183 disputant
275 3140 312 3172 de
327 3139 526 3181 circumciso,
544 3139 597 3180 qui
620 3147 684 3169 non
707 3137 764 3170 fuit
788 3136 961 3177 baptizatus.

114 3181 180 3218 Pro
198 3193 238 3218 eo
262 3183 306 3226 R²
323 3182 431 3229 Elieser
454 3182 489 3215 ad
506 3187 600 3226 patres
624 3188 790 3224 provocat:
811 3178 855 3212 R.
872 3178 964 3220 Josua

555 210 1116 248 ΕΥΔΓΓΕΛ

1780 209 1851 253 111.

1025 300 1098 322 vero
1129 289 1309 330 baptismum
1335 297 1453 330 patrum
1474 289 1562 319 etiam
1586 291 1709 323 extitisse
1733 293 1872 327 affirmat.

1029 333 1121 364 Unde
1145 341 1214 363 nam
1234 332 1262 362 id
1278 332 1390 363 habet?
1411 342 1448 362 an
1465 332 1561 363 Exod.
1582 332 1675 364 XIX.
1701 344 1751 366 io.
1770 338 1809 370 ό·
1826 337 1871 367 la-

1026 383 1099 405 vent
1115 374 1206 416 vestes
1222 375 1303 416 βας.
1348 375 1380 406 Si
1407 376 1486 405 enim
1514 374 1672 415 baptismus
1699 379 1871 411 necessarius

1025 418 1087 459 est,
1112 418 1163 448 ubi
1181 417 1260 448 nulla
1277 418 1351 449 lotio
1367 418 1496 449 vestium
1512 418 1650 458 jubetur,
1670 429 1782 458 quanto
1807 433 1870 453 rna—

1023 461 1066 501 gis
1093 462 1146 491 erit
1170 460 1363 499 necessarius,
1384 461 1434 491 ubi
1457 460 1577 491 lotionis
1599 461 1726 491 vellium
1742 465 1870 504 expreffa

1022 503 1056 534 fit
1073 502 1206 534 mentio?
1222 522 1258 527 -—-
1266 502 1413 543 Sapientes
1423 501 1528 534 dicunt
1538 514 1544 534 :
1554 502 1717 544 baptizatus
1728 526 1738 542 ‚
1748 508 1798 546 qui
1807 517 1869 539 non

1023 544 1247 577 circumciditur
1257 569 1266 585 ,
1287 546 1319 576 &
1330 544 1522 577 circumcisus
1532 569 1541 584 ‚
1550 547 1601 586 qui
1613 556 1675 577 non
1685 546 1850 587 baptizatur
1859 572 1872 588 ‚

1023 597 1124 619 neuter
1141 587 1182 619 est
1194 587 1351 630 proselytus
1362 589 1459 620 donec
1469 589 1502 619 ὅ(
1513 587 1745 619 circumcidatur
1753 590 1786 621 &
1798 590 1871 632 bap-

1023 632 1138 662 tizetur.
1149 651 1172 655 --
1183 630 1316 670 R.Jose:
1331 631 1422 673 liquis
1432 632 1542 662 venerit
1551 631 1668 661 dicens:
1679 632 1872 666 circumcisus

1022 673 1143 713 sum,at
1160 683 1222 704 non
1241 674 1609 714 baptizatus‚curanteum
1621 675 1773 714 baptizari.
1782 675 1871 708 —-R.

1025 715 1098 751 luda
1113 716 1172 755 ait,
1192 717 1372 756 baptismum
1387 716 1443 747 effe
1459 716 1628 757 principale.
1649 736 1684 740 ---
1701 716 1742 747 R.
1760 717 1871 758 Oshaja

1023 758 1045 788 f.
1070 758 1111 788 R.
1135 758 1225 799 Cbija
1241 760 1397 790 accedenti
1412 758 1582 800 proselyto,
1604 760 1655 800 qui
1677 760 1869 792 circumcisus

1024 800 1144 840 quidem
1161 824 1171 840 ‚
1200 801 1247 832 sed
1265 811 1328 832 non
1344 802 1510 842 baptizatus
1526 810 1605 840 erat,
1626 801 1714 833 dixit:
1737 802 1869 842 exspecta

1025 843 1073 874 hic
1094 853 1182 884 usque
1199 844 1229 874 in
1245 843 1424 885 crastinum,
1442 845 1475 876 &
1496 845 1640 885 baptizari
1648 852 1676 874 te
1685 845 1867 877 curabimus.

1023 886 1043 916 f.
1066 895 1117 926 47.
1138 897 1167 917 2.
1188 896 1250 917 non
1269 887 1322 917 nisi
1347 885 1414 928 post
1430 886 1560 918 sanatum
1570 886 1804 918 circumcisionis
1813 888 1869 919 do-

1022 927 1118 959 iorem
1132 930 1377 970 baptizabantur,
1397 939 1434 959 eo
1450 928 1533 968 quod
1549 938 1638 968 aquae
1653 928 1766 960 vulneri
1775 929 1866 963 effent

1024 973 1138 1002 noxiae.
1160 972 1180 1002 f.
1206 981 1253 1011 71.
1281 982 1306 1002 1.
1328 972 1510 1013 proselytu8‚
1530 972 1580 1010 qui
1596 971 1787 1003 circumcisus
1805 973 1865 1014 est,

1022 1012 1070 1044 sed
1098 1024 1160 1046 non
1190 1014 1379 1055 baptizatus?
1406 1014 1492 1045 Dixit
1514 1013 1556 1043 R.
1582 1013 1650 1043 Asc:
1677 1013 1820 1046 Traditur
1835 1027 1867 1047 a-

1019 1065 1101 1096 perte
1116 1058 1327 1097 ,circumcisos
1346 1056 1644 1096 fuiffe&baptizatos
1656 1055 1689 1086 &
1701 1056 1799 1087 feciffe
1809 1058 1867 1088 Pa-

1017 1097 1087 1129 scha
1111 1101 1142 1130 in
1168 1099 1321 1130 munditie.
1351 1099 1400 1140 78.
1434 1108 1460 1129 1.
1490 1097 1620 1128 Etbnica
1647 1097 1668 1128 si
1687 1098 1866 1140 proselytiffa

1017 1140 1095 1171 faeta
1111 1142 1144 1173 sit
1154 1165 1163 1180 ‚
1186 1152 1257 1172 cum
1267 1145 1331 1183 jam
1349 1141 1391 1172 est
1405 1140 1543 1182 gravida,
1566 1140 1639 1171 filius
1657 1150 1719 1170 non
1729 1150 1803 1181 opus
1812 1143 1866 1174 ha-

1018 1182 1066 1213 bet
1092 1184 1248 1225 baptismo.
1294 1204 1359 1209 —-
1405 1193 1468 1215 non
1495 1184 1647 1223 baptizant
1683 1184 1866 1225 proselytum

1017 1225 1123 1256 nodku.
1165 1226 1328 1257 Berachoth
1359 1226 1381 1257 f.
1404 1236 1456 1267 47.
1476 1236 1505 1255 2.
1527 1224 1607 1255 Non
1624 1224 1759 1256 indicunt
1776 1228 1866 1259 bene-

1016 1267 1181 1300 distionem
1197 1270 1385 1311 alienigenae.
1403 1269 1521 1299 TeXtus
1535 1267 1579 1298 est
1598 1267 1636 1298 de
1653 1268 1798 1310 proselyto
1807 1271 1868 1302 cii·-

1018 1311 1153 1342 curnciso
1176 1311 1223 1342 sed
1241 1322 1303 1342 non
1320 1312 1482 1352 baptizato.
1524 1310 1612 1341 Dixit
1627 1311 1716 1341 etiam
1742 1313 1781 1342 R.
1807 1311 1862 1344 Es-

1018 1363 1048 1384 ra
1059 1378 1069 1394 ,
1083 1353 1184 1384 dixisse
1198 1354 1385 1394 Johannem:
1409 1355 1439 1384 in
1463 1361 1614 1384 aeternum
1629 1353 1790 1394 proselytus
1802 1364 1866 1387 non

1017 1395 1079 1435 est,
1100 1397 1152 1427 nisi
1176 1397 1210 1428 sit
1227 1398 1261 1428 &
1288 1396 1478 1428 circumcisus
1507 1396 1541 1427 &
1567 1396 1738 1436 baptizatus
1783 1396 1864 1428 Non

1017 1438 1202 1480 baptizatus,
1223 1438 1264 1469 est
1288 1439 1456 1480 alienigena.
1498 1438 1663 1479 Bereschith
1690 1441 1724 1468 R.
1747 1437 1864 1473 XLIII.

1017 1480 1061 1514 R.
1086 1481 1186 1520 Jodan
1213 1482 1303 1512 dixit:
1326 1484 1406 1513 viros
1430 1481 1464 1511 &
1490 1480 1627 1511 mulieres
1642 1481 1775 1521 reduxit,
1797 1492 1864 1523 par-

1018 1524 1104 1554 vulos
1130 1534 1191 1554 non
1207 1524 1337 1557 reduxit:
1361 1523 1499 1554 steterunt
1515 1523 1547 1553 δε
1558 1522 1698 1564 proselyti
1706 1523 1776 1554 iacti
1786 1524 1862 1566 sunt,

1018 1567 1053 1597 ὃς
1070 1565 1252 1605 collegerunt
1263 1567 1454 1607 turpitudines
1465 1574 1582 1606 patrum
1590 1564 1722 1596 suorum.
1742 1565 1863 1598 XLVI.

1018 1610 1070 1648 qui
1095 1609 1167 1639 emit
1192 1607 1306 1639 foetum
1329 1609 1453 1639 ancillae
1476 1606 1610 1647 gentiliS,
1639 1607 1678 1639 R.
1705 1608 1863 1648 Jochanan'

1017 1651 1106 1684 dixit:
1134 1650 1332 1682 circumcidat
1356 1650 1403 1681 die
1438 1649 1558 1680 οξὶεινο.
1607 1650 1687 1680 Ruth
1717 1653 1752 1681 R.
1778 1661 1804 1683 1.
1828 1662 1861 1692 4.

1016 1693 1158 1724 Traditio
1174 1693 1298 1723 nomine
1313 1693 1354 1723 R.
1375 1692 1473 1723 Meir:
1498 1691 1577 1722 Non
1593 1691 1706 1723 faciunt
1729 1694 1863 1736 prosely-

1017 1743 1083 1766 tum
1098 1744 1195 1775 neque
1210 1735 1364 1775 baptizant
1382 1735 1610 1774 Ammonstam,
1632 1735 1679 1766 sed
1695 1734 1860 1768 Ammoni.

1015 1777 1117 1809 tidem.
1159 1777 1320 1808 Tanchuma
1335 1777 1358 1809 f.
1381 1776 1492 1807 180.1.
1516 1777 1775 1809 duxeruntuxores
1784 1779 1863 1812 Mo·-

1014 1820 1157 1862 abitides‚
1178 1830 1248 1861 quas
1265 1829 1321 1851 nec
1336 1820 1558 1861 baptizaverant
1577 1829 1634 1850 nec
1649 1820 1806 1862 proselytas
1814 1812 1863 1854 fe-¹

1015 1871 1127 1894 cerant.
1170 1863 1311 1893 Mechilta
1333 1863 1354 1894 f.
1379 1871 1425 1902 15.
1451 1872 1477 1892 1.
1499 1861 1535 1893 ad
1559 1863 1619 1893 Ex.
1640 1861 1714 1894 XII.
1737 1864 1789 1903 48.
1817 1865 1861 1898 R.

1013 1905 1138 1937 Nathan
1153 1905 1243 1936 dixit:
1266 1915 1330 1937 non
1347 1905 1421 1936 dixit
1436 1904 1567 1943 Tenus,
1591 1906 1798 1936 circumcidetur
1815 1910 1859 1950 ei,-

1011 1948 1065 1978 nisi
1082 1955 1114 1978 ut
1127 1947 1253 1979 adducat
1268 1947 1385 1979 servum
1401 1948 1584 1988 baptizatum
1608 1956 1675 1979 ante
1698 1947 1860 1982 dominum

1011 1989 1115 2031 suurn,
1137 1992 1172 2023 δε
1185 1998 1267 2021 exeat
1282 1991 1366 2021 liber.
1389 1989 1516 2021 Factum
1532 1991 1563 2020 iri
1580 1989 1714 2030 Beluria,
1734 2002 1767 2023 ur
1785 1993 1861 2034 bap-¹

1009 2034 1135 2067 tizarent
1166 2041 1279 2075 partem
1310 2032 1484 2064 ancillarum
1514 2040 1581 2064 ante
1610 2032 1767 2065 dominam
1780 2058 1792 2074 ,
1820 2036 1857 2068 δε

1009 2085 1125 2117 partem
1143 2075 1211 2117 post
1239 2085 1317 2107 eam.
1360 2075 1467 2107 Delata
1489 2075 1533 2105 est
1557 2085 1600 2106 res
1628 2075 1664 2106 ad
1687 2077 1860 2120 Sapientesg

1010 2119 1062 2160 qui
1078 2117 1304 2159 responderunt:
1329 2118 1492 2159 baptizatas
1507 2125 1576 2148 ante
1592 2127 1656 2150 eam
1674 2118 1857 2157 esseliberas5

1011 2160 1079 2202 post
1095 2170 1160 2192 eam
1177 2160 1316 2202 ancillas;
1338 2162 1371 2193 &
1389 2160 1549 2192 servierunt
1568 2162 1595 2192 ei
1608 2161 1805 2195 nihilominus
1818 2162 1857 2196 ad

1009 2203 1090 2234 diem
1106 2204 1212 2236 mortis
1226 2205 1300 2244 ejus.
1856 2200 1858 2202 ’

1048 2246 1263 2286 ἐξομολογέμιενοι
1289 2245 1336 2280 τὀις
1359 2248 1492 2286 &phausia-125
1514 2247 1615 2288 οιῦτόν]
1637 2246 1716 2279 Plut.
1748 2247 1857 2282 Numi

1008 2298 1041 2330 p.
1065 2297 1114 2328 71.
1142 2290 1178 2320 A.
1201 2291 1323 2328 Ρωμιύλου
1338 2288 1375 2328 fnit
1393 2288 1546 2325 βκληθίντος
1562 2290 1814 2327 ἐξομολογήσασθαι
1829 2310 1855 2317 -

1009 2330 1047 2363 ‘ritu
1078 2331 1204 2371 ἀφαίρεσιν
1231 2335 1264 2361 τὲ
1287 2330 1410 2371 ἀλλοτρῖε
1434 2341 1465 2373 p.
1488 2331 1537 2367 76.
1558 2330 1592 2361 F.
1613 2332 1642 2361 ‘ti'
1665 2332 1858 2373 δὶσκοιρτέρητη

1007 2373 1212 2413 ἓξομιολονεμιένη
1238 2377 1279 2407 τῖῖς
1306 2373 1430 2406 κοινωνίας.
1469 2371 1626 2405 CorIOlan.
1656 2385 1688 2416 p,
1718 2384 1788 2415 215.
1811 2375 1853 2407 C.

1008 2419 1074 2446 τέτο
1098 2416 1125 2446 δ’
1141 2418 1234 2454 οὶμιέλει
1252 2415 1298 2446 καὶ
1315 2416 1353 2445 τὶν
1366 2415 1531 2455 ἐπαμινοῆνέαν
1558 2425 1636 2453 φασιν
1661 2418 1854 2455 ἐξομολογῆσιι·

1010 2462 1079 2488 σθαι
1106 2459 1135 2488 τὶ
1160 2458 1248 2492 πάθος.
1288 2457 1405 2489 Anton.
1425 2467 1499 2500 943.
1522 2457 1567 2490 D.
1588 2462 1674 2494 κοιλῦς
1689 2460 1737 2495 ’ἔφη
1752 2461 1855 2494 πεποίη-

1010 2515 1057 2534 κας
1070 2525 1077 2535 ,
1100 2500 1119 2531 ἆ
1135 2502 1239 2539 Γεμίνιε,
1254 2499 1293 2533 τὶν
1316 2501 1434 2532 ἀλήθειαν
1457 2500 1510 2530 ἀἰνευ
1526 2501 1642 2536 βασάνων
1656 2503 1853 2541 ἔξομιολογηνάο

1008 2557 1084 2581 μενος.
1123 2542 1267 2574 Heliodor.
1290 2542 1350 2574 JX.
1376 2553 1425 2574 12.
1451 2541 1489 2575 ‘rili
1511 2544 1602 2573 πάλαι
1624 2544 1718 2575 ἵκεο-ἶσον
1741 2546 1856 2576 ἱππεύειν

1008 2586 1087 2619 adriae
1098 2609 1104 2620 ,
1127 2586 1171 2616 καὶ
1195 2591 1224 2619 εἰς
1240 2587 1268 2616 τὶ
1284 2585 1403 2619 παντελὲς
1418 2588 1636 2625 ἐξομολογεῖσθαι
1652 2589 1746 2621 διηθεῖς.
1785 2589 1852 2618 Lu-

1009 2631 1105 2659 cianus
1130 2628 1273 2660 HermOt.
1300 2637 1349 2668 75.
1372 2631 1464 2658 ὅκνέσιν
1488 2628 1623 2667 οἰνωςρέφειν
1640 2653 1648 2664 ‚
1676 2629 1815 2669 ἁῶοὖμισοι
1829 2634 1855 2661 ἐπ’

1007 2671 1085 2702 derio-ec
1107 2673 1258 2704 τηλικούτες
1272 2671 1350 2704 aar&
1364 2669 1435 2703 ὃΙντ-οις
1449 2671 1700 2708 &mazovia-assai
1716 2671 1755 2701 δ’τι
1769 2673 1852 2712 πράγ-

1008 2726 1088 2750 ματα
1105 2713 1200 2743 valam
1212 2714 1308 2750 ’ἔχοντες
1315 2717 1340 2742 οὖ
1349 2712 1466 2742 συνίειν-οιν-
1474 2712 1618 2743 confeffio
1628 2722 1725 2745 autem
1733 2716 1857 2756 erroris,-

1008 2755 1149 2797 profeffio
1165 2754 1207 2785 est
1224 2753 1371 2786 definendi
1390 2752 1488 2784 Hilar.
1506 2757 1536 2783 in
1552 2753 1656 2795 Psalm.
1674 2754 1850 2789 CXXXV.

1010 2807 1039 2829 1.
1060 2796 1266 2830 CXXXVII.
1293 2807 1319 2827 1.
1341 2799 1465 2827 Arrian.
1488 2796 1572 2828 Alex.
1615 2797 1687 2829 VII.
1703 2808 1754 2839 29.
1775 2799 1854 2830 &aab

1006 2840 1170 2879 μετοιγνὸνοιί
1181 2853 1224 2873 τε,
1245 2839 1286 2876 ἐφ’
1299 2838 1331 2872 οἷς
1347 2839 1555 2877 ἐπλημμέλησεν,
1576 2839 1638 2878 μόνᾳ
1647 2840 1701 2872 essa
1708 2845 1754 2871 τοῖν
1761 2843 1852 2872 πάλας

1005 2883 1132 2919 βασιλέων
1143 2882 1277 2920 ἁλεξῖινδῇῳ
1293 2882 1397 2921 ὑπάρξαι
1413 2882 1456 2911 ὑπο
1474 2884 1644 2916 vmacciar-04.
1686 2889 1721 2914 Οἱ
1736 2884 1762 2914 δὲ
1780 2893 1849 2914 πολ-

1007 2924 1048 2955 λοὶ
1059 2949 1067 2959 ,
1089 2929 1111 2955 εἰ
1131 2927 1185 2955 καί
1202 2940 1229 2955 τι
1244 2924 1354 2960 ’ἔγνωσαν
1369 2924 1622 2962 πλημμελήσαντες,
1644 2930 1667 2956 οἱ
1683 2926 1709 2956 δὲ
1723 2930 1759 2956 τὸ
1775 2941 1851 2966 προη-

1008 2972 1082 3008 γορεῖν
1107 2970 1175 2997 aria-3
1185 2991 1192 3001 ,
1215 2968 1245 3001 ὣς
1261 2969 1348 2999 καλῶς
1363 2964 1391 2998 Ji
1407 2967 1583 3005 πραχθέντος,
1605 2958 1851 3007 ἔπιηύψεινιόΙιοντ-αε

1009 3009 1048 3042 τὴν
1071 3011 1214 3049 ἁμαρτίαν,
1239 3014 1320 3042 κακῶς
1335 3008 1522 3045 wyrda-norum
1560 3010 1626 3042 Mo'rn
1640 3010 1692 3051 γὶιξ
1707 3012 1793 3050 {suffire
1807 3011 1850 3041 8¹0-

1009 3057 1053 3083 κεῒ
1073 3053 1143 3086 iao-ig
1168 3052 1315 3091 ἁμαρτίας,
1337 3055 1469 3090 ὁμολογεῖν
1492 3066 1519 3081 τε
1534 3052 1700 3093 ἄμοιρα-ὅποι,
1720 3054 1766 3083 nai
1778 3053 1850 3084 clim

1009 3094 1067 3126 εῗνοιι
1081 3094 1120 3124 ἐπ’
1136 3098 1206 3132 αὐτῷ’
1221 3094 1458 3133 μεταγινῶωιοιτοι·
1488 3095 1518 3128 ὣς
1533 3099 1583 3128 τοῖς
1603 3097 1712 3127 nasica
1726 3110 1752 3126 τι
1768 3094 1849 3134 ἔχιμ

1011 3139 1028 3167 n'
1058 3135 1138 3167 varri
1160 3136 1269 3174 χαλεπὴ
1295 3136 1330 3167 τοι
1351 3137 1507 3174 casilinum
1523 3137 1673 3176 φαινέμειοι,
1694 3142 1738 3169 εἰό
1753 3137 1853 3177 „ipio-uc

1006 3179 1071 3211 αὐτὶ
1096 3179 1250 3223 ξυγχωροῖῃ,
1272 3179 1312 3212 ’ὅτι
1334 3181 1350 3210 τ’
1376 3179 1449 3210 καλὲ
1471 3179 1574 3221 {ripae-v.
1593 3185 1663 3219 αὐτᾷ
1682 3183 1803 3213 rra-mis
1818 3180 1849 3209 τὶ

1782 3221 1849 3259 μέλ-

1175 211 1375 251 nois
