1976 3519
135 205 216 246 ιω,
489 194 1496 243 PRoLEooMENA;

133 279 315 320 diderunt
343 279 439 321 orbi.
466 280 517 320 Et
536 278 562 320 fi
585 292 768 335 pergant,
796 283 991 337 probabile
1009 283 1063 324 est
1082 284 1154 325 illis
1174 286 1372 326 imminere
1400 286 1613 341 supremum
1641 289 1770 333 fatum.
1798 315 1864 326 ----

135 334 312 375 Mundus
340 333 513 387 resipuit,
542 333 674 376 deludi
695 335 789 377 fucis
809 338 1012 391 puerilibus
1038 337 1179 380 diutius
1206 353 1286 380 non
1315 342 1449 394 potest.
1481 365 1547 374 ----
1577 345 1738 398 Qianto
1769 347 1863 388 haec

135 389 325 428 divinatio
345 389 578 443 probabilior
595 390 650 431 est
669 392 892 432 ariolatione
914 391 1085 434 Sutoris?

192 443 243 483 Et
271 456 308 496 p.
340 447 434 494 614.
463 443 540 484 Sed
567 445 713 486 variant
739 450 778 486 «Sc
804 447 944 488 Graeci
973 447 1166 498 Codices,
1196 462 1267 490 nec
1287 461 1416 491 carent
1437 452 1596 494 mendis.
1625 454 1738 496 Nihil
1759 469 1862 499 vetat

134 511 181 538 ex
209 497 365 539 diversis
394 499 667 552 exemplaribus
696 501 933 542 Graecorum
961 532 974 552 ,
1015 516 1113 557 quae
1141 515 1268 544 tamen
1300 519 1381 545 non
1411 520 1682 563 usquequaque
1710 524 1863 553 careant

135 552 308 603 mendis,
336 553 527 595 restituere
551 554 738 608 quaedam
769 555 810 595 in
837 557 995 603 nostris,
1024 557 1182 611 quando
1211 558 1384 600 videmus
1401 564 1440 600 &
1460 562 1613 604 Sutores
1634 580 1680 605 ex
1702 569 1861 620 pannis,

134 621 234 661 quos
261 607 442 649 excidunt
462 622 510 649 ex
529 609 692 650 vestibus
711 623 791 650 non
821 612 928 651 omni
957 626 1003 652 ex
1024 624 1131 666 parte
1151 614 1330 668 integris,
1358 615 1538 659 consuere
1567 632 1772 663 centonem
1800 625 1861 664 in-

134 673 173 703 te
202 677 295 703 rum.
1039 701 1048 710 .

174 677 338 758 gMultas
357 716 468 771 hujus
486 719 832 772 argumentationes
848 732 1042 774 praetereo
1063 720 1240 775 prudens.
1271 725 1470 778 Quoniam
1492 739 1616 770 autem
1646 730 1862 786 frequenter

137 772 249 812 nobis
269 773 456 827 obgannit
476 773 631 823 vitium,
662 773 881 823 falsitatem,
912 777 1076 818 maculas
1099 780 1137 815 Sc
1160 791 1271 831 rugas
1291 779 1332 818 in
1352 780 1493 822 divinis
1510 783 1635 835 libris,
1666 800 1781 828 nemo
1812 788 1876 828 fic*

138 827 299 878 insanit,
329 839 371 868 ut
389 827 544 882 Spiritui
563 828 703 868 Saneto
723 840 788 869 aut
807 828 1011 884 Prophetis
1027 843 1092 871 aut
1111 831 1361 885 Evangelistis
1379 836 1516 878 tribuat
1547 839 1766 891 falfitatein·,
1798 843 1863 884 sed

137 881 220 923 fieri
241 882 387 935 potest,
417 893 459 923 ut
479 883 683 936 interpres,
712 895 755 923 ut
774 883 890 925 scriba
907 886 1052 926 labatur
1073 886 1208 927 alicubi
1221 917 1232 936 ,
1262 887 1338 929 sine
1358 889 1590 933 detrimento
1609 898 1712 949 gravi
1746 899 1863 940 totius

138 936 335 977 Ecclefiae.
364 937 414 977 Et
432 937 499 976 iste
518 948 703 991 perpetuo
723 936 774 979 fic
794 938 980 993 loquitur,
1013 940 1117 994 quasi
1140 942 1342 997 quisquam
1367 944 1551 988 divinitus
1579 948 1708 992 datam
1739 953 1866 1009 Scrip-

139 1002 260 1032 turam
277 1002 408 1045 arguat
424 989 600 1032 falfitatis.

192 1046 399 1086 Caeterum
426 1045 533 1099 quod
559 1046 672 1087 toties
701 1060 924 1104 exaggerat,
953 1050 1083 1091 omnia
1111 1065 1308 1103 corruere,
1337 1054 1363 1094 fi
1392 1056 1476 1110 quis
1495 1056 1641 1101 dubitet
1669 1061 1719 1103 de
1741 1064 1866 1106 scribis

139 1112 204 1141 aut
224 1100 510 1154 interpretibus,
540 1102 783 1143 autoritatem
802 1105 1099 1158 scripturarum,
1131 1106 1270 1154 fidem,
1300 1110 1515 1162 caritatem,
1545 1116 1736 1157 ecclefiam
1758 1150 1769 1169 ‚
1800 1135 1865 1160 au-

138 1155 333 1196 toritatem
363 1154 609 1209 Synodorum
629 1187 640 1206 ‚
667 1157 900 1200 Pontificum
918 1190 930 1210 ,
957 1173 1129 1201 veterum
1162 1162 1484 1207 orthodoxorum
1504 1201 1514 1217 ‚
1544 1169 1865 1224 Tlieologorum5

140 1210 258 1251 simile
287 1210 473 1264 quiddam
501 1211 598 1252 mihi
624 1210 746 1253 facere
774 1212 924 1255 videtur
953 1215 1090 1266 Sutor,
1118 1221 1230 1270 quale
1258 1217 1348 1259 fecit
1373 1221 1405 1260 is
1422 1252 1434 1270 ,
1464 1224 1529 1275 qui
1558 1224 1641 1266 lufit
1666 1217 1867 1270 barracho-

139 1265 445 1319 myomachiam,
474 1266 542 1320 qui
570 1266 621 1307 ob
651 1266 853 1309 ridiculum
881 1270 1104 1311 concursum
1131 1285 1306 1313 ranarum
1333 1288 1377 1314 ac
1405 1289 1554 1317 murum
1591 1279 1701 1331 fingit
1731 1298 1867 1326 omncs

141 1320 237 1361 deos
264 1324 302 1360 ὃ(
332 1319 422 1361 deas
452 1335 590 1374 cogere
613 1322 817 1362 concilium
837 1353 848 1373 ‚
887 1338 931 1364 ac
959 1324 1196 1366 discordibus
1223 1327 1354 1369 studiis
1381 1330 1478 1371 inter
1508 1333 1608 1386 ipsos
1638 1326 1868 1392 disceptare,

141 1389 266 1429 neque
287 1388 456 1429 unquam
477 1375 595 1416 finem
611 1375 777 1418 futurum
800 1376 926 1429 fuiffe,
954 1379 1022 1420 nisi
1036 1380 1188 1434 Jupiter
1206 1381 1272 1423 suo
1301 1382 1460 1427 fulmine
1489 1389 1671 1441 praelium
1698 1393 1868 1434 diremis-

140 1429 204 1472 set.
226 1429 317 1484 Jam
338 1441 398 1470 tot
418 1431 528 1471 annis
544 1432 675 1473 teritur
694 1433 869 1474 omnium
888 1435 1062 1475 manibus
1080 1449 1165 1476 mea
1184 1437 1306 1478 versio
1327 1469 1339 1488 ,
1375 1454 1424 1481 ne
1450 1443 1575 1483 musca
1603 1446 1758 1498 quidem
1793 1450 1868 1490 ulla

141 1484 319 1526 moviss‘et
338 1485 542 1536 tumultus,
573 1486 643 1527 nisi
664 1486 812 1528 rabulae
831 1488 988 1542 quidam
1006 1488 1155 1531 indocti
1171 1492 1279 1544 juxta
1300 1507 1343 1534 ac
1359 1494 1502 1549 stupidi
1520 1497 1694 1542 seditiose
1718 1503 1870 1545 clamas-

141 1539 223 1581 sent
244 1539 347 1594 apud
364 1540 572 1595 populum,
601 1541 651 1582 ad
671 1555 786 1596 quem
809 1542 902 1584 haec
923 1558 981 1585 res
1001 1544 1096 1584 nihil
1115 1547 1260 1588 attinet.

197 1596 248 1636 Et
280 1595 307 1635 si
332 1609 462 1636 revera
489 1607 639 1638 tantum
669 1595 761 1637 esset
787 1598 963 1652 periculi,
991 1611 1177 1652 quantum
1198 1602 1322 1644 verbis
1342 1618 1544 1661 exaggerat
1560 1609 1694 1662 Sutor,
1726 1627 1807 1655 non
1827 1615 1869 1656 in

141 1664 209 1692 eos
230 1649 473 1691 saeviendum
500 1662 600 1701 erat,
629 1652 696 1705 qui
716 1665 788 1705 pro
808 1652 871 1693 sua
888 1654 988 1694 virili
1006 1654 1207 1697 consulunt
1224 1657 1427 1702 sinceritati
1452 1662 1605 1705 divinae
1633 1666 1869 1721 Scripturae,

140 1704 209 1747 sed
238 1705 278 1745 in
307 1704 478 1745 librarios
509 1706 637 1759 potius
656 1709 695 1745 &
716 1706 876 1757 sciolos,
904 1709 971 1762 qui
991 1708 1202 1763 depravant
1223 1711 1358 1764 libros,
1388 1717 1524 1768 quibus
1544 1719 1660 1763 utitur
1688 1723 1779 1763 ritus
1799 1725 1872 1765 Ec-

142 1759 373 1801 clefiasticus.
403 1759 480 1799 His
497 1770 576 1800 erat
603 1758 759 1800 ferenda
779 1761 861 1811 lex,
875 1775 924 1803 ne
942 1763 1027 1817 quis
1046 1762 1271 1806 describeret
1287 1767 1410 1813 sacros
1428 1771 1564 1823 libros,
1587 1775 1653 1815 nisi
1677 1776 1726 1817 ad
1746 1792 1873 1820 exem-

143 1815 225 1870 plar
251 1813 474 1869 probatum,
505 1817 565 1864 &,
595 1814 704 1869 quod
730 1814 946 1870 scripfisset,
976 1817 1149 1874 religiosa
1169 1819 1366 1875 diligentia
1385 1826 1585 1868 conferret.
1615 1829 1722 1872 Idem
1750 1834 1873 1875 multo

143 1870 264 1924 magis
284 1869 404 1923 magis
424 1869 753 1923 praescribendum
771 1882 852 1912 erat
870 1874 1132 1929 typographis.
1158 1874 1275 1916 Hanc
1296 1877 1456 1922 decebat
1473 1881 1547 1924 esse
1569 1898 1695 1926 curam
1718 1888 1874 1942 Episco-

136 1938 283 1980 porum
301 1939 345 1964 ac
363 1924 595 1978 Principum.

202 1980 354 2041 Contra
374 1977 472 2040 [ἴῃς.
497 1978 718 2041 Δατοηηινῃ.
747 1994 784 2035 p.
811 1994 874 2034 75.
903 1982 1027 2037 Qiod
1048 1983 1074 2024 fi
1098 1986 1183 2044 quis
1201 1985 1291 2028 ideo
1318 1989 1415 2031 nolit
1433 1991 1576 2046 aliquid
1595 1997 1733 2050 corrigi
1754 1998 1793 2038 in
1814 1999 1872 2041 di·-

141 2034 247 2075 vvinis
276 2032 552 2079 voluminibus,
582 2048 633 2075 ne
652 2034 826 2076 videatur
844 2050 1004 2091 usquam
1027 2039 1161 2081 errasse
1181 2041 1343 2083 Ecclefia
1357 2071 1367 2090 ‚
1398 2046 1429 2085 is
1449 2048 1542 2087 mihi
1564 2041 1788 2104 respondeat
1809 2069 1872 2095 ve-

146 2090 232 2130 lim:
265 2087 427 2129 Ecclesia
458 2087 620 2129 habebat
647 2089 859 2132 editionem
889 2092 944 2132 N.
973 2093 1023 2134 T.
1053 2105 1257 2149 antequam
1285 2100 1504 2143 emendaret
1529 2103 1801 2162 Hieronymus.
1831 2110 1872 2150 Si

146 2145 187 2185 in
216 2144 343 2198 priore
363 2143 534 2184 editione
565 2144 661 2184 nihil
690 2157 770 2186 erat
797 2147 954 2193 erroris,
983 2162 1049 2189 cur
1080 2150 1263 2193 Damasus
1288 2153 1396 2206 jubet
1427 2158 1657 2200 emendari?
1688 2162 1739 2202 sin
1767 2177 1869 2215 erat,

139 2198 391 2253 ‚consequitur
409 2197 615 2239 Ecclesiam
632 2200 710 2251 uti,
740 2214 820 2255 quo
839 2201 951 2256 possit
971 2202 1045 2244 esst:
1064 2205 1219 2257 melius,
1249 2220 1298 2248 ne
1317 2209 1410 2262 quid
1433 2211 1482 2252 de
1507 2227 1633 2255 errore
1662 2216 1796 2271 loquar
1823 2242 1873 2252 --

147 2253 243 2309 quid
263 2263 366 2294 vetat
386 2252 457 2293 hac
475 2253 590 2294 etiam
610 2254 650 2293 in
672 2266 778 2308 parte
795 2268 964 2298 veterum
993 2258 1200 2301 eruditioni
1228 2264 1406 2304 nonnihil
1426 2267 1632 2310 accedere?
1659 2271 1748 2312 Nec
1766 2275 1871 2315 enim

148 2308 320 2364 quisquis
348 2307 426 2348 hoc
458 2309 557 2362 agit,
589 2309 778 2363 quaelibet
798 2310 962 2366 sequitur
981 2314 1228 2368 exemplaria,
1258 2331 1329 2359 nec
1348 2321 1413 2360 uni
1436 2321 1522 2362 fidit
1542 2323 1706 2371 Codici,
1738 2327 1800 2368 sed
1830 2330 1871 2370 in

148 2364 208 2405 his
230 2363 361 2404 habito
379 2361 527 2404 delectu
551 2377 631 2404 non
653 2374 799 2405 tantum
819 2366 904 2407 fidit
920 2367 1114 2410 collationi
1133 2370 1329 2414 Codicum
1342 2401 1354 2420 ,
1382 2374 1446 2415 sed
1467 2373 1718 2433 circumspicit
1736 2413 1747 2432 ,
1777 2383 1872 2437 quid

147 2417 252 2473 apud
272 2418 444 2458 Graecos
462 2432 505 2458 ac
525 2418 683 2459 Latinos
701 2420 979 2474 probatiffimus
998 2424 1159 2478 quisque
1174 2426 1358 2481 interpres
1385 2429 1540 2485 legerir‚
1572 2435 1665 2489 quid
1692 2438 1872 2492 interpre-

148 2486 270 2524 tetur,
300 2476 340 2513 &
371 2472 575 2527 quomodo
600 2473 699 2515 inter
726 2474 764 2516 se
790 2476 1048 2525 consentiant;
1079 2482 1120 2519 &
1145 2492 1272 2523 tamen
1294 2497 1343 2525 ne
1371 2483 1421 2525 fic
1441 2487 1597 2541 quidem
1623 2490 1759 2532 adimit
1792 2494 1870 2534 cui-

147 2542 263 2584 quam
281 2526 481 2582 judicandi
497 2528 569 2581 jus.

201 2582 382 2636 Denique
400 2582 580 2624 concedit
601 2582 695 2635 hoc,
724 2584 855 2627 utilem
872 2586 947 2629 effi:
966 2587 1133 2631 laborem
1153 2605 1308 2642 eorum,
1338 2595 1403 2648 qui
1424 2610 1611 2639 conantur
1634 2599 1754 2642 sacrae
1776 2603 1874 2644 Scri-

138 2649 281 2693 ‚pturae
309 2636 424 2678 libros
452 2651 567 2691 quam
596 2640 873 2695 purgatiffimos
902 2642 1010 2684 tradi.
1041 2644 1199 2700 Recipit
1230 2648 1461 2704 Hieronymi
1485 2657 1522 2692 ὃ(
1546 2656 1746 2707 Augustini
1770 2659 1873 2710 judi-

143 2694 270 2743 cium,
298 2704 341 2734 ut
370 2692 420 2732 ad
450 2693 688 2736 Graecorum
717 2696 955 2738 voluminum
976 2697 1091 2739 fidem
1110 2701 1353 2744 conferantur
1369 2700 1622 2758 emendandi,
1655 2710 1718 2750 sed
1747 2712 1874 2754 hafte-

148 2761 220 2790 nus
237 2747 395 2801 recipit,
423 2758 465 2787 ut
484 2747 693 2790 humanum
711 2749 785 2792 esse
802 2750 928 2799 dicat,
956 2753 1141 2807 quodque
1160 2755 1236 2797 falli
1254 2757 1387 2810 poffit:
1409 2761 1553 2814 quippe
1574 2764 1681 2816 quod
1704 2780 1782 2805 non
1805 2767 1872 2808 de-

149 2801 487 2844 monstrationibus
506 2801 571 2842 sed
588 2804 817 2856 conjeeruris
834 2807 1025 2848 innitatur.
1058 2809 1236 2852 Fatemur
1255 2812 1457 2854 hominum
1474 2817 1548 2856 effe
1568 2818 1762 2860 consilium
1775 2852 1786 2871 ,
1808 2823 1873 2864 scd

146 2857 352 2911 insignium
383 2855 604 2917 hominum:
634 2857 795 2900 fatemur
825 2875 904 2902 rem
928 2863 1156 2917 conjesturis
1181 2866 1267 2921 agi,
1298 2867 1361 2908 sed
1395 2869 1434 2909 in
1460 2884 1534 2924 qua
1562 2871 1666 2913 secus
1694 2876 1755 2925 agi
1790 2891 1871 2918 non

146 2911 272 2966 possit.
308 2914 431 2966 Atqui
460 2910 553 2951 haec
583 2913 824 2966 conjestura‚
843 2930 962 2970 quum
991 2929 1069 2958 tam
1098 2920 1214 2961 multa
1241 2936 1489 2969 concurrant,
1521 2938 1610 2979 puta
1634 2919 1871 2974 Graecorum

148 2966 346 3008 Codicum
372 2964 572 3007 consensus
590 2997 603 3017 ,
643 2980 788 3010 veteres
816 2970 1044 3025 Interpretes
1061 3004 1073 3024 ,
1102 2974 1327 3017 Latinorum
1355 2979 1489 3019 vetusti
1518 2981 1687 3023 Codices
1708 3015 1718 3032 ‚
1750 2986 1873 3027 Com-

149 3020 326 3063 mentarii
355 3021 571 3075 principum
600 3020 690 3063 fidei
723 3024 891 3074 nostrae,
920 3027 1044 3068 sensus
1075 3028 1154 3082 ipse
1185 3032 1349 3073 maxime
1368 3047 1580 3088 congruens
1600 3037 1634 3077 ei
1656 3038 1764 3090 loco,
1790 3041 1870 3094 jam

148 3077 235 3131 plus
266 3089 382 3131 quam
412 3074 616 3129 probabilis
635 3077 816 3139 redditur·
836 3079 930 3120 haec
948 3083 1187 3135 conjecturas
1207 3087 1385 3142 Denique
1405 3102 1537 3142 parum
1558 3091 1680 3134 valeat
1700 3095 1793 3136 haec
1814 3111 1872 3137 re-

136 3131 237 3187 gula
248 3157 262 3180 ,
289 3128 506 3184 dummodo
523 3129 618 3173 dent
636 3131 707 3186 ipfi
727 3145 947 3187 certiorem,
976 3151 1060 3178 eam
1082 3139 1318 3194 cupidissime
1335 3144 1605 3198 ample&emur
1619 3150 1654 3189 ’'.

1767 3204 1873 3247 Tan·
