1976 3519
144 175 228 213 206
521 162 1515 209 PROLEGOMENA.

143 256 303 297 Senatus
332 256 430 296 inter
459 254 529 294 alia
559 254 598 293 in
629 252 711 293 aera
731 252 876 301 retulit,
907 254 946 290 ὅ(
974 250 1127 291 Senatui
1147 249 1184 290 d.
1215 262 1277 296 17.
1308 249 1490 304 praelegit
1518 279 1544 299 „
1561 263 1647 290 cum
1675 250 1871 293 Veneram

142 344 167 363 ,‚
199 313 269 352 dus
298 310 414 350 Ordo
435 323 482 350 ex
510 309 575 348 illo
606 319 825 362 quaereret,
854 321 921 346 cur
942 306 1026 346 loca
1053 305 1174 344 sacrae
1204 304 1418 358 Scripturae
1435 331 1446 350 ,
1476 317 1547 357 pro
1569 306 1720 347 Deitate
1740 307 1871 347 Trini-

138 398 165 418 „
198 368 284 406 tatis
302 370 341 404 ὃ(
358 364 505 405 Christi
525 363 720 411 testantia,
752 362 943 415 sexaginta
961 372 1025 401 aut
1047 373 1168 413 prope
1188 357 1424 413 septuaginta
1445 373 1625 406 numero,
1659 365 1699 400 in
1719 365 1870 402 notatis

82 415 165 473 f„
185 420 441 475 studiosorum
472 433 551 459 non
580 418 832 472 allegaverit?
863 415 1104 469 Respondit,
1136 414 1172 454 se
1201 414 1238 453 in
1265 414 1337 453 illis
1356 413 1435 453 duo
1458 414 1603 469 integra
1635 415 1795 469 Capita,
1822 418 1870 457 E-

137 505 165 528 „
195 475 360 530 vangelii
378 475 541 529 joannis
563 474 752 527 primum,
784 472 1001 524 &primurn
1026 469 1216 523 Epistolae
1239 468 1287 508 ad
1311 468 1553 509 Colossenses
1573 469 1794 522 (Hebraeos
1805 472 1871 513 de·

136 560 163 582 „
193 531 305 571 bebat
327 530 484 570 scribere
496 527 572 569 vid.
586 528 682 570 Αἱῗ.
702 540 739 580 p.
767 527 816 565 28
825 525 882 579 3.)
913 525 1071 580 allegata
1093 523 1309 577 reperisse''.
1339 523 1423 564 Ubi
1444 523 1587 574 fateor,
1609 538 1671 564 me
1693 526 1868 567 nondum

137 600 293 640 capere,
321 600 400 639 quo
420 584 526 625 sensu
546 581 757 624 commodo
770 580 927 620 ‘Deitas
942 581 1160 620 Trinitatis
1183 590 1246 618 aut
1267 578 1423 618 Deitas
1447 579 1663 619 Trinitatis
1684 579 1731 624 ὅγ’
1757 580 1870 620 Chri-

126 640 186 695 sti
215 642 290 681 dici
348 639 431 681 ossit
463 657 473 680 ε
503 638 567 679 sed
596 635 781 692 quicquid
811 648 945 676 contra
976 649 1036 674 me
1068 633 1262 674 dicebatur
1293 645 1357 673 aut
1378 633 1625 684 scribebatur,
1657 647 1698 675 ut
1726 636 1870 676 rectum

136 701 174 737 &
195 655 455 738 orthogoxum
478 698 516 733 &
539 707 618 733 non
639 690 924 732 emendandum
945 689 1234 744 approbabatur.
1277 688 1396 729 Paulo
1414 689 1500 742 post
1522 688 1703 743 produxit
1730 691 1870 744 episto·

135 752 212 793 lam
245 749 589 805 Scaphufianorum
618 747 655 787 d.
690 759 752 795 29.
785 746 880 786 Dec.
920 759 932 784 ι
943 758 1037 796 729.
1069 743 1246 797 scriptam
1268 774 1279 794 ,
1319 743 1382 783 ubi
1413 743 1463 784 de
1494 759 1553 785 me
1583 744 1676 785 haec
1698 744 1869 794 habent:

135 838 161 858 „
192 808 317 847 Deum
340 819 491 846 oramus
511 835 522 853 ,
554 815 594 843 ut
624 800 702 855 ipse
736 800 839 840 hunc
868 801 992 841 virum
1010 826 1022 850 ‚
1052 800 1118 853 qui
1147 798 1190 839 εἷς
1221 796 1381 847 ἀδόκιμον
1408 798 1469 838 νοῧν
1497 799 1551 839 est
1578 799 1766 850 traditus,
1803 816 1871 855 gu·

134 889 161 909 „
193 863 324 902 bernet
346 888 355 906 ‚
388 872 428 900 ut
450 860 502 898 illi
533 858 643 898 detur
672 855 890 908 pervidere,
919 869 1034 909 quam
1068 853 1251 907 injurioso
1280 853 1380 907 pede
1409 854 1682 906 proculcaverit
1708 855 1872 895 adoran—

135 948 162 969 „
193 917 280 956 dam
306 916 562 961 Trinitatem,
595 916 631 950 &
655 910 853 951 Christum
876 911 1091 950 Dominum
1113 909 1276 963 gloriae,
1305 908 1548 962 eundemque
1567 908 1717 948 ἆυτόθεον
1738 910 1870 964 (quod

134 1003 158 1024 ,‚
190 971 421 1012 Germanice
452 964 684 1019 σαραφρσίζει
705 996 717 1015 ,
747 979 812 1019 qut
835 965 1048 1005 Deitatem
1078 979 1102 1003 a
1121 965 1159 1015 [ὲ
1180 964 1258 1018 7pr
1293 962 1341 1008 &¹
1366 973 1438 1017 per
1449 963 1494 1016 fi'
1514 964 1634 1019 ipsitm
1664 963 1778 1004 habet
1808 975 1873 1004 at-

132 1055 157 1079 ,‚
187 1040 258 1081 que
281 1024 437 1078 pqffidet
459 1052 470 1073 ,
501 1023 587 1064 Ast.
621 1035 658 1075 p.
694 1019 812 1074 342)
842 1032 921 1074 quo
943 1019 993 1059 fic
1024 1018 1180 1059 tandem
1213 1020 1252 1058 in
1281 1019 1465 1072 gremium
1489 1018 1677 1059 Ecclesiae
1699 1046 1711 1064 ,
1739 1034 1763 1060 a
1794 1034 1871 1074 qua

191 1082 290 1121 adeo
308 1081 467 1133 turpiter
487 1077 670 1126 discessit,
699 1075 898 1130 colligatur
921 1074 1182 1128 postliminio,
1197 1077 1236 1114 &
1261 1074 1456 1127 abnegatis
1476 1072 1670 1114 sententiis
1692 1074 1729 1114 in
1743 1075 1871 1116 Deum

132 1169 158 1188 „
188 1139 354 1176 triunum
380 1134 544 1186 injuriis,
576 1133 614 1172 in
638 1131 768 1185 spiritu
791 1134 831 1170 ὃ(
853 1130 1010 1171 veritate
1032 1130 1172 1182 Synefiz'
1199 1129 1293 1170 illud
1324 1130 1500 1198 usurpare
1529 1141 1644 1182 queat
1673 1145 1682 1170 z
1712 1127 1802 1176 ὑμνῶ
1832 1127 1869 1170 σὲ

130 1224 156 1244 ”
186 1189 288 1239 μανείς
310 1218 320 1234 ,
351 1188 440 1236 ὑμνᾶ
460 1205 496 1228 σε
515 1186 623 1238 τριάς·
648 1183 766 1227 Μονὰς
786 1181 817 1225 εἶ
835 1216 846 1234 ,
874 1182 971 1236 τριὰς
994 1179 1041 1224 ὃν·
1073 1181 1170 1236 τριὰς
1190 1179 1236 1233 εἶ,
1266 1182 1368 1232 μονοὶς
1389 1188 1439 1224 ὢν.
1487 1183 1663 1225 Vestram
1683 1199 1775 1225 vero
1798 1186 1871 1226 Ec-

129 1276 156 1299 ,‚
189 1246 336 1287 cleliam
359 1243 663 1286 florentissimam
685 1240 951 1282 ardentissimis
978 1241 1150 1293 precibus
1171 1240 1308 1280 nostris
1324 1237 1491 1292 provido
1516 1237 1702 1279 Triunius
1722 1239 1810 1280 ‘Dei
1831 1255 1870 1280 o·

132 1330 160 1354 „
189 1301 272 1341 culo
297 1299 613 1341 commendamus
623 1300 656 1338 ”.
686 1297 877 1350 Sequente
897 1295 1022 1349 Aprili
1050 1309 1165 1348 ¹730·
1195 1309 1281 1335 cum
1303 1295 1341 1334 in
1364 1294 1482 1335 Curia
1502 1293 1756 1347 praesentibus
1774 1296 1871 1337 Tre-

131 1357 350 1399 decimviris
365 1360 400 1396 ὃ(
415 1366 578 1409 quatuor
588 1351 831 1393 Scholarchis
852 1352 1105 1405 interrogatus
1126 1349 1399 1404 respondissem
1418 1364 1427 1389 t
1443 1349 1573 1403 Jesum
1597 1349 1815 1400 Christum,
1828 1351 1871 1391 fi·
1917 1349 1924 1354 ’

127 1414 221 1454 lium
244 1413 315 1452 Dei
338 1408 597 1459 unicum,esse
617 1420 749 1448 natura
768 1420 899 1447 verum
920 1410 957 1445 ὃ(
977 1418 1172 1446 aeternum
1185 1406 1333 1451 Dcum3
1364 1404 1570 1458 Delegatus
1592 1405 1812 1458 primarius,
1827 1418 1870 1447 ut

129 1468 278 1509 causam
298 1466 497 1519 Theologi
512 1476 645 1505 contra
666 1476 728 1502 me
757 1460 1005 1507 defenderet,
1036 1459 1134 1500 dixit
1153 1475 1162 1499 z
1190 1490 1217 1509 „
1245 1460 1444 1500 Christum
1465 1473 1546 1498 non
1565 1459 1639 1500 esst:
1662 1459 1780 1500 filium
1795 1461 1872 1502 Dei

131 1555 157 1576 ‚,
186 1522 255 1564 nisi
277 1521 483 1563 secundum
514 1531 686 1559 naturam
710 1517 915 1557 humanam
937 1538 949 1564 3
979 1529 1067 1555 nam
1087 1515 1113 1556 fi
1135 1514 1342 1556 secundum
1374 1525 1544 1554 naturam
1572 1511 1743 1555 divinam
1773 1514 1872 1558 filius

129 1610 155 1631 „
186 1579 262 1619 Dei
280 1576 491 1625 diceretur,
520 1573 808 1615 consecuturum
830 1570 1058 1620 necessario,
1088 1569 1208 1611 filium
1229 1581 1336 1624 patre
1353 1568 1428 1610 esse
1449 1569 1666 1623 juniorem,
1695 1569 1872 1625 adeoque

128 1666 155 1686 ,‚
184 1645 379 1674 aeternum
400 1632 563 1671 essenon
576 1627 725 1682 posle'’.
756 1627 934 1679 Denique
952 1640 984 1667 a.
1012 1637 1132 1676 1732-
1153 1624 1191 1666 d.
1209 1637 1271 1675 14.
1295 1625 1389 1665 Dec.
1411 1638 1497 1664 curn
1511 1624 1723 1665 Articulum
1744 1624 1872 1666 secun-

129 1689 223 1729 dum
245 1686 416 1740 Symboli
435 1683 649 1737 Apostolici
673 1696 744 1735 pro
766 1680 940 1734 suggestu
960 1678 1192 1728 trastassem,
1216 1683 1255 1718 &
1278 1679 1363 1733 post
1383 1678 1583 1732 probatam
1618 1680 1871 1722 Divinitatem

123 1743 213 1799 Jesu
233 1741 380 1783 Christi
398 1737 647 1783 addidissem,
678 1735 857 1790 personas
876 1745 1003 1774 tamen
1026 1733 1177 1774 divinas
1207 1747 1287 1774 non
1318 1732 1392 1774 effi:
1419 1732 1715 1776 confundendas
1737 1769 1746 1784 ‚
1775 1749 1871 1789 quas

128 1812 210 1840 tum
242 1798 425 1851 scriptura
452 1795 486 1835 S.
517 1792 674 1834 sollicite
693 1788 917 1832 distinxisset
947 1789 1166 1830 nominibus
1187 1789 1332 1839 Patris,
1355 1788 1463 1839 Filii,
1482 1791 1520 1829 &
1542 1788 1703 1843 Spiritus
1723 1791 1871 1842 saneti,

127 1855 219 1896 item
241 1852 426 1893 mittentis
447 1854 484 1889 ὃ(
507 1846 699 1889 mifforum
712 1877 724 1896 ,
752 1857 833 1886 tum
854 1845 985 1885 Patres
1005 1844 1216 1885 orthodoxi
1234 1844 1422 1898 imprimis
1441 1843 1581 1885 Graeci
1604 1875 1616 1894 ‚
1647 1845 1713 1899 qui
1731 1845 1782 1887 de
1801 1846 1874 1887 Pa·

129 1922 187 1951 tre
208 1912 246 1948 &
266 1907 345 1948 filio
365 1907 570 1959 loquantur
592 1901 713 1942 modo
735 1912 776 1942 ut
796 1900 845 1940 de
865 1899 1058 1953 Episcopo
1080 1902 1119 1938 &
1143 1900 1344 1946 Diacono,
1359 1898 1480 1938 modo
1498 1911 1540 1938 ut
1562 1898 1611 1939 de
1631 1899 1725 1940 hero
1745 1904 1784 1941 ὃ(
1807 1900 1874 1942 he-

128 1965 188 2006 rili
208 1963 289 2004 filio
309 1993 320 2012 ,
351 1966 388 2001 δ(
409 1959 545 2000 diserte
568 1957 734 1998 doceant
758 1982 770 2001 ,
795 1956 921 1995 Deum
944 1965 1092 2007 patrem
1112 1953 1233 1994 solum
1252 1953 1326 1995 esse
1344 1954 1533 2009 originem
1554 1956 1592 1993 &
1612 1953 1758 1996 fontem
1781 1957 1873 1997 Dei-

129 2019 217 2061 tatis
237 2037 247 2064 ;
277 2016 436 2060 offiduo
468 2013 671 2067 postquam
692 2010 786 2051 haec
807 2007 978 2050 dixissem
991 2039 1003 2058 ‚
1035 2011 1087 2049 A.
1110 2007 1352 2062 Zwingerus
1373 2022 1419 2049 ex
1438 2008 1576 2049 eodem
1598 2008 1769 2064 suggestu
1788 2025 1874 2051 om-

128 2077 193 2115 nia
213 2073 281 2114 fibi
299 2069 505 2112 refellenda
529 2067 677 2118 sumsit,
707 2096 732 2116 ‚‚
752 2076 896 2119 patrem
918 2063 1039 2104 solum
1058 2063 1246 2120 originem
1269 2066 1308 2103 δε
1334 2062 1482 2104 fontem
1504 2064 1667 2105 Deitatis
1695 2066 1770 2106 esle
1790 2080 1872 2107 non

130 2157 155 2182 „
186 2128 255 2170 nisi
278 2128 324 2167 ab
348 2124 547 2166 haereticis
567 2122 645 2163 dici
669 2120 775 2176 posse
808 2119 1078 2174 pronunciavit
1096 2152 1107 2169 ,
1138 2118 1366 2173 addiditque
1388 2119 1543 2173 proprie
1571 2119 1768 2173 loquendo
1797 2133 1873 2163 tres

128 2216 155 2237 „
184 2183 258 2225 esse
280 2182 406 2223 fontes
429 2183 467 2220 &
489 2179 657 2232 origines
681 2176 866 2225 Deitatis,
897 2174 1069 2222 Patrem,
1100 2173 1262 2224 Filium,
1291 2178 1330 2213 &
1352 2174 1534 2227 Spiritum
1566 2175 1790 2216 San&um''.

185 2239 244 2279 Eo
259 2251 352 2293 ergo
374 2235 531 2277 tandem
553 2246 610 2274 res
623 2231 787 2273 deducta
798 2230 852 2272 est
873 2243 991 2284 opera
1003 2233 1040 2269 ὃ(
1054 2228 1179 2269 studio
1188 2229 1386 2283 Theologi
1406 2229 1696 2270 extraordinarii
1708 2242 1772 2281 ‚ut
1792 2245 1875 2272 ver-

128 2296 176 2336 ba
190 2324 198 2337 .
213 2292 395 2334 Trinitas
417 2289 469 2342 est
491 2291 650 2336 unitas,
670 2299 769 2327 unus
787 2286 879 2338 fiant
903 2294 1006 2335 tres,
1021 2282 1068 2329 ὠ
1085 2293 1166 2324 tres
1185 2283 1237 2331 est
1258 2285 1479 2335 unus,licet
1498 2285 1538 2325 in
1563 2285 1811 2326 Arithmetica
1833 2290 1874 2327 &

130 2348 391 2390 Grammatica
413 2345 484 2386 sint
503 2343 591 2385 falsa
612 2345 649 2381 ὃ(
667 2340 896 2390 absurda,in
914 2339 1136 2394 Theologia
1155 2352 1284 2381 tamen
1308 2339 1379 2382 sint
1401 2354 1511 2389 vera,
1542 2341 1605 2393 pia
1623 2343 1662 2380 &
1683 2342 1873 2383 orthodo-

130 2420 200 2453 xa3
231 2406 270 2442 &
290 2416 331 2443 ut
352 2414 491 2450 nemo,
521 2398 588 2440 nisi
608 2411 695 2438 cum
718 2394 861 2451 ,synesio
883 2396 1091 2451 pugnantia
1117 2398 1156 2435 &
1178 2395 1334 2436 ridicula
1355 2399 1554 2449 loquatur,
1575 2398 1615 2434 &
1635 2409 1720 2436 cum
1740 2395 1876 2437 Sabel-

132 2460 183 2501 lio
203 2459 305 2499 dicat
337 2456 454 2498 filium
476 2454 551 2496 esse
569 2469 590 2493 a
612 2453 647 2494 se
668 2450 1030 2506 ipso,curn.50cino
1051 2449 1168 2492 filium
1193 2451 1267 2491 Dei
1288 2464 1368 2491 non
1387 2450 1493 2491 fuisse
1513 2461 1717 2504 antequam
1748 2452 1875 2493 nasce-

131 2528 233 2556 retur
252 2527 297 2554 ex
319 2512 445 2552 Maria
465 2510 649 2565 Virgine,
677 2521 765 2549 cum
790 2498 1004 2547 Tritheitis
1025 2517 1099 2546 tres
1117 2506 1191 2546 esse
1213 2506 1377 2546 Deitatis
1405 2506 1572 2561 origines
1591 2518 1703 2559 atque
1726 2504 1874 2553 fontes,

133 2574 173 2610 &
194 2583 279 2610 cum
301 2565 617 2620 Theopas'chitis,
630 2564 757 2604 Deum
777 2562 927 2602 Patrem
948 2562 1258 2614 omnipotentem
1271 2560 1389 2611 ‚coeli
1409 2561 1630 2614 Terraeque
1650 2574 1874 2609 creatorem,

133 2624 235 2666 cruci
257 2622 362 2663 fuisse
381 2621 532 2662 affixum
546 2650 558 2670 ‚
585 2622 658 2659 &e
690 2619 729 2658 in
747 2617 895 2672 gremio
916 2615 1102 2656 Ecclesiae
1121 2630 1273 2656 manere
1301 2615 1425 2669 possit.

192 2678 290 2719 Non
313 2676 484 2729 possum,
514 2675 608 2729 quin
629 2674 691 2713 hic
710 2672 908 2713 observem
928 2684 1108 2725 magnam
1126 2671 1325 2724 Theologi
1345 2670 1633 2710 extraordinarii
1652 2685 1739 2711 cum
1758 2672 1876 2727 Syne-

137 2734 190 2775 fio
222 2731 515 2772 similitudinem.
564 2729 740 2784 synesius
757 2728 962 2781 opiniones
989 2740 1010 2765 a
1032 2726 1141 2778 plebe
1172 2725 1390 2780 Christiana
1414 2738 1504 2765 tunc
1536 2739 1704 2777 receptas
1726 2728 1875 2779 publice

137 2789 294 2844 quidem
316 2785 584 2841 profitebatur,
615 2783 792 2837 privatim
824 2796 916 2822 vero
938 2780 1106 2829 ridebat,
1137 2784 1199 2829 &‚
1217 2780 1323 2833 quod
1345 2780 1452 2832 pejus
1472 2792 1572 2827 erat,
1604 2780 1663 2820 his
1684 2781 1771 2834 ipsis
1792 2783 1877 2835 opi-

139 2843 319 2884 nionibus
337 2841 557 2881 abutebatur
579 2840 628 2879 ad
644 2839 792 2878 animos
816 2837 935 2891 plebis
955 2848 1087 2876 contra
1107 2849 1191 2879 eos,
1205 2849 1302 2888 quos
1320 2834 1454 2875 oderat
1471 2838 1508 2873 &
1531 2849 1666 2875 vexare
1685 2837 1875 2890 cupiebat,

136 2898 363 2940 incitandos.
394 2895 416 2948 ζ
421 2895 507 2934 vide
529 2895 567 2934 la
591 2896 721 2933 Croze
746 2892 965 2944 Historiam
988 2889 1276 2942 Christianismi
1297 2892 1338 2929 in
1351 2888 1597 2935 QAEthmt’ia
1621 2890 1668 2933 ἐν
1684 2895 1877 2932 Armenia

136 2968 174 3009 p.
206 2967 265 2991 .o.
290 2951 385 3001 &c.)
418 2949 532 3002 Epist.
563 2961 645 2989 105.
672 2962 708 3000 p.
744 2960 834 2998 247.
863 2942 1043 2998 ὲπιςςεπῖις
1065 2944 1128 2991 ἒιμι
1148 2942 1232 2995 πρὸς
1264 2942 1412 2984 ἅπασαν
1432 2942 1630 2983 παιδιάν-
1660 2959 1696 2998 p,
1723 2960 1810 2996 140,
1831 2947 1875 2986 Β,

135 3010 160 3059 ,ἐ
184 3008 316 3046 σολλέ
333 3004 395 3044 δέω
417 3003 496 3045 ταῖς
517 3004 567 3042 T&
578 3001 715 3043 πλῆθες
735 2997 949 3052 ὑπολίνψεσιν
970 2999 1183 3049 ὃμολογῖσαι
1198 3023 1242 3030 ·--
1267 3002 1292 3050 ζ’,
1315 2997 1356 3039 τὸ
1369 2999 1491 3051 ψεῦὃος
1515 2999 1634 3047 ὄφελος
1654 2998 1729 3040 εἶναι
1742 3000 1875 3048 τίθεμαι

132 3062 228 3111 &imo
248 3095 258 3112 ‚
291 3080 316 3112 >g
338 3058 501 3110 βλαβερὸν
532 3056 590 3100 τὴν
621 3055 773 3098 ἀλήθειαν
802 3057 872 3096 τοῖς
899 3057 945 3094 ἐκ,
966 3054 1122 3106 sextiae-ar
1150 3054 1327 3094 ἒνατενῖσαι
1361 3051 1447 3104 πρὶς
1481 3053 1538 3097 τὴν
1572 3053 1638 3094 τῶν
1668 3054 1764 3095 isuram
1787 3054 1875 3108 {vaig-

132 3135 235 3169 γειαν.
292 3115 335 3159 Εἰ
355 3116 481 3158 ταῦτα
500 3131 526 3167 ’b
547 3111 575 3154 οἶ
602 3113 663 3155 ‘ris
682 3111 756 3153 καθ’
785 3109 877 3159 ἦμεῖς
897 3108 1057 3163 ἱερωσύνης
1084 3112 1301 3164 συγχωςέσιν
1331 3108 1401 3157 ἐμοὶ
1432 3109 1516 3160 νέμοι
1536 3137 1549 3158 ,
1575 3108 1727 3158 δυναίμην
1760 3109 1798 3149 dlv
1830 3108 1874 3150 ie-

1743 3164 1876 3217 ,ρεῖσθωι

131 1114 157 1134 >2
