1976 3519
176 236 270 276 '¹94
584 221 1585 272 PR'OLEGOMENA.

179 311 249 352 bus
270 311 504 351 Graecorum
533 309 591 363 (v.
605 308 714 364 supra
736 323 772 362 p.
808 308 894 361 39.)
921 322 968 350 ex
990 308 1130 350 eodem
1148 307 1284 350 codice
1303 308 1423 364 figura
1439 313 1609 367 angulari
1616 313 1756 366 siveV
1773 313 1922 374 invefi

169 367 346 421 formam
367 365 502 421 ubique
524 364 718 419 referente
740 364 949 418 descriptus
970 365 1024 406 fit.
1052 364 1177 405 Recte
1197 363 1406 419 descriptus
1425 366 1501 417 est,
1532 368 1655 421 ajebat
1673 370 1721 423 J.
1734 371 1786 413 L.
1796 374 1914 427 Fr<y‚

177 423 294 463 video
316 423 419 462 enim
439 421 630 477 angulum.
660 422 842 474 Cumque
862 434 937 473 ego
959 432 1151 473 peterem,
1173 431 1215 459 ut
1236 420 1298 460 Cl.
1318 421 1521 476 Grynaeus
1535 453 1546 472 ‚
1574 425 1640 477 qui
1658 436 1820 482 utroque
1840 445 1912 472 no—

176 477 293 517 strum
323 479 466 519 acutius
493 489 663 518 cerneret
681 507 692 526 ,
729 475 838 515 istam
868 475 1185 516 Controversiam
1214 486 1396 529 tanquam
1428 477 1566 518 arbiter
1594 479 1817 532 dirimeret,
1858 487 1909 528 ad

173 533 387 574 Dostorem
408 532 611 574 conversus
631 531 855 572 sententiam
875 529 935 570 his
955 530 1077 570 verbis
1095 530 1210 570 dixit:
1239 529 1393 571 Possum
1423 531 1678 576 Excellentiae
1707 549 1793 579 tuae
1815 556 1909 582 con—

174 587 346 638 firmare,
377 589 404 628 si
430 588 664 630 circumflexi
685 587 745 626 isti
763 587 955 627 Accentus
974 585 1155 640 angulum
1177 584 1319 626 habent
1338 612 1350 632 ‚
1379 587 1560 641 angulum
1582 590 1656 630 esse
1677 591 1788 634 valde
1817 610 1908 638 con—

173 657 322 685 vexum.

226 699 383 740 Disceffi
402 700 449 740 ab
471 700 543 739 isto
563 697 759 751 colloquio
778 695 991 736 admodum
1011 695 1189 736 sollicitus
1210 707 1326 750 atque
1346 698 1606 750 perturbatus,
1636 702 1906 749 constitueram

171 756 275 796 enim
308 756 411 809 prius
445 756 484 795 in
513 753 670 795 edendo
691 752 751 793 N.
777 752 827 791 T.
856 751 1021 792 consiliis
1034 751 1072 805 J.
1101 751 1145 791 L.
1174 750 1275 806 Frey
1298 753 1376 798 uti,
1406 753 1580 808 nihilque
1600 757 1670 796 nisi
1689 758 1773 811 ipso
1795 761 1905 814 adju.

170 822 285 850 vante
313 823 428 864 atque
459 810 697 864 approbante
728 820 859 859 agere:
890 805 1092 861 quomodo
1125 817 1251 846 autern
1282 820 1384 847 nunc
1405 821 1490 848 mea
1509 809 1712 862 probarem
1732 813 1905 868 homini,

170 866 236 918 qui
259 880 302 905 ea
322 880 420 920 quae
440 865 639 905 oculorum
658 860 861 903 certissimo
878 861 1099 902 testimonio
1119 861 1366 912 constabant,
1390 863 1609 918 nullamque
1620 866 1902 912 dubitationem

169 920 381 970 habebant,
411 921 450 960 in
479 917 776 959 controversiam
807 914 998 958 vocasset?
1030 915 1125 970 quid
1155 917 1187 957 is
1207 915 1347 957 faceret
1367 918 1546 959 omnibus
1567 920 1612 959 iis
1632 921 1727 962 locis
1748 938 1846 978 quae
1865 941 1903 967 a.

167 975 247 1028 pud
268 977 441 1016 incautos
462 972 650 1015 invidiose
668 973 812 1026 exponi
833 971 1008 1026 possent?
1037 971 1233 1012 Nondum
1253 983 1380 1012 tamen
1404 973 1516 1026 plane
1527 973 1792 1030 desperabam,
1805 981 1900 1034 quin

165 1031 294 1083 potius
316 1031 452 1070 Virum
473 1029 536 1070 Cl.
566 1029 684 1068 animi
705 1039 853 1068 tantum
874 1038 989 1081 atque
1008 1027 1177 1068 exercitii
1194 1028 1336 1082 gratia,
1365 1040 1407 1068 ut
1426 1041 1511 1070 mos
1531 1042 1613 1082 eJuS
1623 1031 1749 1078 est‚in
1761 1048 1902 1077 utram.

165 1099 241 1138 que
271 1098 416 1137 partem
449 1085 498 1125 de
524 1085 702 1124 omnibus
728 1082 941 1137 disputare,
973 1082 1067 1122 haec
1088 1082 1283 1136 protulisse
1301 1084 1505 1136 putabam,
1536 1087 1575 1123 δε
1596 1084 1707 1137 sane,
1735 1100 1903 1131 autom.

163 1141 228 1180 nia
256 1155 318 1181 me
346 1140 502 1191 fallunt,
531 1151 596 1180 aut
627 1139 722 1179 haec
749 1152 798 1178 eo
820 1151 993 1190 tempore
1011 1138 1093 1191 ejus
1111 1151 1220 1178 mens
1239 1150 1337 1188 erat,
1369 1142 1409 1178 &
1431 1138 1640 1189 mansisset,
1668 1143 1807 1190 credo,
1829 1147 1900 1187 nisi

162 1196 210 1235 ab
239 1195 517 1246 adulatoribus,
549 1194 674 1235 forsan
705 1192 1040 1249 exaggerantibus,
1069 1193 1178 1247 quod
1213 1191 1397 1246 Theologi
1417 1192 1753 1238 Extraordin'arii
1771 1200 1901 1254 Maje-

163 1250 294 1292 statem
326 1266 406 1291 non
430 1251 515 1292 satis
532 1250 692 1291 comiter
713 1247 905 1289 coluissem
918 1275 929 1293 ,
958 1252 1070 1301 eique
1092 1247 1180 1288 ausu
1197 1250 1399 1289 temerario
1415 1249 1625 1303 aliquando
1645 1253 1900 1297 contradixis-

161 1306 258 1357 sem,
287 1309 326 1346 in
357 1321 418 1347 me
450 1307 663 1346 concitatus
694 1305 934 1357 irritatusque
963 1302 1100 1343 fu'isset.
1154 1304 1205 1343 Et
1235 1303 1330 1344 haec
1352 1335 1364 1354 ,
1404 1317 1744 1360 quantumcunque
1774 1311 1898 1362 prima

160 1360 289 1402 fronte
310 1362 406 1403 levia
426 1375 541 1416 atque
560 1360 704 1401 ludicra
725 1358 847 1401 videri
868 1356 1032 1413 possint,
1060 1358 1198 1398 acerbo
1218 1358 1278 1398 isti
1296 1371 1411 1414 atque
1431 1359 1615 1400 diuturno
1635 1362 1736 1403 bello
1757 1365 1897 1407 occasl-

158 1431 275 1458 onem
298 1417 537 1471 caussamque
557 1417 821 1470 praebuerunt.
875 1415 966 1455 Hae
984 1425 1108 1467 nugae
1127 1412 1219 1454 seria
1238 1413 1385 1455 ducunt
1893 1419 1896 1422 ’

325 1473 371 1513 In
392 1473 511 1521 mala,
540 1470 705 1512 derisum
723 1469 858 1520 semel,
886 1480 1167 1523 exceptumque
1186 1468 1341 1509 sinistre.

215 1527 456 1569 Dissimulavi
485 1527 634 1568 silentio
661 1539 789 1566 curam
812 1556 824 1576 ‚
861 1538 959 1578 quae
987 1538 1052 1564 me
1073 1534 1166 1564 tunc
1183 1524 1375 1578 coquebat
1395 1528 1435 1565 ὃς
1454 1525 1625 1568 versabat
1645 1527 1712 1569 sub
1736 1530 1896 1584 pectore

155 1582 253 1633 fixa,
283 1598 414 1625 verum
443 1596 524 1624 non
556 1582 623 1623 diu
650 1581 808 1621 obscura
834 1579 898 1633 spe
927 1579 1122 1632 suspensus
1149 1579 1274 1620 haefi:
1303 1593 1391 1621 cum
1424 1582 1530 1621 enim
1551 1582 1714 1624 octiduo
1736 1587 1823 1639 post
1845 1588 1896 1628 ad

155 1639 322 1680 eundem
351 1639 504 1688 locum,
535 1649 578 1678 ut
604 1636 896 1683 consueveram,
928 1633 1151 1681 rediissem,-
1171 1638 1209 1674 &
1233 1634 1412 1689 Hexapla
1432 1635 1735 1680 Montefalconii
1754 1641 1796 1680 in
1816 1656 1896 1684 ma-

154 1709 227 1735 nus
246 1693 470 1742 sumsissem,
497 1706 587 1733 ecce
606 1692 743 1731 iterum
767 1690 829 1730 Cl.
860 1688 956 1742 Frey
978 1689 1031 1729 ad
1046 1703 1109 1729 me
1127 1689 1396 1740 accedentem,
1427 1694 1467 1730 &
1486 1690 1582 1745 quid
1602 1697 1777 1747 agerem?
1797 1711 1896 1738 nun-

155 1750 250 1804 quid
272 1750 365 1791 novi
386 1749 594 1791 haberem?
624 1746 937 1800 interrogantem.
991 1743 1144 1785 Eodem
1165 1754 1292 1785 autem
1311 1745 1495 1799 temporis
1515 1748 1662 1799 punsto
1683 1748 1896 1794 foedumil-

153 1805 233 1847 lum
265 1819 380 1860 atque
409 1803 610 1845 ridiculum
640 1814 829 1850 errorem,
859 1814 880 1839 a
913 1798 978 1840 Cl.
1008 1798 1128 1851 Isblio
1157 1799 1198 1839 in
1227 1799 1379 1841 Codice
1401 1800 1593 1841 Baslliensi
1615 1802 1665 1843 de
1684 1816 1764 1858 quo
1783 1806 1894 1861 supra

154 1875 193 1915 p.
229 1875 242 1901 1
256 1875 318 1908 ῃ.
346 1857 609 1903 commissum,
638 1854 980 1911 deprehenderam.
1009 1855 1106 1908 Qio
1122 1854 1256 1895 audito
1274 1854 1433 1909 visoque
1454 1856 1502 1908 J.
1515 1855 1568 1896 L.
1582 1855 1677 1913 Frey
1697 1859 1894 1904 severitate

154 1909 292 1958 frontis
312 1915 459 1957 remissa
480 1913 710 1954 cachinnum
733 1910 875 1951 sustulit
897 1932 908 1957 3
947 1924 993 1950 ex
1014 1923 1094 1962 quo
1113 1909 1163 1949 de
1184 1910 1316 1949 animo
1334 1910 1449 1964 ipfius
1469 1912 1566 1951 mihi
1588 1913 1740 1966 placato
1761 1918 1893 1972 conje-

153 1974 298 2019 &uram
330 1970 395 2011 scd
423 1983 561 2010 vanam
589 1967 838 2019 fallacemque
858 1964 942 2005 feci.
997 1964 1076 2004 Vix
1089 1968 1192 2004 enim
1207 1963 1290 2004 dies
1310 1965 1456 2019 aliquot
1480 1969 1773 2020 praeterierant,
1802 1986 1891 2014 cum

153 2027 402 2068 consobrinus
422 2025 521 2065 Iselii
540 2022 724 2075 idemque
745 2034 874 2069 meus,
892 2034 978 2060 cum
991 2018 1170 2059 fasciculo
1189 2019 1399 2061 litterarum
1421 2019 1519 2060 Iselii
1542 2033 1656 2076 atque
1677 2025 1892 2082 Breitinge-

152 2084 184 2124 ri
206 2083 255 2123 ad
276 2081 389 2123 aedes
408 2093 511 2120 meas
531 2077 761 2125 adveniens,
792 2076 952 2115 nomine
971 2074 1070 2115 Iselii
1091 2074 1255 2129 graviter
1277 2079 1891 2132 conquereretur‚quoderrorem

153 2139 262 2181 illum
292 2137 419 2178 multis
437 2133 610 2176 studiofis
632 2130 888 2186 praesentibus
907 2130 1041 2170 acerbe
1059 2129 1324 2183 exagitassem,
1354 2131 1645 2186 Do&oremque
1664 2133 1759 2175 mihi
1780 2149 1892 2179 antea

154 2196 321 2235 amicum
350 2194 389 2232 in
423 2201 662 2231 contemtum
690 2186 960 2241 discipulorum
981 2184 1236 2235 adduxissem,
1268 2185 1400 2225 addita
1421 2188 1724 2230 comminatione
1744 2190 1828 2233 fore
1847 2203 1891 2234 ut

154 2264 217 2292 me
244 2249 325 2303 ejus
345 2248 398 2287 rei
419 2246 644 2300 poeniteret.
701 2241 883 2283 Excusavi
903 2239 1047 2281 fastum
1064 2254 1191 2281 meum
1213 2241 1461 2293 protestatus,
1490 2255 1553 2282 me
1574 2245 1720 2284 nemini
1740 2247 1808 2287 nifi
1829 2248 1888 2288 Cl.

153 2304 255 2354 Frey
275 2303 478 2356 eidemque
498 2298 693 2355 quaerenti
711 2298 917 2352 quicquam
937 2310 982 2336 ea
1002 2296 1051 2336 de
1073 2310 1113 2336 re
1134 2295 1286 2345 dixisse,
1317 2309 1442 2350 neque
1459 2309 1609 2348 tamen,
1638 2299 1665 2339 fi
1687 2302 1771 2354 quis
1781 2314 1889 2344 meos

152 2374 298 2403 errores
319 2358 467 2412 publice
488 2352 709 2396 commissos
726 2352 824 2393 mihi
844 2350 1090 2400 indicaverit,
1120 2364 1182 2392 me
1205 2363 1317 2406 aegre
1336 2351 1522 2403 laturum,
1550 2354 1645 2407 quin
1667 2367 1796 2409 potius
1806 2372 1889 2411 gra⁴

153 2418 226 2458 tias
255 2416 427 2456 assurum
454 2411 539 2452 esse.
593 2409 704 2450 Hinc
729 2407 919 2457 intellexi,
949 2420 1031 2446 non
1053 2406 1174 2447 solum
1195 2406 1244 2459 J.
1276 2404 1325 2446 L.
1357 2405 1455 2458 Frey
1478 2418 1603 2448 totum
1627 2424 1648 2449 a
1669 2423 1731 2451 me
1753 2408 1890 2454 abalie-

153 2484 288 2514 natum
308 2469 404 2520 esse,
432 2474 565 2508 iterum
585 2465 702 2505 etiam
715 2494 727 2513 ‚
739 2472 935 2517 quotquot
953 2461 1077 2515 posset
1089 2488 1099 2505 ‚
1112 2460 1185 2503 suis
1198 2462 1440 2503 artibusame
1452 2461 1661 2505 abalienare
1671 2465 1888 2510 decrevisse.

209 2525 408 2578 Principio
438 2522 530 2564 anni
559 2518 893 2561 MDCCXXIX.
922 2517 1144 2557 inimicitiae
1162 2517 1210 2569 J.
1240 2516 1292 2557 L.
1323 2515 1447 2564 Frer,
1477 2531 1574 2571 quae
1593 2520 1697 2573 prius
1716 2523 1890 2564 occultae

155 2583 355 2635 testaeque
382 2578 554 2628 fuerant,
584 2576 625 2615 in
648 2586 820 2628 apertum
835 2578 1007 2626 erupere.
1064 2572 1172 2613 Tum
1193 2572 1344 2626 quoties
1361 2587 1436 2627 ego
1456 2573 1574 2614 sacras
1593 2576 1801 2617 conciones
1822 2577 1889 2618 ha-

154 2638 291 2679 bebam
315 2633 459 2684 abesse,
488 2645 571 2673 tum
603 2630 768 2671 sinistros
800 2628 850 2669 de
875 2642 939 2670 me
961 2641 1133 2667 rumores
1146 2627 1342 2681 spargere,
1374 2628 1504 2668 amicis
1525 2630 1640 2680 meis,
1669 2643 1709 2671 ut
1730 2646 1775 2672 ex
1798 2633 1888 2687 ipsis

154 2691 349 2747 cognovi,
377 2704 439 2729 me
466 2687 675 2741 sufpestum
707 2684 889 2734 reddere,
920 2682 1138 2736 Bi-bliopola
1160 2676 1359 2733 Thurnssslo
1378 2682 1572 2736 praesente
1591 2697 1724 2725 contra
1744 2700 1887 2741 propo-

156 2750 267 2790 sitam
300 2745 356 2786 N.
386 2745 437 2784 T.
468 2742 609 2782 Graeci
635 2740 847 2781 editionem
865 2765 876 2785 ‚
905 2737 957 2777 de·
975 2749 1050 2791 qua
1071 2749 1111 2778 ut
1131 2737 1253 2790 ajebat
1274 2737 1314 2776 in
1336 2738 1520 2790 proximis
1540 2738 1723 2780 Comitiis
1743 2742 1888 2784 Helve-

156 2805 242 2847 ticis
261 2799 454 2856 agendum
473 2798 585 2847 esset,
616 2795 733 2836 multa
752 2794 880 2835 dicere
898 2793 1045 2845 coepit:
1075 2792 1263 2845 denique,
1295 2792 1469 2844 quamvis
1487 2792 1568 2846 ipse
1586 2808 1732 2835 novum
1753 2797 1885 2838 Ludo-

156 2861 286 2900 vicum
315 2867 492 2902 aureum,
522 2865 639 2906 quem
667 2862 863 2903 nunquam
891 2847 1060 2888 reddidit
1081 2877 1092 2897 ‚
1120 2861 1164 2887 ea
1194 2846 1424 2887 conditione
1454 2862 1476 2887 a
1506 2862 1567 2888 me
1587 2851 1810 2904 accepisset,
1843 2865 1885 2894 ut

157 2914 253 2955 mihi
276 2911 389 2952 MSS.
420 2907 682 2949 Bibliothecae
701 2918 819 2959 porro
839 2904 895 2944 uti
914 2903 1210 2952 liceret,contra
1232 2900 1348 2942 fidem
1365 2902 1494 2942 datam
1513 2903 1661 2954 effecit,
1686 2917 1817 2946 utnon
1828 2908 1887 2948 soz

157 2971 239 3010 l'umv
266 2963 602 3010 Bibliothecarius,
629 2961 736 3014 cujus
756 2959 981 3014 singularem
1003 2957 1277 2998 humanitatem
1299 2957 1489 3011 integrum
1507 2958 1734 3000 decennium
1753 2975 1888 3016 exper-

158 3036 218 3066 tus
233 3035 359 3071 eram,
388 3031 520 3060 verum
550 3016 665 3056 etiam
686 3014 765 3068 ipse
783 3015 942 3054 Senatus
964 3012 1216 3053 Academicus
1231 3011 1337 3052 usum
1353 3013 1599 3067 Thucydidis
1617 3015 1884 3071 manuscripti,

157 3093 275 3134 quem
303 3078 343 3116 in
371 3074 531 3129 gratiam
561 3071 623 3111 Cl.
652 3069 811 3109 ‘Dukeri
841 3082 928 3108 cum
947 3067 1056 3108 edito
1072 3080 1134 3106 me
1155 3065 1379 3108 collaturum
1395 3067 1571 3122 adgnatis
1590 3071 1805 3123 petentibus
1825 3087 1884 3112 ur-

158 3133 411 3190 gentibusque
433 3126 703 3183 promiseram,
732 3122 943 3164 concedere
960 3123 1206 3162 cunstaretur.
1235 3122 1416 3163 Tandem
1449 3125 1534 3176 post
1553 3125 1688 3178 longas
1707 3126 1886 3182 ambages

157 3190 270 3233 variis
309 3186 449 3229 artibus
485 3182 614 3225 effecit
635 3211 647 3231 ,
688 3190 729 3221 ut
762 3193 824 3219 res
851 3191 917 3232 per
946 3177 1216 3218 consobrinum
1244 3178 1325 3229 ejus
1368 3178 1417 3218 ad
1447 3179 1627 3220 Senatum
1657 3180 1886 3233 deferretur,

1755 3236 1792 3276 d.
1828 3250 1887 3289 17.
