1976 3519
463 262 1457 309 PROLEGOMENA;
1730 278 1810 318 209

86 351 296 394 Conventu
312 349 539 405 legerentur.
593 350 671 390 Illis
691 360 816 390 autem
836 348 1029 403 perleffis,
1050 362 1132 388 non
1154 349 1231 390 sine
1250 349 1385 393 dolore
1405 351 1642 407 percepimus
1651 365 1810 409 ,pacem

84 406 271 448 Ecclesiae
293 407 436 447 vestrae
454 406 501 445 ab
517 405 646 459 aliquo
667 417 840 458 tempore
858 404 1021 453 turbari,
1050 403 1211 457 Teque,
1235 406 1465 447 Reverende
1486 407 1578 458 Vir,
1608 410 1680 451 hac
1699 424 1810 450 occa·

85 457 190 502 sione
213 462 252 501 in
274 461 398 514 aliqua
418 461 534 500 animi
554 459 791 512 aegritudine
807 457 882 499 esse
901 458 1159 499 constitutum.
1190 458 1253 499 Ut
1272 461 1365 500 vero
1386 461 1436 500 ad
1454 461 1516 508 id,
1529 465 1634 517 quod
1656 467 1678 506 a
1697 466 1809 506 nobis

84 518 210 571 petis,
238 515 530 569 respondeamus
550 540 561 559 ‚
592 513 709 566 idque
740 524 869 565 aperte
889 544 900 563 ‚
931 512 1116 567 praecise,
1147 524 1262 567 prout
1282 515 1429 555 Christi
1449 516 1575 558 servos
1605 518 1736 570 decet,
1767 525 1808 561 δε

84 571 164 626 ipse
184 584 318 611 mones
338 599 350 619 ‚
379 569 429 609 fic
448 569 576 622 paucis
594 568 703 608 habe.
760 567 972 609 Neminem
994 567 1043 608 de
1064 567 1123 608 his
1142 569 1407 610 controversiis
1428 567 1477 610 ad
1505 586 1576 612 nos
1607 573 1807 628 scripsisse,

86 626 279 667 neminem
306 624 528 664 sententiam
559 623 726 663 nostram
755 622 922 677 rogasse,
950 622 1001 663 de
1022 622 1082 662 his
1111 623 1252 663 nullam
1282 624 1595 667 deliberationem
1623 628 1663 667 in
1693 642 1807 671 coetu

82 681 213 721 nostro
242 679 448 720 institutam
478 676 584 718 fuisse
603 709 614 727 ,
662 679 743 717 imo
775 678 919 718 nullum
949 677 1160 718 sermonem
1184 679 1365 719 habitum.
1423 680 1538 722 Adeo
1567 693 1609 722 ut
1628 684 1736 736 quod
1757 685 1807 726 de

84 736 215 776 nostro
230 728 376 787 judicio
400 733 653 773 Reverentiae
682 744 768 773 tuae
786 733 943 773 relatum
963 732 1016 772 est
1036 748 1047 778 ;
1077 733 1180 786 quasi
1210 734 1321 774 nobis
1338 733 1578 782 Suasoribus,
1598 749 1661 778 aut
1690 740 1806 779 etiam

24 796 31 799 “
84 789 315 831 Au&oribus
334 818 346 838 ,
376 787 453 827 hoc
473 787 657 841 quicquid
677 788 729 827 est
750 788 896 841 negotii
916 787 1042 827 aetum
1063 786 1187 828 fuisset
1207 818 1218 838 ‚
1248 803 1399 830 rumore
1420 789 1675 833 fundamento
1693 794 1807 835 desti-

82 856 166 884 tuto
187 844 337 883 nitatur.
392 841 483 882 Nec
503 854 651 882 tantum
669 842 781 882 nobis
809 842 988 882 sumimus
1009 853 1123 896 atque
1143 857 1385 896 arrogamus,
1415 856 1457 886 ut
1476 859 1547 885 nos
1562 846 1721 899 Judices
1741 860 1807 890 aut

81 897 257 939 Suasores
276 896 549 937 constituamus
568 898 606 936 in
627 896 734 937 causa
753 928 766 948 ,
796 911 911 951 quam
934 894 1012 936 Illis
1030 897 1323 939 examinandam
1344 911 1459 954 atque
1477 900 1732 943 decidendam
1751 918 1807 944 re-

78 953 283 1007 linquimus
303 982 314 1002 ,
344 951 393 990 ad
414 952 528 1004 Quos
547 952 643 992 illius
663 953 837 1007 cognitio
861 952 1035 1005 pertinet.

132 1008 182 1048 Et
201 1006 276 1047 hoc
296 1004 452 1061 quidem
481 1006 531 1046 ad
562 1007 686 1048 literas
714 1019 795 1047 tuas
813 1034 824 1056 ,
853 1005 1058 1060 plurimum
1090 1005 1323 1050 Venerande
1350 1009 1424 1052 Vir
1444 1036 1457 1057 ,
1495 1011 1806 1066 respondendum

78 1062 151 1104 effi:
176 1061 350 1103 duximus
369 1086 380 1106 ‚
411 1075 569 1115 quarum
593 1061 757 1116 proinde
777 1061 920 1116 singula
941 1062 1083 1116 Capita
1104 1063 1296 1117 persequi,
1327 1077 1406 1104 non
1427 1067 1702 1119 aggrediemur.
1745 1070 1807 1111 De

76 1129 225 1159 caetero
245 1147 256 1167 ‚
286 1117 413 1158 Deum
435 1116 543 1156 Pacis
565 1120 603 1155 &
626 1117 793 1157 veritatis
813 1118 1006 1157 wisorem
1028 1131 1074 1158 ex
1107 1118 1246 1158 intimo
1268 1120 1385 1160 animi
1417 1121 1556 1161 affei’m
1585 1136 1805 1177 precamur,

75 1185 117 1213 ut
136 1172 444 1225 tranquillitatem
463 1168 566 1225 apud
580 1172 662 1212 Vos
683 1171 870 1220 restituat,
891 1171 1078 1212 Ecclesiae
1096 1172 1262 1223 vestrae,
1275 1173 1337 1215 cui
1357 1173 1482 1215 nostra
1503 1178 1611 1216 omni
1632 1189 1806 1232 tempore

76 1227 149 1267 fuit
179 1225 481 1281 conjunffiflima
498 1256 510 1276 ,
542 1226 853 1281 Digniffimisque
884 1227 988 1267 Illius
1016 1227 1248 1268 Restoribus
1267 1259 1278 1278 ‚
1311 1229 1378 1270 det
1408 1230 1553 1283 semper
1587 1231 1748 1277 ἀληθεύειν
1778 1234 1806 1275 ἐν

75 1279 210 1331 ἀγάπῃ
231 1312 242 1332 ,
271 1281 334 1322 Te
355 1294 472 1330 vero,
502 1281 733 1322 Venerande
755 1282 926 1322 Domine
948 1282 1081 1322 Frater
1100 1312 1111 1331 ‚
1141 1283 1180 1321 in
1202 1283 1273 1322 hac
1290 1295 1354 1324 tua
1375 1284 1534 1325 Senefih
1555 1285 1685 1339 spiritu
1714 1289 1780 1330 suo
1794 1322 1805 1340 ‚

75 1348 179 1390 regat
199 1367 210 1386 ‚
242 1348 388 1377 tueatur
408 1366 420 1385 ,
450 1335 587 1376 soletur
609 1367 620 1385 ‚
650 1336 862 1377 confirmet.
915 1336 1011 1377 Vale
1031 1338 1070 1376 in
1092 1338 1280 1378 Domino.
1329 1339 1524 1381 Dabamus
1546 1341 1744 1384 Neocomi
1766 1346 1804 1384 in

75 1390 283 1433 Conventu
300 1390 431 1433 nostro
453 1391 634 1432 Generali
646 1423 657 1442 ,
687 1391 751 1432 die
770 1391 870 1432 sexta
890 1391 991 1445 Maji
1025 1403 1143 1445 1733.

514 1478 772 1520 Reverentiae
799 1475 933 1528 Tuae,

658 1541 917 1582 Addiffiffimi
947 1545 986 1581 &
1013 1538 1063 1581 ad
1093 1542 1220 1583 officia
1250 1539 1470 1598 paratissimi

696 1597 834 1628 Decanus
850 1597 884 1627 &
903 1595 1033 1626 Pastores
1050 1595 1246 1628 Ecclesiarum
1264 1598 1298 1628 N
1301 1601 1519 1631 eocornensium

738 1640 772 1670 &
790 1637 1064 1679 Valendmenfium,
1085 1649 1245 1680 eorumque
1254 1644 1390 1673 omnium
1407 1646 1528 1675 nomine

350 1690 573 1733 DSANDoz
595 1690 784 1732 Ecclesiae
805 1689 1088 1730 Neocomensis
1109 1690 1240 1730 Pastor
1253 1696 1290 1731 &
1302 1708 1375 1746 pro
1395 1706 1569 1749 tempore
1586 1698 1773 1741 Decanug,

208 1802 281 1843 Vir
311 1801 511 1841 admodum
545 1798 774 1840 Reverende
793 1831 805 1851 ,
835 1797 1085 1851 ‘DoHiffi'me‚
1115 1799 1326 1851 Clartffime
1346 1831 1358 1853 ,
1386 1803 1429 1843 in
1458 1803 1609 1858 Chrfsto
1630 1806 1772 1851 Frater

340 1855 552 1912 plurimum
574 1855 726 1895 colende
746 1882 757 1901 ,

169 1942 285 1982 Iteras
305 1953 386 1982 tuas
414 1940 502 1982 VII.
525 1941 668 1995 Aprilis
688 1940 738 1980 ad
757 1954 827 1981 nos
848 1938 1004 1994 scriptas
1025 1941 1261 1994 accepimus,
1291 1941 1428 1997 easque
1448 1945 1487 1984 in
1510 1945 1640 1989 Coetu
1671 1949 1802 1992 nostro

79 1942 167 2049 L
197 1996 324 2037 debita
344 2010 429 2037 cum
450 1997 661 2037 attentione
682 1996 840 2050 legimus
860 2007 975 2049 atque
995 1996 1256 2049 expendimus.
1314 1999 1500 2040 Dolemus
1519 2015 1620 2043 certe
1640 2031 1650 2049 ‚
1682 2008 1719 2042 δε
1740 2021 1806 2047 ve-

78 2051 273 2092 hementer
301 2052 456 2105 quidem
498 2051 671 2092 dolemus
692 2081 703 2100 ,
743 2050 849 2104 quod
884 2050 1045 2090 Ecclesia
1075 2051 1194 2091 vestra
1213 2082 1225 2101 ‚
1264 2052 1493 2106 Respublica
1514 2086 1525 2106 ‚
1563 2059 1803 2112 Academia,

80 2118 217 2161 tuaque
238 2106 429 2160 speciatim
452 2106 632 2151 Familia,
664 2107 801 2160 piaque
822 2118 885 2146 tua
904 2110 939 2146 ὅ(
957 2106 1105 2146 meliori
1127 2106 1225 2146 sorte
1246 2106 1363 2161 digna
1386 2108 1574 2157 senestus,
1598 2115 1804 2156 tristissimo

80 2162 145 2202 illo
174 2175 328 2215 tamque
348 2162 528 2201 diuturno
549 2160 701 2201 dissidio
723 2173 1036 2201 commoveantur
1059 2162 1268 2201 etiamnum
1298 2174 1412 2217 atque
1441 2165 1684 2221 adfligantur.
1727 2171 1805 2211 Sed

81 2217 156 2256 hoc
177 2217 353 2256 miramur
374 2216 480 2270 quod
501 2216 721 2266 refe1·s‚ess‘e
741 2216 842 2269 apud
865 2217 949 2257 Vos
971 2217 1037 2269 qui
1056 2216 1187 2257 dicant
1201 2247 1212 2266 ,
1242 2224 1367 2257 totum
1388 2218 1459 2258 hoc
1480 2226 1675 2274 negotium
1696 2226 1806 2266 nobis

70 2270 326 2325 fitadentibns
356 2281 474 2325 atque
496 2271 792 2322 approbantibus
807 2270 953 2325 gistum
977 2270 1045 2323 effe
1068 2292 1076 2317 ;
1106 2285 1194 2312 cum
1215 2285 1330 2312 nemo
1352 2272 1396 2314 sit
1424 2273 1675 2329 Vestratium,
1705 2282 1770 2334 qui
1790 2313 1803 2330 ,

82 2327 171 2366 inde
190 2327 236 2365 ab
263 2326 372 2367 initio
394 2327 504 2379 hujus
522 2327 596 2366 litis
614 2326 661 2366 ad
682 2326 910 2366 hodiernum
933 2327 1048 2379 usque
1072 2325 1174 2366 diem
1193 2356 1204 2376 ,
1236 2327 1311 2367 sive
1342 2329 1515 2381 privato,
1547 2332 1623 2373 five
1653 2335 1805 2388 publico

82 2382 263 2430 nomine,
295 2381 503 2435 quidquam
526 2383 635 2422 nobis
665 2381 735 2420 liac
767 2381 816 2421 de
845 2395 883 2421 re
911 2380 1116 2434 scripserit,
1147 2396 1218 2421 nec
1239 2381 1462 2424 sententiam
1488 2388 1655 2428 nostram
1683 2392 1806 2444 tequi-

84 2437 231 2485 siverit,
262 2450 331 2475 nec
351 2451 420 2475 rios
443 2451 607 2489 unquam
633 2438 670 2475 in
694 2437 823 2476 Coetu
848 2436 979 2475 nostro
1008 2436 1079 2475 hac
1096 2435 1145 2476 de
1166 2450 1204 2476 re
1225 2436 1555 2482 deliberaverimus
1574 2469 1585 2488 ,
1615 2444 1674 2483 vel
1694 2446 1807 2499 quid-

85 2505 196 2544 quam
218 2492 404 2544 egerimus
423 2505 485 2531 aut
506 2490 756 2543 scripserimus
778 2522 789 2540 ,
820 2490 926 2544 quod
949 2490 998 2529 ad
1022 2490 1096 2530 hoc
1119 2492 1316 2546 negotium
1339 2495 1554 2546 pertineret.
1596 2497 1686 2538 Nec
1702 2501 1806 2541 enim

85 2547 249 2585 nostrum
273 2546 345 2585 esse
362 2547 682 2596 existimavimus,
713 2546 838 2585 alieno
867 2546 1026 2598 negotio
1054 2559 1125 2585 nos
1155 2546 1363 2588 immiscere
1382 2580 1393 2598 ,
1422 2551 1529 2603 quod
1559 2552 1597 2592 in
1633 2556 1807 2596 manibus

85 2600 265 2640 Virorum
283 2600 658 2641 Prudentiss'iniorum
679 2612 757 2641 erat
777 2632 787 2650 ,
817 2600 999 2654 ignoratis
1020 2613 1196 2654 magnam
1220 2614 1366 2654 partem
1394 2605 1586 2660 utriusque
1614 2611 1730 2661 partis
1751 2625 1807 2651 ra·

84 2656 271 2699 tionibus,
303 2656 479 2709 nullaque
498 2656 564 2696 nisi
595 2670 641 2696 cx
671 2657 798 2711 vagis,
831 2656 972 2709 sibique
1002 2667 1135 2695 mutuo
1163 2658 1383 2705 contrariis,
1412 2662 1625 2703 rumoribus
1655 2666 1803 2706 notitia.

87 2711 198 2763 Quae
225 2710 330 2750 causa
348 2710 401 2749 est
418 2712 531 2750 etiam
555 2741 565 2760 ‚
596 2711 668 2752 Vir
689 2709 899 2750 admodum
928 2709 1180 2755 Reverende,
1211 2712 1467 2755 Eruditiffime
1487 2746 1498 2765 ,
1527 2717 1807 2770 Celeberrime‚

88 2778 152 2803 cur
170 2765 232 2804 Te
254 2779 429 2818 rogemus
453 2777 493 2805 ut
515 2766 708 2806 excusatos
729 2780 800 2806 nos
830 2766 967 2805 habeas
987 2796 997 2814 ,
1028 2764 1054 2804 si
1083 2778 1131 2804 ne
1159 2780 1260 2806 nunc
1289 2768 1445 2818 quidem
1464 2801 1475 2819 ,
1508 2784 1613 2824 parte
1638 2775 1808 2816 inaudita

90 2818 201 2858 altera
222 2846 231 2864 ,
260 2819 457 2873 multisque
478 2821 603 2861 adhuc
625 2822 808 2876 ignoratis
828 2834 924 2874 quae
946 2820 1026 2859 sciri
1045 2832 1240 2873 oporteret
1261 2852 1273 2870 ‚
1300 2822 1484 2873 judicium
1506 2828 1675 2868 nostrum
1696 2830 1810 2870 inter-

90 2885 282 2925 ponamus.
339 2875 430 2914 Hoc
451 2876 600 2916 interim
624 2875 824 2916 adfirmare
844 2874 1036 2929 possumus
1057 2904 1069 2924 ,
1098 2889 1169 2914 nos
1190 2876 1468 2919 mitissimorum
1491 2884 1530 2920 δε
1560 2883 1810 2924 moderatissi-

91 2940 237 2966 morum
257 2928 496 2970 consiliorum
517 2961 527 2979 ‚
557 2930 665 2971 salvis
688 2931 810 2971 modo
830 2929 1011 2970 Veritatis
1038 2929 1182 2982 juribus
1200 2961 1210 2979 ‚
1240 2933 1372 2984 quavis
1394 2934 1483 2974 data
1511 2938 1711 2979 occasione
1732 2938 1812 2979 sua-

91 2980 191 3020 sores
210 2980 300 3021 fore.
353 2983 503 3024 Liberet
523 2986 626 3026 Deus
647 2992 737 3039 Opt.
759 2986 864 3026 Max.
887 2984 1069 3024 Ecclesias
1091 2984 1257 3034 nostras,
1280 2987 1548 3040 Respublicas,
1570 2993 1810 3043 Academias,

92 3035 139 3074 ab
160 3036 334 3075 omnibus
350 3036 552 3089 scandalis,
580 3039 740 3080 dissidiis
753 3071 764 3090 ,
794 3040 918 3084 vitiis,
940 3039 1147 3085 erroribus,
1173 3039 1433 3095 Infundatque
1452 3044 1642 3086 servorum
1661 3048 1811 3088 suorum

92 3090 266 3129 omnium
285 3091 416 3131 animis
431 3094 612 3134 sincerum
625 3094 807 3135 Veritatis
820 3094 978 3134 &Pacis
992 3093 1181 3140 studium,
1195 3106 1235 3135 ut
1256 3094 1466 3140 ἀληθέυοντες
1496 3099 1523 3138 ἐν
1550 3098 1685 3151 ἀγάπη
1704 3104 1742 3140 in
1762 3115 1812 3141 eo

92 3143 346 3184 adolescamus
365 3146 430 3197 qui
449 3159 561 3200 caput
582 3149 635 3188 est
655 3151 829 3189 omnium
849 3148 1015 3188 Christo.
1073 3149 1199 3189 Deum
1227 3151 1342 3191 etiam
1360 3166 1514 3193 oramus
1531 3184 1543 3203 ,
1573 3154 1646 3195 Vir
1664 3155 1813 3194 Admo-

94 3198 186 3239 dum
207 3198 437 3241 Reverende
455 3231 467 3250 ‚
498 3203 755 3245 Eruditiffime
778 3229 790 3250 ,
820 3204 1100 3296 Celeberringle,
1129 3205 1168 3243 in
1190 3204 1348 3246 Christo
1376 3206 1508 3247 Frater
1528 3208 1731 3261 plurimum
1748 3224 1813 3249 co-

988 3262 1023 3297 D
1734 3264 1813 3304 len-
