1976 3519
151 214 207 255 η.
535 198 1527 243 PROLEGOMENA.

136 318 175 340 „
202 287 438 343 Epistolam,
478 286 627 341 inquit,
650 286 816 341 Joannis
846 287 1011 342 primam
1041 286 1294 329 vetustissimis
1319 285 1598 328 characteribus
1624 285 1811 342 scriptam
1829 288 1870 330 in

124 343 174 395 s„
190 384 192 386 .
208 343 396 385 Vaticana
424 340 665 384 Bibliotheca
690 341 847 384 tandem
876 344 1020 397 reperi,
1042 344 1148 396 cujus
1177 340 1304 382 versus
1324 340 1368 397 [1
1391 341 1443 382 ad
1461 340 1524 396 4.]
1566 342 1738 396 Capituli
1757 358 1871 398 quar·

136 397 191 449 “‚‚³‚⁴
207 399 237 441 ti
264 398 349 440 sunt
377 401 450 440 &c.
488 397 582 438 item
608 409 656 438 ex
687 397 826 452 quinto
856 396 906 451 (7
924 396 975 438 ad
1008 397 1097 449 11.)
1155 396 1267 437 Haec
1287 397 1328 438 in
1345 397 1481 451 quibus
1499 396 1547 438 ab
1564 396 1746 451 impreffis
1766 399 1872 440 codi⁴

134 458 176 503 ·.‚',
204 453 309 494 cibus
339 452 564 503 dissideant,
593 465 675 493 non
706 451 761 493 est
789 451 897 505 quod
918 467 940 493 a
960 465 1022 493 me
1041 451 1226 493 docearis.
1279 452 1438 506 Siquid
1456 452 1548 502 erit,
1575 452 1617 492 in
1638 466 1718 507 quo
1733 453 1872 506 judici,

142 519 175 558 ς,
204 515 427 556 υιη,ηιευηι’
455 508 652 562 exquires,
688 519 768 547 non
797 517 876 547 tam
904 506 945 547 in
971 507 1032 548 his
1059 521 1175 571 quam
1196 507 1237 546 in
1257 507 1446 561 plerisque
1466 507 1568 558 aliis,
1598 506 1707 562 super
1735 508 1872 562 quibus

146 587 175 613 ,ὁ
200 562 408 605 (ἰοᾶοῑυτη
426 562 621 604 altercatio
638 563 716 611 est,
743 560 839 601 nihil
856 572 981 603 tecum
1002 561 1275 603 dissimulanter
1294 561 1355 603 vel
1366 559 1642 603 mussitabunde
1650 562 1873 617 agam,sed,

140 628 184 668 ³„
205 630 247 659 ut
268 631 329 660 me
346 618 470 664 nosti,
499 616 761 672 parrhesiastes
780 619 892 657 ero''.
946 618 998 658 Et
1013 616 1084 670 J0.
1115 616 1297 668 Genestus
1316 614 1363 656 de
1393 616 1610 670 Sepulveda
1639 617 1810 672 Epistola
1834 632 1872 672 3.

147 672 234 719 Libri
259 687 291 714 1.
321 673 371 715 ad
389 674 588 714 Erasmum
607 673 678 714 ΑΟ.
709 683 831 725 1533.
860 671 1017 726 scripta:
1046 702 1072 723 „
1102 671 1193 721 Est,
1222 671 1371 725 inquit,
1402 672 1872 726 Graecumexemplaran-

146 728 450 783 „'tiquissimum
477 729 518 768 in
549 726 790 768 Bibliotheca
821 726 1033 777 Vaticana,
1063 728 1104 767 in
1133 740 1214 780 quo
1243 725 1523 780 diligentiffime
1543 731 1582 767 &
1604 727 1874 770 accuratissime

141 812 176 834 .„
204 783 320 824 literis
338 782 554 837 majusculis
573 781 830 835 conscriptum
850 791 1053 834 utrumque
1073 780 1362 822 Testamentum
1371 782 1738 835 continetur,longe
1748 782 1875 824 diver-

144 864 178 887 „
207 838 287 879 sum
320 853 342 879 a
370 838 533 893 vulgatis
562 836 848 890 exemplaribus.
875 856 956 867 ----·
983 837 1078 877 Hoc
1099 847 1224 877 autem
1245 836 1438 890 eitemplar
1458 838 1632 878 omnium
1650 837 1724 877 esst:
1744 851 1874 880 emen-

146 919 175 944 „
205 893 436 934 datiffimum
456 906 544 933 cum
562 892 644 946 ejus
663 891 868 945 antiquitas
887 891 1054 932 declarat
1073 895 1114 930 &
1133 891 1272 931 librarii
1294 890 1493 946 diligentia
1505 918 1515 937 ‚
1547 904 1628 933 tum
1650 892 1758 946 quod
1776 893 1874 933 mul-

145 973 173 999 ,-,
201 959 282 989 tum
315 948 499 989 convenit
525 960 614 988 cum
631 947 751 987 veteri
771 947 899 987 nostra
918 946 1187 996 translatione,
1216 959 1314 1000 quae
1333 946 1496 987 dubitari
1516 960 1596 987 non
1614 947 1747 997 debet,
1764 949 1875 1002 ‚quin

143 1014 171 1054 „
200 1017 246 1044 ex
264 1002 570 1044 emendatissimo
589 1015 746 1056 quoque
764 1001 973 1056 exemplari
988 1001 1170 1042 conversa
1188 1013 1304 1055 atque
1321 1000 1461 1042 tradita
1478 1002 1592 1042 nobis
1613 1001 1658 1053 sit
1677 1017 1699 1042 a
1720 1004 1876 1057 majoris

143 1086 171 1110 „
200 1058 276 1099 bus.
332 1057 438 1098 Cum
465 1058 580 1112 igitur
607 1055 659 1096 ad
689 1057 785 1097 illius
812 1056 1036 1110 exemplaris
1063 1056 1184 1097 fidem
1209 1068 1325 1110 atque
1344 1070 1519 1097 normam
1539 1057 1678 1098 caeteri
1695 1055 1780 1098 libri
1799 1057 1876 1100 fint

142 1123 170 1164 3,
197 1111 431 1154 emendandi
451 1127 495 1152 ac
512 1110 705 1166 dirigendi
724 1143 736 1162 ‚
765 1111 861 1165 quid
879 1125 978 1165 opus
998 1111 1101 1152 fasto
1122 1110 1189 1161 fit,
1218 1111 1298 1165 ipse
1320 1111 1616 1153 confiderabis”.
1669 1112 1727 1152 Ea
1745 1123 1879 1157 autem

143 1179 224 1216 erat
255 1167 418 1218 Codicis
436 1168 540 1208 istius
560 1166 661 1208 fama
674 1197 687 1217 ‚
715 1178 758 1208 ut
781 1164 999 1207 Theodorus
1020 1165 1252 1207 Bibliander
1271 1166 1453 1208 Thomae
1473 1166 1655 1208 Blaurero
1675 1166 1849 1211 scriberet
1862 1182 1878 1209 ·.

141 1253 170 1274 ,,
200 1223 355 1277 promisi
377 1223 579 1277 pecuniam
599 1221 877 1276 quantamlibet
898 1235 970 1276 pro
988 1221 1195 1276 exemplari
1216 1221 1369 1262 Graeco
1388 1235 1435 1263 ex
1453 1222 1640 1264 Vaticana
1661 1222 1874 1266 Bibliothe-

141 1308 170 1329 „
196 1293 241 1319 ca
269 1277 574 1326 evidentiffim0;
604 1277 710 1331 cujus
737 1276 835 1318 mihi
862 1277 968 1331 spem
987 1276 1146 1331 quidam
1167 1277 1306 1331 optimi
1333 1277 1407 1318 viri
1425 1277 1671 1330 injecerunt”.
1701 1275 1876 1318 Hottin=

132 1337 217 1387 ger.
247 1332 526 1374 Bibliothecar.
555 1346 593 1386 p.
621 1345 688 1384 97.
744 1332 864 1373 Istum
893 1331 1086 1373 Codicem
1117 1331 1325 1372 Wernerus
1354 1331 1632 1386 Noviomagus
1649 1363 1663 1383 ,
1713 1332 1874 1374 Atreba-

143 1388 257 1437 tenfis
277 1388 447 1443 Collegii
465 1387 633 1442 praeses,
662 1401 751 1427 cum
771 1387 879 1429 edito
899 1387 1085 1438 contulit,
1114 1401 1194 1442 quo
1216 1386 1254 1428 se
1272 1388 1313 1427 in
1333 1387 1551 1442 Evangeliis
1561 1387 1690 1433 usum,
1718 1387 1880 1429 mirum.-

142 1451 218 1497 qu'e
236 1444 276 1484 in
297 1443 458 1487 modum
474 1443 646 1497 adjutum
666 1441 804 1483 fatetur
828 1443 962 1483 Lucas
984 1441 1201 1497 Brugenfis.
1253 1440 1433 1482 Eundem
1454 1442 1570 1483 etiam
1589 1443 1794 1484 Antonius
1812 1442 1874 1483 A-

131 1497 283 1551 gellius
302 1499 405 1539 notis
427 1499 468 1538 in
491 1497 682 1552 Cyrillum
699 1500 739 1537 &
758 1497 828 1550 J0.
859 1496 1121 1537 Maldonatus
1139 1497 1180 1537 in
1193 1496 1494 1537 Commentariis
1503 1497 1607 1537 citat.
1636 1497 1747 1538 Idem
1757 1498 1879 1553 Agel-

139 1553 211 1603 lius
240 1553 281 1595 in
311 1553 379 1595 suo
403 1553 454 1594 ad
482 1553 652 1594 Psalmos
681 1553 960 1593 commentario
978 1552 1155 1603 testatur,
1181 1552 1223 1592 in
1243 1551 1396 1593 Codice
1412 1552 1480 1593 illo
1496 1552 1756 1606 antiquissimo
1775 1567 1797 1593 a
1817 1567 1876 1594 re-

138 1608 310 1650 centiore
338 1622 454 1649 manu
482 1608 602 1650 multa
630 1607 738 1650 fuisse
759 1607 965 1661 depravata
985 1607 1034 1647 ad
1052 1607 1168 1648 libros
1196 1607 1453 1656 recentiores;
1497 1608 1606 1662 quod
1627 1607 1875 1650 confirmatur

138 1662 292 1709 duobus
320 1664 403 1706 aliis
434 1664 590 1706 testibus
618 1663 778 1705 oculatis
798 1663 844 1704 E.
873 1664 926 1704 R.
956 1661 1194 1717 (Eufibium
1216 1661 1509 1704 Renaudotium
1529 1662 1727 1718 intelligo)
1755 1676 1880 1717 quem.

137 1718 231 1759 citat
249 1718 298 1770 J.
326 1718 361 1757 le
381 1719 498 1771 Long
516 1717 758 1758 Bibliotheca
776 1717 890 1760 Sacra
907 1748 919 1766 ,
931 1720 970 1756 δε
981 1716 1033 1759 V.
1047 1716 1111 1757 Cl.
1122 1717 1610 1770 mihiqueamiciffimojo.
1622 1718 1880 1761 DANIELE

137 1771 567 1823 SCHOEPFLINO,
595 1771 806 1812 Profeffore
828 1771 1086 1812 Historiarum
1105 1771 1420 1825 &Eloquentiae
1436 1771 1477 1810 in
1495 1770 1706 1812 Academia
1726 1773 1878 1827 Argen.-

137 1824 287 1872 kineiifi.
343 1828 524 1881 Denique
555 1827 608 1868 R.
639 1825 852 1880 Bentlejus
878 1825 987 1867 hunc
1001 1825 1195 1880 Codicem
1208 1839 1296 1866 cum
1314 1825 1429 1866 editis
1446 1837 1618 1867 accurate
1637 1826 1802 1867 conferri
1812 1842 1880 1870 cu-

141 1884 240 1924 ravit
247 1914 259 1934 ,
282 1883 396 1936 cujus
413 1882 629 1924 collationis
650 1881 804 1934 copiam
822 1881 921 1922 mihi
936 1880 1019 1921 fieri
1037 1880 1171 1921 frustra
1190 1879 1422 1930 defideravi,
1459 1882 1549 1935 quia
1570 1881 1751 1934 possessor
1771 1882 1879 1932 scheq

140 1937 278 1981 dar-um
307 1938 476 1987 illarum,
506 1940 546 1977 δε
575 1950 598 1977 a
616 1936 889 1991 Cantabrigia,
917 1935 983 1976 ubi
1015 1934 1177 1976 schedae
1204 1935 1534 1987 custodiebantur,
1564 1940 1605 1976 ὃς
1625 1951 1646 1977 a
1666 1937 1874 1989 Londino,

139 1993 206 2034 ubi
235 2007 303 2047 per
329 2003 481 2046 tempus
507 1992 622 2033 breve
648 1991 915 2032 commorabar
935 2021 946 2040 ,
976 1990 1074 2031 ultra
1095 1989 1180 2031 CL.
1208 1990 1269 2034 M.
1295 1990 1339 2031 P.
1370 1990 1510 2031 aberat.
1565 1992 1790 2033 Defi'der-avi
1811 2007 1880 2044 au-

139 2060 240 2098 tem,
270 2061 351 2088 non
382 2046 491 2102 quod
519 2046 638 2088 multa
667 2045 720 2087 ad
740 2060 866 2087 veram
887 2045 1094 2087 lectionem
1114 2045 1169 2087 N.
1197 2045 1248 2086 T.
1277 2045 1540 2086 stabiliendam
1558 2047 1650 2087 inde
1670 2048 1751 2100 peti
1771 2047 1877 2100 poste

137 2102 331 2157 sperabam
343 2134 356 2154 ,
386 2102 451 2144 sed
469 2114 512 2143 ut
530 2102 591 2143 vel
610 2102 687 2142 hoc
707 2102 918 2151 constaret,
948 2100 1142 2142 Codicem
1161 2100 1300 2142 nullius
1317 2100 1393 2141 effe
1411 2101 1641 2149 autoritatis;
1672 2102 1880 2144 deindeui:

137 2159 237 2199 inter
255 2169 469 2213 pugnantes
488 2157 694 2198 doitorum
715 2156 765 2198 de
782 2157 860 2198 hoc
880 2155 1015 2197 codice
1032 2155 1237 2199 sententias
1256 2170 1344 2198 vera
1362 2155 1567 2210 dijudicari
1584 2169 1699 2212 atque
1715 2156 1879 2200 demon..

137 2213 243 2253 strari
292 2213 397 2254 offet.

193 2227 391 2310 Haeptenus
421 2269 525 2309 enim
555 2267 673 2323 vulgo
700 2267 889 2308 creditum
909 2267 984 2317 est,
1013 2265 1195 2308 Editores
1215 2265 1504 2319 Complutenfts
1525 2266 1602 2308 hoc
1621 2267 1704 2321 ipso
1724 2268 1882 2310 Codice

138 2322 336 2364 Vaticano
356 2323 442 2364 usos
459 2322 588 2372 fuisse,
619 2323 728 2376 quod
748 2322 898 2376 ipsimet
920 2321 1131 2377 significare
1149 2321 1376 2364 videbantur
1395 2332 1477 2363 tum
1493 2323 1532 2362 in
1561 2323 1732 2378 Prologo
1752 2324 1804 2366 V.
1826 2323 1881 2365 T.

137 2409 163 2429 ,‚
193 2378 318 2431 Qiod
337 2391 464 2420 autem
487 2378 537 2418 ad
558 2379 748 2418 Graecam
768 2377 990 2431 scripturam
1010 2377 1170 2423 attinet,
1198 2375 1292 2417 illud
1314 2387 1352 2417 te
1371 2390 1452 2417 non
1464 2377 1578 2418 latere
1588 2378 1881 2429 volumus‚non

137 2463 164 2485 „
195 2433 364 2489 vulgaria
394 2433 457 2474 seu
477 2444 619 2474 temere
640 2433 768 2473 oblata
795 2432 1025 2486 exemplaria
1047 2431 1155 2473 fuisse
1182 2432 1272 2472 huic
1297 2432 1446 2473 nostrae
1463 2432 1627 2473 editioni
1646 2434 1882 2488 archetvpa,

137 2519 165 2540 „
193 2487 260 2529 sed
282 2488 524 2530 vetustiffima
545 2488 651 2529 simul
673 2492 713 2528 &
733 2486 1055 2537 emendatiffima‚
1085 2500 1184 2541 quae
1203 2486 1382 2528 Sanffiss.
1413 2487 1464 2528 D.
1494 2486 1552 2528 N.
1580 2487 1664 2528 Leo
1682 2489 1736 2529 X.
1764 2489 1881 2530 Pont.

136 2573 165 2595 ‚,
195 2544 302 2583 Max.
333 2544 480 2598 coeptis
503 2543 649 2584 ⁴nostris
673 2543 840 2597 aspirans
869 2556 916 2584 ex
952 2542 1035 2597 ipsa
1063 2542 1290 2597 Apostolica
1316 2540 1558 2584 Bibliotheca
1584 2542 1636 2583 ad
1661 2557 1733 2583 nos
1755 2543 1879 2594 mifit,

137 2623 166 2650 „
194 2599 598 2653 tantae'integritatis‚
625 2609 690 2647 ut,
717 2598 787 2639 nisi
811 2598 865 2639 eis
897 2597 1009 2651 plena
1031 2597 1128 2639 fides
1146 2597 1413 2647 adhiberetur,
1453 2597 1589 2651 reliqui
1610 2598 1703 2638 nulli
1724 2598 1798 2639 este
1823 2600 1880 2640 vi-

136 2680 164 2705 „
193 2652 377 2698 deantur,
408 2653 544 2707 quibus
570 2654 709 2694 merito
736 2653 782 2694 fit
809 2652 1030 2694 adhibenda
1039 2655 1074 2693 ’'.
1102 2652 1210 2694 Tum
1229 2653 1270 2693 in
1290 2651 1587 2706 praefatiuncula
1606 2651 1656 2692 ad
1674 2653 1879 2694 Le&orem

137 2708 197 2750 N.
225 2708 275 2748 T.
305 2707 492 2761 praefixa:
525 2739 550 2759 „
580 2709 633 2749 Et
655 2720 697 2749 ut
718 2707 1038 2762 praefatiunculae
1057 2707 1215 2749 tandem
1234 2708 1323 2749 huic
1342 2706 1482 2748 modus
1511 2708 1754 2761 imponatur,
1784 2708 1880 2749 illud

138 2793 166 2814 „
195 2763 488 2807 lestorem‘non
515 2764 652 2815 lateat,
682 2777 764 2804 non
783 2763 939 2818 quaevis
957 2763 1188 2818 exemplaria
1207 2761 1429 2818 inpressioni
1449 2762 1539 2803 huic
1560 2763 1767 2818 archetypa
1789 2762 1882 2804 fuis-

137 2848 166 2868 2,
194 2817 254 2864 se,
282 2815 350 2858 sed
366 2817 620 2872 antiquiffima
642 2823 681 2859 ὃ(
701 2817 1026 2868 emendatissima,
1055 2833 1099 2859 ac
1119 2829 1247 2859 tantae
1269 2828 1461 2872 praeterea
1479 2817 1879 2867 vetustatis,utfidem

118 2882 166 2924 ‘,‚
194 2873 249 2914 eis
276 2872 459 2926 abrogare
485 2872 593 2914 nefas
612 2873 798 2915 videatur.
850 2875 965 2927 Qiae
988 2872 1235 2914 sanffiffimus
1257 2873 1298 2913 in
1317 2872 1476 2913 Christo
1496 2883 1605 2925 pater
1625 2875 1662 2911 &
1686 2873 1882 2915 Dominus

134 2954 165 2978 ‚,
193 2927 322 2968 noster
351 2928 440 2968 Leo>
456 2926 626 2969 decimus
645 2928 827 2970 Pontifex
845 2928 1150 2979 maximus‚huic
1170 2928 1342 2970 instituto
1362 2926 1489 2968 favere
1509 2927 1668 2980 cupiens
1681 2941 1749 2977 ,ex
1770 2930 1807 2969 A
1837 2943 1882 2975 ον,

135 2981 324 3034 ,,-.ί’[οὶίςει
356 2982 596 3024 Bibliotheca
623 2982 761 3024 edusta
792 2983 891 3024 misit
919 2983 970 3024 ad
989 2983 1362 3025 Reverendifl'imum
1382 2982 1598 3023 Dominum
1629 2981 1802 3023 Cardina
1816 2996 1879 3026 em

134 3067 164 3089 „
195 3036 445 3090 Hispaniae”;
474 3049 555 3078 tum
578 3037 751 3091 inprimis
773 3038 812 3077 in
834 3037 999 3092 prologo
1019 3038 1069 3079 ad
1079 3039 1252 3080 Leonem
1265 3037 1316 3078 X.
1330 3036 1691 3078 FrancisciSimenii
1720 3068 1745 3087 „
1759 3038 1883 3079 Grae·

136 3118 166 3144 „
192 3107 239 3139 ca
266 3092 475 3134 ,sanffitati
502 3104 591 3134 tuae
611 3092 815 3138 debemus,
843 3094 912 3147 qui
931 3107 979 3133 ex
1000 3093 1070 3133 ista
1091 3092 1318 3147 Apostolica
1338 3091 1580 3133 Bibliotheca
1602 3091 1881 3146 antiquissimos

132 3173 161 3199 ‚2
173 3147 346 3191 sstu'uizV.
374 3157 457 3193 tum
471 3154 473 3157 '
486 3147 543 3189 Ν.
559 3147 624 3188 Τ.
648 3148 769 3201 libros
789 3161 975 3202 perquam
994 3148 1162 3191 humane
1178 3147 1230 3190 ad
1247 3160 1321 3191 nos
1338 3146 1492 3191 mifisti:
1522 3147 1590 3203 qui
1610 3148 1723 3190 nobis
1741 3148 1782 3188 in
1803 3145 1880 3187 hoc'

130 3202 353 3262 „negocio
371 3202 541 3246 maximo
558 3201 710 3246 fuerunt
727 3202 962 3258 adjumento.
1763 3202 1878 3243 Haec
