<?xml version="1.0" encoding="UTF-8"?>
<!DOCTYPE html PUBLIC "-//W3C//DTD XHTML 1.0 Transitional//EN"
    "http://www.w3.org/TR/xhtml1/DTD/xhtml1-transitional.dtd">
<html xmlns="http://www.w3.org/1999/xhtml" xml:lang="en" lang="en">
 <head>
  <title>
</title>
<meta http-equiv="Content-Type" content="text/html;charset=utf-8" />
  <meta name='ocr-system' content='tesseract 3.04.00' />
  <meta name='ocr-capabilities' content='ocr_page ocr_carea ocr_par ocr_line ocrx_word'/>
</head>
<body>
  <div class='ocr_page' id='page_1' title='image "./hekainediatheken00clem_0101.png"; bbox 0 0 1976 3519; ppageno 0'>
   <div class='ocr_carea' id='block_1_1' title="bbox 80 229 1827 3286">
    <p class='ocr_par' dir='ltr' id='par_1_1' title="bbox 443 229 1822 373">
     <span class='ocr_line' id='line_1_1' title="bbox 443 229 1822 289; baseline 0.001 -11"><span class='ocrx_word' id='word_1_1' title='bbox 443 229 1438 278; x_wconf 68' lang='lat' dir='ltr'><strong>PROLEGOMENA·</strong></span> <span class='ocrx_word' id='word_1_2' title='bbox 1769 234 1822 289; x_wconf 74' lang='lat'><strong>89</strong></span> 
     </span>
     <span class='ocr_line' id='line_1_2' title="bbox 546 317 1320 373; baseline -0.003 -11"><span class='ocrx_word' id='word_1_3' title='bbox 546 321 608 362; x_wconf 80' lang='lat' dir='ltr'><strong>D.</strong></span> <span class='ocrx_word' id='word_1_4' title='bbox 639 321 803 361; x_wconf 79' lang='lat' dir='ltr'><strong>Erasmi</strong></span> <span class='ocrx_word' id='word_1_5' title='bbox 832 317 1096 360; x_wconf 70' lang='lat' dir='ltr'><strong>Roterodami&#39;</strong></span> <span class='ocrx_word' id='word_1_6' title='bbox 1118 318 1320 373; x_wconf 83' lang='lat' dir='ltr'><em>Apologia.</em></span> 
     </span>
    </p>

    <p class='ocr_par' dir='ltr' id='par_1_2' title="bbox 80 374 1827 3274">
     <span class='ocr_line' id='line_1_3' title="bbox 145 374 1820 434; baseline -0.001 -14"><span class='ocrx_word' id='word_1_7' title='bbox 145 374 227 434; x_wconf 72' lang='lat' dir='ltr'><strong>Jar&#39;n</strong></span> <span class='ocrx_word' id='word_1_8' title='bbox 247 385 288 419; x_wconf 79' lang='lat' dir='ltr'><strong>‘ut</strong></span> <span class='ocrx_word' id='word_1_9' title='bbox 308 386 502 418; x_wconf 86' lang='lat' dir='ltr'><strong>occurram</strong></span> <span class='ocrx_word' id='word_1_10' title='bbox 530 375 725 430; x_wconf 81' lang='lat' dir='ltr'>Apologia</span> <span class='ocrx_word' id='word_1_11' title='bbox 754 374 1030 423; x_wconf 83' lang='lat' dir='ltr'><strong>reclamaturis,</strong></span> <span class='ocrx_word' id='word_1_12' title='bbox 1060 374 1195 414; x_wconf 86' lang='lat' dir='ltr'><strong>Paulus</strong></span> <span class='ocrx_word' id='word_1_13' title='bbox 1217 375 1449 427; x_wconf 88' lang='lat' dir='ltr'><strong>Apostolus,</strong></span> <span class='ocrx_word' id='word_1_14' title='bbox 1480 375 1663 418; x_wconf 82' lang='lat' dir='ltr'><strong>referente</strong></span> <span class='ocrx_word' id='word_1_15' title='bbox 1692 377 1820 429; x_wconf 83' lang='lat' dir='ltr'><strong>Luca,</strong></span> 
     </span>
     <span class='ocr_line' id='line_1_4' title="bbox 93 428 1822 484; baseline -0.001 -8"><span class='ocrx_word' id='word_1_16' title='bbox 93 435 327 476; x_wconf 81' lang='lat' dir='ltr'><strong>fortunatum</strong></span> <span class='ocrx_word' id='word_1_17' title='bbox 359 432 432 472; x_wconf 90' lang='lat' dir='ltr'><strong>sese</strong></span> <span class='ocrx_word' id='word_1_18' title='bbox 464 431 677 484; x_wconf 87' lang='lat' dir='ltr'><strong>praedicat,</strong></span> <span class='ocrx_word' id='word_1_19' title='bbox 707 429 815 484; x_wconf 92' lang='lat' dir='ltr'><strong>quod</strong></span> <span class='ocrx_word' id='word_1_20' title='bbox 838 428 941 482; x_wconf 91' lang='lat' dir='ltr'><strong>apud</strong></span> <span class='ocrx_word' id='word_1_21' title='bbox 961 429 1174 484; x_wconf 74' lang='lat' dir='ltr'>Agrippam</span> <span class='ocrx_word' id='word_1_22' title='bbox 1197 443 1268 483; x_wconf 92' lang='lat' dir='ltr'><strong>pro</strong></span> <span class='ocrx_word' id='word_1_23' title='bbox 1285 429 1322 469; x_wconf 89' lang='lat' dir='ltr'><strong>se</strong></span> <span class='ocrx_word' id='word_1_24' title='bbox 1342 430 1489 470; x_wconf 90' lang='lat' dir='ltr'><strong>causam</strong></span> <span class='ocrx_word' id='word_1_25' title='bbox 1511 431 1678 473; x_wconf 69' lang='lat' dir='ltr'><strong>disturus</strong></span> <span class='ocrx_word' id='word_1_26' title='bbox 1708 432 1822 484; x_wconf 71' lang='lat' dir='ltr'><strong>esset,</strong></span> 
     </span>
     <span class='ocr_line' id='line_1_5' title="bbox 93 483 1824 543; baseline -0.001 -13"><span class='ocrx_word' id='word_1_27' title='bbox 93 491 153 530; x_wconf 90' lang='lat' dir='ltr'><strong>cui</strong></span> <span class='ocrx_word' id='word_1_28' title='bbox 182 501 337 543; x_wconf 88' lang='lat' dir='ltr'><strong>propter</strong></span> <span class='ocrx_word' id='word_1_29' title='bbox 368 486 554 526; x_wconf 79' lang='lat' dir='ltr'>diutinam</span> <span class='ocrx_word' id='word_1_30' title='bbox 576 499 663 526; x_wconf 89' lang='lat' dir='ltr'><strong>cum</strong></span> <span class='ocrx_word' id='word_1_31' title='bbox 676 485 835 538; x_wconf 87' lang='lat' dir='ltr'><strong>Judaeis</strong></span> <span class='ocrx_word' id='word_1_32' title='bbox 856 483 1190 531; x_wconf 81' lang='lat' dir='ltr'><strong>consuetudinem,</strong></span> <span class='ocrx_word' id='word_1_33' title='bbox 1220 495 1277 523; x_wconf 85' lang='lat' dir='ltr'><strong>res</strong></span> <span class='ocrx_word' id='word_1_34' title='bbox 1296 497 1453 534; x_wconf 89' lang='lat' dir='ltr'><strong>omnes,</strong></span> <span class='ocrx_word' id='word_1_35' title='bbox 1483 486 1521 524; x_wconf 92' lang='lat' dir='ltr'><strong>in</strong></span> <span class='ocrx_word' id='word_1_36' title='bbox 1548 487 1682 539; x_wconf 86' lang='lat' dir='ltr'><strong>quibus</strong></span> <span class='ocrx_word' id='word_1_37' title='bbox 1701 501 1824 529; x_wconf 68' lang='lat' dir='ltr'><strong>verte-³</strong></span> 
     </span>
     <span class='ocr_line' id='line_1_6' title="bbox 93 538 1826 598; baseline -0.001 -13"><span class='ocrx_word' id='word_1_38' title='bbox 93 545 201 586; x_wconf 85' lang='lat' dir='ltr'><strong>batur</strong></span> <span class='ocrx_word' id='word_1_39' title='bbox 222 541 585 598; x_wconf 84' lang='lat' dir='ltr'><strong>quaestio,maxime</strong></span> <span class='ocrx_word' id='word_1_40' title='bbox 608 540 785 594; x_wconf 83' lang='lat' dir='ltr'><strong>cognitae</strong></span> <span class='ocrx_word' id='word_1_41' title='bbox 804 551 1097 592; x_wconf 82' lang='lat' dir='ltr'><strong>compertaeque</strong></span> <span class='ocrx_word' id='word_1_42' title='bbox 1119 538 1247 578; x_wconf 79' lang='lat' dir='ltr'><strong>essent.</strong></span> <span class='ocrx_word' id='word_1_43' title='bbox 1275 540 1406 592; x_wconf 87' lang='lat' dir='ltr'><strong>Atque</strong></span> <span class='ocrx_word' id='word_1_44' title='bbox 1425 541 1570 580; x_wconf 85' lang='lat' dir='ltr'><strong>utinam</strong></span> <span class='ocrx_word' id='word_1_45' title='bbox 1593 543 1731 582; x_wconf 91' lang='lat' dir='ltr'><strong>eodem</strong></span> <span class='ocrx_word' id='word_1_46' title='bbox 1754 558 1826 585; x_wconf 67' lang='lat' dir='ltr'><strong>no⁴</strong></span> 
     </span>
     <span class='ocr_line' id='line_1_7' title="bbox 93 592 1824 651; baseline -0.001 -11"><span class='ocrx_word' id='word_1_47' title='bbox 93 601 196 640; x_wconf 89' lang='lat' dir='ltr'><strong>mine</strong></span> <span class='ocrx_word' id='word_1_48' title='bbox 214 598 308 638; x_wconf 89' lang='lat' dir='ltr'><strong>mihi</strong></span> <span class='ocrx_word' id='word_1_49' title='bbox 329 609 483 649; x_wconf 90' lang='lat' dir='ltr'><strong>quoque</strong></span> <span class='ocrx_word' id='word_1_50' title='bbox 503 594 677 649; x_wconf 89' lang='lat' dir='ltr'><strong>gratulari</strong></span> <span class='ocrx_word' id='word_1_51' title='bbox 698 592 831 648; x_wconf 85' lang='lat' dir='ltr'><strong>possim</strong></span> <span class='ocrx_word' id='word_1_52' title='bbox 845 625 855 644; x_wconf 89' lang='lat'><strong>,</strong></span> <span class='ocrx_word' id='word_1_53' title='bbox 873 594 933 634; x_wconf 91' lang='lat' dir='ltr'><strong>cui</strong></span> <span class='ocrx_word' id='word_1_54' title='bbox 952 593 1064 647; x_wconf 87' lang='lat' dir='ltr'><strong>plane</strong></span> <span class='ocrx_word' id='word_1_55' title='bbox 1084 593 1272 634; x_wconf 89' lang='lat' dir='ltr'><strong>diversum</strong></span> <span class='ocrx_word' id='word_1_56' title='bbox 1293 593 1478 647; x_wconf 80' lang='lat' dir='ltr'><strong>quiddam</strong></span> <span class='ocrx_word' id='word_1_57' title='bbox 1500 594 1565 635; x_wconf 90' lang='lat' dir='ltr'><strong>usu</strong></span> <span class='ocrx_word' id='word_1_58' title='bbox 1584 597 1690 636; x_wconf 86' lang='lat' dir='ltr'><strong>venit</strong></span> <span class='ocrx_word' id='word_1_59' title='bbox 1709 609 1824 651; x_wconf 86' lang='lat' dir='ltr'><strong>atque</strong></span> 
     </span>
     <span class='ocr_line' id='line_1_8' title="bbox 92 647 1822 704; baseline -0.002 -9"><span class='ocrx_word' id='word_1_60' title='bbox 92 655 222 695; x_wconf 90' lang='lat' dir='ltr'><strong>Paulo.</strong></span> <span class='ocrx_word' id='word_1_61' title='bbox 250 650 357 692; x_wconf 85' lang='lat' dir='ltr'><strong>Nam</strong></span> <span class='ocrx_word' id='word_1_62' title='bbox 390 664 439 690; x_wconf 92' lang='lat' dir='ltr'><strong>ne</strong></span> <span class='ocrx_word' id='word_1_63' title='bbox 462 663 559 704; x_wconf 86' lang='lat' dir='ltr'><strong>opus</strong></span> <span class='ocrx_word' id='word_1_64' title='bbox 587 650 641 689; x_wconf 90' lang='lat' dir='ltr'><strong>est</strong></span> <span class='ocrx_word' id='word_1_65' title='bbox 670 648 826 703; x_wconf 88' lang='lat' dir='ltr'><strong>quidem</strong></span> <span class='ocrx_word' id='word_1_66' title='bbox 859 649 970 688; x_wconf 90' lang='lat' dir='ltr'><strong>nobis</strong></span> <span class='ocrx_word' id='word_1_67' title='bbox 999 647 1212 702; x_wconf 79' lang='lat' dir='ltr'><strong>Apologia,</strong></span> <span class='ocrx_word' id='word_1_68' title='bbox 1244 648 1310 688; x_wconf 83' lang='lat' dir='ltr'><strong>nisi</strong></span> <span class='ocrx_word' id='word_1_69' title='bbox 1335 648 1439 702; x_wconf 89' lang='lat' dir='ltr'><strong>apud</strong></span> <span class='ocrx_word' id='word_1_70' title='bbox 1468 649 1581 699; x_wconf 86' lang='lat' dir='ltr'><strong>istos,</strong></span> <span class='ocrx_word' id='word_1_71' title='bbox 1609 652 1674 704; x_wconf 88' lang='lat' dir='ltr'><strong>qui</strong></span> <span class='ocrx_word' id='word_1_72' title='bbox 1695 663 1822 692; x_wconf 90' lang='lat' dir='ltr'><strong>totum</strong></span> 
     </span>
     <span class='ocr_line' id='line_1_9' title="bbox 91 703 1821 760; baseline -0.001 -11"><span class='ocrx_word' id='word_1_73' title='bbox 91 710 169 749; x_wconf 87' lang='lat' dir='ltr'><strong>hoc</strong></span> <span class='ocrx_word' id='word_1_74' title='bbox 185 707 380 760; x_wconf 84' lang='lat' dir='ltr'><strong>negotium</strong></span> <span class='ocrx_word' id='word_1_75' title='bbox 394 735 405 753; x_wconf 91' lang='lat'>‚</span> <span class='ocrx_word' id='word_1_76' title='bbox 435 704 483 744; x_wconf 90' lang='lat' dir='ltr'><strong>de</strong></span> <span class='ocrx_word' id='word_1_77' title='bbox 503 719 582 758; x_wconf 93' lang='lat' dir='ltr'><strong>quo</strong></span> <span class='ocrx_word' id='word_1_78' title='bbox 603 703 859 744; x_wconf 84' lang='lat' dir='ltr'><strong>controversia</strong></span> <span class='ocrx_word' id='word_1_79' title='bbox 879 704 954 753; x_wconf 91' lang='lat' dir='ltr'><strong>est,</strong></span> <span class='ocrx_word' id='word_1_80' title='bbox 987 713 1066 743; x_wconf 86' lang='lat' dir='ltr'><strong>non</strong></span> <span class='ocrx_word' id='word_1_81' title='bbox 1087 703 1325 757; x_wconf 85' lang='lat' dir='ltr'><strong>intelligunt,</strong></span> <span class='ocrx_word' id='word_1_82' title='bbox 1355 718 1426 743; x_wconf 90' lang='lat' dir='ltr'><strong>nec</strong></span> <span class='ocrx_word' id='word_1_83' title='bbox 1445 704 1617 757; x_wconf 90' lang='lat' dir='ltr'><strong>prorsum</strong></span> <span class='ocrx_word' id='word_1_84' title='bbox 1637 706 1748 746; x_wconf 88' lang='lat' dir='ltr'><strong>aliam</strong></span> <span class='ocrx_word' id='word_1_85' title='bbox 1769 707 1821 747; x_wconf 87' lang='lat' dir='ltr'><strong>ob</strong></span> 
     </span>
     <span class='ocr_line' id='line_1_10' title="bbox 92 757 1827 814; baseline -0.001 -11"><span class='ocrx_word' id='word_1_86' title='bbox 92 763 235 804; x_wconf 86' lang='lat' dir='ltr'><strong>causam</strong></span> <span class='ocrx_word' id='word_1_87' title='bbox 256 759 550 809; x_wconf 81' lang='lat' dir='ltr'><strong>calumniantur,</strong></span> <span class='ocrx_word' id='word_1_88' title='bbox 580 759 647 798; x_wconf 82' lang='lat' dir='ltr'><strong>nisi</strong></span> <span class='ocrx_word' id='word_1_89' title='bbox 675 758 782 813; x_wconf 89' lang='lat' dir='ltr'><strong>quod</strong></span> <span class='ocrx_word' id='word_1_90' title='bbox 806 772 885 799; x_wconf 91' lang='lat' dir='ltr'><strong>non</strong></span> <span class='ocrx_word' id='word_1_91' title='bbox 910 757 1132 812; x_wconf 85' lang='lat' dir='ltr'><strong>intelligant.</strong></span> <span class='ocrx_word' id='word_1_92' title='bbox 1171 758 1370 812; x_wconf 86' lang='lat' dir='ltr'><strong>Siquidem</strong></span> <span class='ocrx_word' id='word_1_93' title='bbox 1393 758 1495 812; x_wconf 84' lang='lat' dir='ltr'><strong>apud</strong></span> <span class='ocrx_word' id='word_1_94' title='bbox 1515 773 1604 809; x_wconf 91' lang='lat' dir='ltr'><strong>eos,</strong></span> <span class='ocrx_word' id='word_1_95' title='bbox 1635 761 1701 814; x_wconf 91' lang='lat' dir='ltr'><strong>qui</strong></span> <span class='ocrx_word' id='word_1_96' title='bbox 1721 761 1827 802; x_wconf 88' lang='lat' dir='ltr'><strong>Lati-</strong></span> 
     </span>
     <span class='ocr_line' id='line_1_11' title="bbox 91 812 1823 870; baseline -0.001 -12"><span class='ocrx_word' id='word_1_97' title='bbox 91 832 179 868; x_wconf 88' lang='lat' dir='ltr'><strong>nas,</strong></span> <span class='ocrx_word' id='word_1_98' title='bbox 211 816 378 856; x_wconf 86' lang='lat' dir='ltr'><strong>Graecas</strong></span> <span class='ocrx_word' id='word_1_99' title='bbox 410 817 447 852; x_wconf 89' lang='lat'>&amp;</span> <span class='ocrx_word' id='word_1_100' title='bbox 480 815 689 854; x_wconf 81' lang='lat' dir='ltr'><strong>Hebraicas</strong></span> <span class='ocrx_word' id='word_1_101' title='bbox 719 814 842 854; x_wconf 86' lang='lat' dir='ltr'><strong>literas</strong></span> <span class='ocrx_word' id='word_1_102' title='bbox 868 813 927 854; x_wconf 85' lang='lat' dir='ltr'><strong>vel</strong></span> <span class='ocrx_word' id='word_1_103' title='bbox 947 812 996 852; x_wconf 88' lang='lat' dir='ltr'><strong>ad</strong></span> <span class='ocrx_word' id='word_1_104' title='bbox 1016 813 1320 853; x_wconf 81' lang='lat' dir='ltr'><strong>mediocritatem</strong></span> <span class='ocrx_word' id='word_1_105' title='bbox 1340 813 1607 867; x_wconf 88' lang='lat' dir='ltr'><strong>degustarunt,</strong></span> <span class='ocrx_word' id='word_1_106' title='bbox 1637 816 1703 870; x_wconf 89' lang='lat' dir='ltr'><strong>qui</strong></span> <span class='ocrx_word' id='word_1_107' title='bbox 1727 816 1823 857; x_wconf 85' lang='lat' dir='ltr'><strong>serio</strong></span> 
     </span>
     <span class='ocr_line' id='line_1_12' title="bbox 89 867 1822 925; baseline -0.001 -12"><span class='ocrx_word' id='word_1_108' title='bbox 89 873 130 912; x_wconf 93' lang='lat' dir='ltr'><strong>in</strong></span> <span class='ocrx_word' id='word_1_109' title='bbox 150 870 379 925; x_wconf 84' lang='lat' dir='ltr'><strong>vestigandis</strong></span> <span class='ocrx_word' id='word_1_110' title='bbox 398 868 552 909; x_wconf 90' lang='lat' dir='ltr'><strong>divinae</strong></span> <span class='ocrx_word' id='word_1_111' title='bbox 571 869 784 922; x_wconf 86' lang='lat' dir='ltr'><strong>Scripturae</strong></span> <span class='ocrx_word' id='word_1_112' title='bbox 803 868 1008 922; x_wconf 89' lang='lat' dir='ltr'><strong>mysteriis,</strong></span> <span class='ocrx_word' id='word_1_113' title='bbox 1039 869 1104 921; x_wconf 89' lang='lat' dir='ltr'><strong>qui</strong></span> <span class='ocrx_word' id='word_1_114' title='bbox 1125 867 1281 908; x_wconf 85' lang='lat' dir='ltr'><strong>feliciter</strong></span> <span class='ocrx_word' id='word_1_115' title='bbox 1302 883 1345 909; x_wconf 88' lang='lat' dir='ltr'><strong>ac</strong></span> <span class='ocrx_word' id='word_1_116' title='bbox 1373 868 1577 923; x_wconf 87' lang='lat' dir='ltr'><strong>diligenter</strong></span> <span class='ocrx_word' id='word_1_117' title='bbox 1604 871 1643 910; x_wconf 94' lang='lat' dir='ltr'><strong>in</strong></span> <span class='ocrx_word' id='word_1_118' title='bbox 1667 871 1822 913; x_wconf 80' lang='lat' dir='ltr'><strong>vetustis</strong></span> 
     </span>
     <span class='ocr_line' id='line_1_13' title="bbox 88 923 1824 978; baseline -0.001 -11"><span class='ocrx_word' id='word_1_119' title='bbox 88 927 180 977; x_wconf 81' lang='lat' dir='ltr'><strong>ilhs,</strong></span> <span class='ocrx_word' id='word_1_120' title='bbox 211 940 254 966; x_wconf 85' lang='lat' dir='ltr'><strong>ac</strong></span> <span class='ocrx_word' id='word_1_121' title='bbox 284 938 363 965; x_wconf 91' lang='lat' dir='ltr'><strong>non</strong></span> <span class='ocrx_word' id='word_1_122' title='bbox 390 924 514 964; x_wconf 91' lang='lat' dir='ltr'><strong>minus</strong></span> <span class='ocrx_word' id='word_1_123' title='bbox 536 926 632 965; x_wconf 90' lang='lat' dir='ltr'><strong>veris</strong></span> <span class='ocrx_word' id='word_1_124' title='bbox 653 937 768 977; x_wconf 87' lang='lat' dir='ltr'><strong>quam</strong></span> <span class='ocrx_word' id='word_1_125' title='bbox 793 923 968 973; x_wconf 86' lang='lat' dir='ltr'><strong>vetustis,</strong></span> <span class='ocrx_word' id='word_1_126' title='bbox 991 923 1208 977; x_wconf 84' lang='lat' dir='ltr'><strong>&#39;Theologis</strong></span> <span class='ocrx_word' id='word_1_127' title='bbox 1227 923 1360 964; x_wconf 87' lang='lat' dir='ltr'><strong>versati</strong></span> <span class='ocrx_word' id='word_1_128' title='bbox 1380 924 1591 974; x_wconf 91' lang='lat' dir='ltr'><strong>sunt,nihil</strong></span> <span class='ocrx_word' id='word_1_129' title='bbox 1613 925 1824 978; x_wconf 83' lang='lat' dir='ltr'><strong>addubito,</strong></span> 
     </span>
     <span class='ocr_line' id='line_1_14' title="bbox 87 977 1823 1037; baseline 0.001 -15"><span class='ocrx_word' id='word_1_130' title='bbox 87 983 180 1037; x_wconf 88' lang='lat' dir='ltr'><strong>quin</strong></span> <span class='ocrx_word' id='word_1_131' title='bbox 208 994 385 1035; x_wconf 88' lang='lat' dir='ltr'><strong>magnam</strong></span> <span class='ocrx_word' id='word_1_132' title='bbox 421 979 578 1020; x_wconf 83' lang='lat' dir='ltr'><strong>initurus</strong></span> <span class='ocrx_word' id='word_1_133' title='bbox 609 979 677 1019; x_wconf 81' lang='lat' dir='ltr'><strong>sim</strong></span> <span class='ocrx_word' id='word_1_134' title='bbox 698 981 879 1033; x_wconf 83' lang='lat' dir='ltr'><strong>gratiam,</strong></span> <span class='ocrx_word' id='word_1_135' title='bbox 910 977 1054 1018; x_wconf 80' lang='lat' dir='ltr'><strong>etiamsi</strong></span> <span class='ocrx_word' id='word_1_136' title='bbox 1075 978 1180 1031; x_wconf 91' lang='lat' dir='ltr'><strong>quod</strong></span> <span class='ocrx_word' id='word_1_137' title='bbox 1203 991 1362 1019; x_wconf 87' lang='lat' dir='ltr'><strong>conatus</strong></span> <span class='ocrx_word' id='word_1_138' title='bbox 1382 979 1460 1019; x_wconf 85' lang='lat' dir='ltr'><strong>sum</strong></span> <span class='ocrx_word' id='word_1_139' title='bbox 1486 993 1620 1033; x_wconf 83' lang='lat' dir='ltr'><strong>parum</strong></span> <span class='ocrx_word' id='word_1_140' title='bbox 1640 981 1823 1023; x_wconf 74' lang='lat' dir='ltr'><strong>assecutus</strong></span> 
     </span>
     <span class='ocr_line' id='line_1_15' title="bbox 86 1033 1824 1091; baseline -0.001 -13"><span class='ocrx_word' id='word_1_141' title='bbox 86 1037 204 1078; x_wconf 85' lang='lat' dir='ltr'><strong>fuero.</strong></span> <span class='ocrx_word' id='word_1_142' title='bbox 233 1034 402 1076; x_wconf 89' lang='lat' dir='ltr'><strong>Proinde</strong></span> <span class='ocrx_word' id='word_1_143' title='bbox 421 1035 515 1074; x_wconf 91' lang='lat' dir='ltr'><strong>mite</strong></span> <span class='ocrx_word' id='word_1_144' title='bbox 536 1034 622 1084; x_wconf 83' lang='lat' dir='ltr'><strong>fiet,</strong></span> <span class='ocrx_word' id='word_1_145' title='bbox 651 1046 694 1073; x_wconf 94' lang='lat' dir='ltr'><strong>ut</strong></span> <span class='ocrx_word' id='word_1_146' title='bbox 714 1033 849 1088; x_wconf 85' lang='lat' dir='ltr'><strong>quibus</strong></span> <span class='ocrx_word' id='word_1_147' title='bbox 869 1034 940 1072; x_wconf 88' lang='lat' dir='ltr'><strong>hac</strong></span> <span class='ocrx_word' id='word_1_148' title='bbox 969 1046 1087 1086; x_wconf 90' lang='lat' dir='ltr'><strong>opera</strong></span> <span class='ocrx_word' id='word_1_149' title='bbox 1114 1033 1239 1072; x_wconf 85' lang='lat' dir='ltr'><strong>nostra</strong></span> <span class='ocrx_word' id='word_1_150' title='bbox 1262 1048 1341 1073; x_wconf 91' lang='lat' dir='ltr'><strong>non</strong></span> <span class='ocrx_word' id='word_1_151' title='bbox 1371 1047 1605 1089; x_wconf 81' lang='lat' dir='ltr'><strong>magnopere</strong></span> <span class='ocrx_word' id='word_1_152' title='bbox 1625 1036 1679 1076; x_wconf 92' lang='lat' dir='ltr'><strong>est</strong></span> <span class='ocrx_word' id='word_1_153' title='bbox 1700 1050 1824 1091; x_wconf 75' lang='lat' dir='ltr'><strong>opus,</strong></span> 
     </span>
     <span class='ocr_line' id='line_1_16' title="bbox 84 1087 1821 1146; baseline 0.001 -14"><span class='ocrx_word' id='word_1_154' title='bbox 84 1093 225 1146; x_wconf 89' lang='lat' dir='ltr'><strong>quique</strong></span> <span class='ocrx_word' id='word_1_155' title='bbox 244 1090 311 1130; x_wconf 91' lang='lat' dir='ltr'><strong>soli</strong></span> <span class='ocrx_word' id='word_1_156' title='bbox 330 1090 511 1130; x_wconf 84' lang='lat' dir='ltr'><strong>damnare</strong></span> <span class='ocrx_word' id='word_1_157' title='bbox 530 1089 718 1143; x_wconf 82' lang='lat' dir='ltr'><strong>quaedam</strong></span> <span class='ocrx_word' id='word_1_158' title='bbox 736 1088 905 1142; x_wconf 76' lang='lat' dir='ltr'><strong>possent,</strong></span> <span class='ocrx_word' id='word_1_159' title='bbox 935 1087 1042 1142; x_wconf 88' lang='lat' dir='ltr'><strong>quod</strong></span> <span class='ocrx_word' id='word_1_160' title='bbox 1061 1088 1113 1128; x_wconf 89' lang='lat' dir='ltr'><strong>ob</strong></span> <span class='ocrx_word' id='word_1_161' title='bbox 1133 1088 1317 1128; x_wconf 83' lang='lat' dir='ltr'><strong>bonarum</strong></span> <span class='ocrx_word' id='word_1_162' title='bbox 1347 1090 1522 1142; x_wconf 82' lang='lat' dir='ltr'><strong>peritiam</strong></span> <span class='ocrx_word' id='word_1_163' title='bbox 1543 1090 1732 1132; x_wconf 85' lang='lat' dir='ltr'><strong>literarum</strong></span> <span class='ocrx_word' id='word_1_164' title='bbox 1755 1107 1821 1133; x_wconf 59' lang='lat' dir='ltr'><strong>va*</strong></span> 
     </span>
     <span class='ocr_line' id='line_1_17' title="bbox 84 1143 1822 1200; baseline 0.001 -13"><span class='ocrx_word' id='word_1_165' title='bbox 84 1147 185 1187; x_wconf 91' lang='lat' dir='ltr'><strong>leant</strong></span> <span class='ocrx_word' id='word_1_166' title='bbox 200 1145 390 1200; x_wconf 88' lang='lat' dir='ltr'><strong>judicare,</strong></span> <span class='ocrx_word' id='word_1_167' title='bbox 420 1145 446 1183; x_wconf 89' lang='lat' dir='ltr'><strong>ii</strong></span> <span class='ocrx_word' id='word_1_168' title='bbox 468 1158 547 1184; x_wconf 92' lang='lat' dir='ltr'><strong>non</strong></span> <span class='ocrx_word' id='word_1_169' title='bbox 571 1144 689 1185; x_wconf 86' lang='lat' dir='ltr'><strong>solum</strong></span> <span class='ocrx_word' id='word_1_170' title='bbox 711 1144 963 1197; x_wconf 89' lang='lat' dir='ltr'><strong>comprobent</strong></span> <span class='ocrx_word' id='word_1_171' title='bbox 983 1143 1049 1183; x_wconf 88' lang='lat' dir='ltr'><strong>suo</strong></span> <span class='ocrx_word' id='word_1_172' title='bbox 1070 1143 1248 1197; x_wconf 84' lang='lat' dir='ltr'><strong>suffragio</strong></span> <span class='ocrx_word' id='word_1_173' title='bbox 1280 1144 1447 1184; x_wconf 85' lang='lat' dir='ltr'><strong>nostram</strong></span> <span class='ocrx_word' id='word_1_174' title='bbox 1480 1145 1725 1196; x_wconf 86' lang='lat' dir='ltr'><strong>industriam,</strong></span> <span class='ocrx_word' id='word_1_175' title='bbox 1756 1162 1822 1188; x_wconf 89' lang='lat' dir='ltr'><strong>ve-</strong></span> 
     </span>
     <span class='ocr_line' id='line_1_18' title="bbox 85 1198 1826 1254; baseline 0 -12"><span class='ocrx_word' id='word_1_176' title='bbox 85 1212 169 1242; x_wconf 75' lang='lat' dir='ltr'><strong>‘rum</strong></span> <span class='ocrx_word' id='word_1_177' title='bbox 188 1202 301 1241; x_wconf 85' lang='lat' dir='ltr'><strong>etiam</strong></span> <span class='ocrx_word' id='word_1_178' title='bbox 323 1200 480 1254; x_wconf 87' lang='lat' dir='ltr'><strong>gratiam</strong></span> <span class='ocrx_word' id='word_1_179' title='bbox 501 1199 603 1239; x_wconf 82' lang='lat' dir='ltr'><strong>haud</strong></span> <span class='ocrx_word' id='word_1_180' title='bbox 625 1199 818 1254; x_wconf 84' lang='lat' dir='ltr'><strong>vulgarem</strong></span> <span class='ocrx_word' id='word_1_181' title='bbox 839 1199 1024 1239; x_wconf 80' lang='lat' dir='ltr'><strong>habeant:</strong></span> <span class='ocrx_word' id='word_1_182' title='bbox 1053 1198 1205 1237; x_wconf 84' lang='lat' dir='ltr'><strong>Contra</strong></span> <span class='ocrx_word' id='word_1_183' title='bbox 1226 1199 1291 1252; x_wconf 90' lang='lat' dir='ltr'><strong>qui</strong></span> <span class='ocrx_word' id='word_1_184' title='bbox 1310 1198 1411 1239; x_wconf 91' lang='lat' dir='ltr'><strong>hisce</strong></span> <span class='ocrx_word' id='word_1_185' title='bbox 1432 1198 1482 1239; x_wconf 94' lang='lat' dir='ltr'><strong>de</strong></span> <span class='ocrx_word' id='word_1_186' title='bbox 1504 1200 1612 1240; x_wconf 86' lang='lat' dir='ltr'><strong>rebus</strong></span> <span class='ocrx_word' id='word_1_187' title='bbox 1623 1202 1728 1241; x_wconf 89' lang='lat' dir='ltr'><strong>nullo</strong></span> <span class='ocrx_word' id='word_1_188' title='bbox 1741 1216 1826 1242; x_wconf 73' lang='lat' dir='ltr'><strong>mo-</strong></span> 
     </span>
     <span class='ocr_line' id='line_1_19' title="bbox 83 1253 1820 1312; baseline 0 -17"><span class='ocrx_word' id='word_1_189' title='bbox 83 1257 138 1297; x_wconf 91' lang='lat' dir='ltr'><strong>do</strong></span> <span class='ocrx_word' id='word_1_190' title='bbox 166 1255 318 1310; x_wconf 78' lang='lat' dir='ltr'><strong>possunt</strong></span> <span class='ocrx_word' id='word_1_191' title='bbox 350 1253 444 1295; x_wconf 89' lang='lat' dir='ltr'><strong>ferre</strong></span> <span class='ocrx_word' id='word_1_192' title='bbox 473 1254 718 1305; x_wconf 86' lang='lat' dir='ltr'><strong>sententiam,</strong></span> <span class='ocrx_word' id='word_1_193' title='bbox 750 1258 789 1294; x_wconf 71' lang='grc' dir='ltr'><strong>ὃς</strong></span> <span class='ocrx_word' id='word_1_194' title='bbox 821 1254 897 1294; x_wconf 90' lang='lat' dir='ltr'><strong>hoc</strong></span> <span class='ocrx_word' id='word_1_195' title='bbox 925 1254 1045 1307; x_wconf 85' lang='lat' dir='ltr'><strong>magis</strong></span> <span class='ocrx_word' id='word_1_196' title='bbox 1074 1266 1188 1307; x_wconf 87' lang='lat' dir='ltr'><strong>egent</strong></span> <span class='ocrx_word' id='word_1_197' title='bbox 1224 1253 1335 1305; x_wconf 88' lang='lat' dir='ltr'><strong>hujus</strong></span> <span class='ocrx_word' id='word_1_198' title='bbox 1364 1254 1500 1294; x_wconf 87' lang='lat' dir='ltr'><strong>laboris</strong></span> <span class='ocrx_word' id='word_1_199' title='bbox 1525 1255 1711 1307; x_wconf 82' lang='lat' dir='ltr'><strong>subsidio,</strong></span> <span class='ocrx_word' id='word_1_200' title='bbox 1740 1272 1820 1312; x_wconf 91' lang='lat' dir='ltr'><strong>quo</strong></span> 
     </span>
     <span class='ocr_line' id='line_1_20' title="bbox 82 1309 1824 1366; baseline 0.001 -15"><span class='ocrx_word' id='word_1_201' title='bbox 82 1311 232 1366; x_wconf 90' lang='lat' dir='ltr'><strong>longius</strong></span> <span class='ocrx_word' id='word_1_202' title='bbox 251 1309 382 1350; x_wconf 87' lang='lat' dir='ltr'><strong>absunt</strong></span> <span class='ocrx_word' id='word_1_203' title='bbox 400 1325 420 1350; x_wconf 87' lang='lat' dir='ltr'><strong>a</strong></span> <span class='ocrx_word' id='word_1_204' title='bbox 441 1310 551 1350; x_wconf 88' lang='lat' dir='ltr'><strong>bonis</strong></span> <span class='ocrx_word' id='word_1_205' title='bbox 569 1309 706 1358; x_wconf 88' lang='lat' dir='ltr'><strong>literis,</strong></span> <span class='ocrx_word' id='word_1_206' title='bbox 733 1310 759 1349; x_wconf 91' lang='lat' dir='ltr'><strong>ii</strong></span> <span class='ocrx_word' id='word_1_207' title='bbox 779 1323 858 1349; x_wconf 92' lang='lat' dir='ltr'><strong>non</strong></span> <span class='ocrx_word' id='word_1_208' title='bbox 882 1309 1002 1349; x_wconf 91' lang='lat' dir='ltr'><strong>solum</strong></span> <span class='ocrx_word' id='word_1_209' title='bbox 1024 1322 1103 1348; x_wconf 90' lang='lat' dir='ltr'><strong>non</strong></span> <span class='ocrx_word' id='word_1_210' title='bbox 1126 1309 1406 1362; x_wconf 53' lang='lat' dir='ltr'><strong>amplectuntur</strong></span> <span class='ocrx_word' id='word_1_211' title='bbox 1426 1323 1524 1363; x_wconf 90' lang='lat' dir='ltr'><strong>opus</strong></span> <span class='ocrx_word' id='word_1_212' title='bbox 1557 1310 1725 1363; x_wconf 88' lang='lat' dir='ltr'><strong>ipsorum</strong></span> <span class='ocrx_word' id='word_1_213' title='bbox 1755 1326 1824 1366; x_wconf 74' lang='lat' dir='ltr'><strong>pa—</strong></span> 
     </span>
     <span class='ocr_line' id='line_1_21' title="bbox 81 1363 1820 1420; baseline 0.001 -13"><span class='ocrx_word' id='word_1_214' title='bbox 81 1379 202 1407; x_wconf 87' lang='lat' dir='ltr'><strong>ratum</strong></span> <span class='ocrx_word' id='word_1_215' title='bbox 223 1365 322 1411; x_wconf 90' lang='lat' dir='ltr'><strong>usui,</strong></span> <span class='ocrx_word' id='word_1_216' title='bbox 354 1379 483 1406; x_wconf 85' lang='lat' dir='ltr'><strong>verum</strong></span> <span class='ocrx_word' id='word_1_217' title='bbox 504 1365 620 1406; x_wconf 90' lang='lat' dir='ltr'><strong>etiam</strong></span> <span class='ocrx_word' id='word_1_218' title='bbox 640 1365 882 1418; x_wconf 87' lang='lat' dir='ltr'><strong>obstrepent,</strong></span> <span class='ocrx_word' id='word_1_219' title='bbox 912 1363 1259 1413; x_wconf 83' lang='lat' dir='ltr'><strong>calumniabuntur,</strong></span> <span class='ocrx_word' id='word_1_220' title='bbox 1290 1363 1549 1414; x_wconf 64' lang='lat' dir='ltr'><strong>damnabunt,</strong></span> <span class='ocrx_word' id='word_1_221' title='bbox 1581 1379 1744 1420; x_wconf 91' lang='lat' dir='ltr'><strong>quorum</strong></span> <span class='ocrx_word' id='word_1_222' title='bbox 1767 1368 1820 1409; x_wconf 85' lang='lat' dir='ltr'><strong>al-</strong></span> 
     </span>
     <span class='ocr_line' id='line_1_22' title="bbox 81 1417 1822 1476; baseline 0.001 -14"><span class='ocrx_word' id='word_1_223' title='bbox 81 1433 203 1462; x_wconf 91' lang='lat' dir='ltr'><strong>terum</strong></span> <span class='ocrx_word' id='word_1_224' title='bbox 225 1433 414 1462; x_wconf 86' lang='lat' dir='ltr'><strong>extremae</strong></span> <span class='ocrx_word' id='word_1_225' title='bbox 433 1419 628 1473; x_wconf 89' lang='lat' dir='ltr'><strong>cujusdam</strong></span> <span class='ocrx_word' id='word_1_226' title='bbox 653 1420 935 1474; x_wconf 86' lang='lat' dir='ltr'><strong>ingratitudinis</strong></span> <span class='ocrx_word' id='word_1_227' title='bbox 958 1417 1032 1460; x_wconf 75' lang='lat' dir='ltr'><strong>csse</strong></span> <span class='ocrx_word' id='word_1_228' title='bbox 1052 1417 1201 1460; x_wconf 88' lang='lat' dir='ltr'><strong>videtur</strong></span> <span class='ocrx_word' id='word_1_229' title='bbox 1218 1450 1229 1469; x_wconf 89' lang='lat'><strong>,</strong></span> <span class='ocrx_word' id='word_1_230' title='bbox 1258 1419 1414 1460; x_wconf 80' lang='lat' dir='ltr'><strong>alterum</strong></span> <span class='ocrx_word' id='word_1_231' title='bbox 1441 1419 1597 1475; x_wconf 85' lang='lat' dir='ltr'><strong>insignis</strong></span> <span class='ocrx_word' id='word_1_232' title='bbox 1618 1421 1822 1476; x_wconf 70' lang='lat' dir='ltr'><strong>impuden=</strong></span> 
     </span>
     <span class='ocr_line' id='line_1_23' title="bbox 80 1474 1822 1531; baseline 0.002 -15"><span class='ocrx_word' id='word_1_233' title='bbox 80 1477 165 1517; x_wconf 86' lang='lat' dir='ltr'><strong>tiae.</strong></span> <span class='ocrx_word' id='word_1_234' title='bbox 222 1475 333 1529; x_wconf 82' lang='lat' dir='ltr'><strong>Quid</strong></span> <span class='ocrx_word' id='word_1_235' title='bbox 363 1475 464 1516; x_wconf 88' lang='lat' dir='ltr'><strong>enim</strong></span> <span class='ocrx_word' id='word_1_236' title='bbox 493 1475 587 1530; x_wconf 84' lang='lat' dir='ltr'><strong>fingi</strong></span> <span class='ocrx_word' id='word_1_237' title='bbox 612 1476 736 1529; x_wconf 89' lang='lat' dir='ltr'><strong>potest</strong></span> <span class='ocrx_word' id='word_1_238' title='bbox 767 1475 1055 1529; x_wconf 89' lang='lat' dir='ltr'><strong>impudentius,</strong></span> <span class='ocrx_word' id='word_1_239' title='bbox 1083 1489 1197 1528; x_wconf 83' lang='lat' dir='ltr'><strong>quam</strong></span> <span class='ocrx_word' id='word_1_240' title='bbox 1231 1474 1413 1516; x_wconf 78' lang='lat' dir='ltr'><strong>damnare</strong></span> <span class='ocrx_word' id='word_1_241' title='bbox 1442 1475 1599 1526; x_wconf 84' lang='lat' dir='ltr'><strong>librum,</strong></span> <span class='ocrx_word' id='word_1_242' title='bbox 1629 1491 1743 1531; x_wconf 91' lang='lat' dir='ltr'><strong>quem</strong></span> <span class='ocrx_word' id='word_1_243' title='bbox 1772 1491 1822 1521; x_wconf 85' lang='lat' dir='ltr'><strong>ne</strong></span> 
     </span>
     <span class='ocr_line' id='line_1_24' title="bbox 80 1530 1820 1587; baseline 0.001 -15"><span class='ocrx_word' id='word_1_244' title='bbox 80 1531 213 1587; x_wconf 88' lang='lat' dir='ltr'><strong>legeris</strong></span> <span class='ocrx_word' id='word_1_245' title='bbox 232 1531 409 1586; x_wconf 88' lang='lat' dir='ltr'><strong>quidem,</strong></span> <span class='ocrx_word' id='word_1_246' title='bbox 440 1542 520 1571; x_wconf 89' lang='lat' dir='ltr'><strong>tum</strong></span> <span class='ocrx_word' id='word_1_247' title='bbox 540 1530 753 1585; x_wconf 83' lang='lat' dir='ltr'><strong>ejusmodi,</strong></span> <span class='ocrx_word' id='word_1_248' title='bbox 781 1543 844 1579; x_wconf 91' lang='lat' dir='ltr'><strong>ut,</strong></span> <span class='ocrx_word' id='word_1_249' title='bbox 878 1530 903 1570; x_wconf 89' lang='lat' dir='ltr'><strong>si</strong></span> <span class='ocrx_word' id='word_1_250' title='bbox 929 1531 1091 1570; x_wconf 83' lang='lat' dir='ltr'><strong>maxime</strong></span> <span class='ocrx_word' id='word_1_251' title='bbox 1124 1530 1246 1585; x_wconf 76' lang='lat' dir='ltr'><strong>legas,</strong></span> <span class='ocrx_word' id='word_1_252' title='bbox 1277 1542 1407 1571; x_wconf 80' lang='lat' dir='ltr'><strong>tamen</strong></span> <span class='ocrx_word' id='word_1_253' title='bbox 1435 1530 1577 1585; x_wconf 84' lang='lat' dir='ltr'><strong>absque</strong></span> <span class='ocrx_word' id='word_1_254' title='bbox 1606 1531 1820 1586; x_wconf 84' lang='lat' dir='ltr'><strong>linguarum</strong></span> 
     </span>
     <span class='ocr_line' id='line_1_25' title="bbox 81 1584 1822 1641; baseline 0.001 -14"><span class='ocrx_word' id='word_1_255' title='bbox 81 1587 215 1641; x_wconf 90' lang='lat' dir='ltr'><strong>peritia</strong></span> <span class='ocrx_word' id='word_1_256' title='bbox 237 1587 482 1640; x_wconf 85' lang='lat' dir='ltr'><strong>pronuntiare</strong></span> <span class='ocrx_word' id='word_1_257' title='bbox 499 1585 548 1626; x_wconf 90' lang='lat' dir='ltr'><strong>de</strong></span> <span class='ocrx_word' id='word_1_258' title='bbox 565 1601 613 1626; x_wconf 87' lang='lat' dir='ltr'><strong>eo</strong></span> <span class='ocrx_word' id='word_1_259' title='bbox 634 1601 714 1627; x_wconf 89' lang='lat' dir='ltr'><strong>non</strong></span> <span class='ocrx_word' id='word_1_260' title='bbox 737 1585 878 1640; x_wconf 87' lang='lat' dir='ltr'><strong>possis?</strong></span> <span class='ocrx_word' id='word_1_261' title='bbox 909 1584 1019 1638; x_wconf 81' lang='lat' dir='ltr'><strong>Qud</strong></span> <span class='ocrx_word' id='word_1_262' title='bbox 1039 1596 1161 1625; x_wconf 88' lang='lat' dir='ltr'><strong>autem</strong></span> <span class='ocrx_word' id='word_1_263' title='bbox 1188 1586 1390 1639; x_wconf 76' lang='lat' dir='ltr'><strong>ingratius,</strong></span> <span class='ocrx_word' id='word_1_264' title='bbox 1421 1600 1535 1640; x_wconf 88' lang='lat' dir='ltr'><strong>quam</strong></span> <span class='ocrx_word' id='word_1_265' title='bbox 1561 1600 1633 1641; x_wconf 88' lang='lat' dir='ltr'><strong>pro</strong></span> <span class='ocrx_word' id='word_1_266' title='bbox 1652 1599 1729 1628; x_wconf 85' lang='lat' dir='ltr'><strong>tam</strong></span> <span class='ocrx_word' id='word_1_267' title='bbox 1751 1589 1822 1630; x_wconf 89' lang='lat' dir='ltr'><strong>im·-</strong></span> 
     </span>
     <span class='ocr_line' id='line_1_26' title="bbox 80 1640 1822 1697; baseline 0.002 -15"><span class='ocrx_word' id='word_1_268' title='bbox 80 1642 217 1682; x_wconf 82' lang='lat' dir='ltr'><strong>&#39;mensis</strong></span> <span class='ocrx_word' id='word_1_269' title='bbox 239 1641 433 1682; x_wconf 91' lang='lat' dir='ltr'><strong>sudoribus</strong></span> <span class='ocrx_word' id='word_1_270' title='bbox 456 1641 691 1696; x_wconf 83' lang='lat' dir='ltr'><strong>vigiliisque,</strong></span> <span class='ocrx_word' id='word_1_271' title='bbox 722 1654 815 1695; x_wconf 86' lang='lat' dir='ltr'><strong>quas</strong></span> <span class='ocrx_word' id='word_1_272' title='bbox 841 1653 990 1681; x_wconf 89' lang='lat' dir='ltr'><strong>tantum</strong></span> <span class='ocrx_word' id='word_1_273' title='bbox 1010 1640 1172 1694; x_wconf 84' lang='lat' dir='ltr'><strong>juvandi</strong></span> <span class='ocrx_word' id='word_1_274' title='bbox 1203 1642 1333 1680; x_wconf 84' lang='lat' dir='ltr'><strong>animo</strong></span> <span class='ocrx_word' id='word_1_275' title='bbox 1363 1641 1585 1692; x_wconf 83' lang='lat' dir='ltr'><strong>susceperis,</strong></span> <span class='ocrx_word' id='word_1_276' title='bbox 1615 1645 1654 1681; x_wconf 91' lang='lat'>&amp;</span> <span class='ocrx_word' id='word_1_277' title='bbox 1684 1644 1822 1697; x_wconf 80' lang='lat' dir='ltr'><strong>quibus</strong></span> 
     </span>
     <span class='ocr_line' id='line_1_27' title="bbox 81 1695 1819 1750; baseline 0.002 -14"><span class='ocrx_word' id='word_1_278' title='bbox 81 1697 184 1736; x_wconf 88' lang='lat' dir='ltr'><strong>nulla</strong></span> <span class='ocrx_word' id='word_1_279' title='bbox 204 1711 270 1750; x_wconf 87' lang='lat' dir='ltr'><strong>par</strong></span> <span class='ocrx_word' id='word_1_280' title='bbox 291 1697 408 1750; x_wconf 87' lang='lat' dir='ltr'><strong>gratia</strong></span> <span class='ocrx_word' id='word_1_281' title='bbox 431 1695 559 1736; x_wconf 90' lang='lat' dir='ltr'><strong>referri</strong></span> <span class='ocrx_word' id='word_1_282' title='bbox 580 1705 717 1750; x_wconf 80' lang='lat' dir='ltr'><strong>queat,</strong></span> <span class='ocrx_word' id='word_1_283' title='bbox 746 1695 907 1749; x_wconf 90' lang='lat' dir='ltr'><strong>rependi</strong></span> <span class='ocrx_word' id='word_1_284' title='bbox 930 1695 1180 1744; x_wconf 84' lang='lat' dir='ltr'><strong>calumniam,</strong></span> <span class='ocrx_word' id='word_1_285' title='bbox 1211 1695 1328 1749; x_wconf 88' lang='lat' dir='ltr'><strong>idque</strong></span> <span class='ocrx_word' id='word_1_286' title='bbox 1351 1696 1583 1748; x_wconf 82' lang='lat' dir='ltr'><strong>potissimum</strong></span> <span class='ocrx_word' id='word_1_287' title='bbox 1605 1697 1651 1736; x_wconf 88' lang='lat' dir='ltr'><strong>ab</strong></span> <span class='ocrx_word' id='word_1_288' title='bbox 1671 1699 1737 1744; x_wconf 81' lang='lat' dir='ltr'><strong>iis,</strong></span> <span class='ocrx_word' id='word_1_289' title='bbox 1768 1699 1819 1740; x_wconf 88' lang='lat' dir='ltr'><strong>ad</strong></span> 
     </span>
     <span class='ocr_line' id='line_1_28' title="bbox 81 1750 1820 1807; baseline 0.002 -15"><span class='ocrx_word' id='word_1_290' title='bbox 81 1761 180 1805; x_wconf 89' lang='lat' dir='ltr'><strong>quos</strong></span> <span class='ocrx_word' id='word_1_291' title='bbox 201 1750 432 1805; x_wconf 79' lang='lat' dir='ltr'><strong>potissimum</strong></span> <span class='ocrx_word' id='word_1_292' title='bbox 453 1751 580 1803; x_wconf 89' lang='lat' dir='ltr'><strong>operis</strong></span> <span class='ocrx_word' id='word_1_293' title='bbox 601 1750 739 1790; x_wconf 87' lang='lat' dir='ltr'><strong>utilitas</strong></span> <span class='ocrx_word' id='word_1_294' title='bbox 762 1751 807 1790; x_wconf 80' lang='lat' dir='ltr'><strong>sit</strong></span> <span class='ocrx_word' id='word_1_295' title='bbox 829 1750 1021 1789; x_wconf 86' lang='lat' dir='ltr'><strong>reditura?</strong></span> <span class='ocrx_word' id='word_1_296' title='bbox 1037 1750 1171 1802; x_wconf 77' lang='lat' dir='ltr'><strong>Quum</strong></span> <span class='ocrx_word' id='word_1_297' title='bbox 1195 1750 1333 1803; x_wconf 88' lang='lat' dir='ltr'><strong>ubique</strong></span> <span class='ocrx_word' id='word_1_298' title='bbox 1355 1750 1460 1789; x_wconf 87' lang='lat' dir='ltr'><strong>foeda</strong></span> <span class='ocrx_word' id='word_1_299' title='bbox 1486 1751 1547 1791; x_wconf 75' lang='lat' dir='ltr'><strong>est</strong></span> <span class='ocrx_word' id='word_1_300' title='bbox 1560 1753 1820 1807; x_wconf 84' lang='lat' dir='ltr'><strong>ingratitudo,</strong></span> 
     </span>
     <span class='ocr_line' id='line_1_29' title="bbox 82 1803 1819 1860; baseline 0.001 -13"><span class='ocrx_word' id='word_1_301' title='bbox 82 1816 163 1847; x_wconf 88' lang='lat' dir='ltr'><strong>tnrn</strong></span> <span class='ocrx_word' id='word_1_302' title='bbox 183 1806 221 1846; x_wconf 93' lang='lat' dir='ltr'><strong>in</strong></span> <span class='ocrx_word' id='word_1_303' title='bbox 243 1806 365 1846; x_wconf 91' lang='lat' dir='ltr'><strong>nullos</strong></span> <span class='ocrx_word' id='word_1_304' title='bbox 387 1819 506 1858; x_wconf 90' lang='lat' dir='ltr'><strong>aeque</strong></span> <span class='ocrx_word' id='word_1_305' title='bbox 526 1819 593 1859; x_wconf 89' lang='lat' dir='ltr'><strong>par</strong></span> <span class='ocrx_word' id='word_1_306' title='bbox 613 1803 667 1845; x_wconf 86' lang='lat' dir='ltr'><strong>est</strong></span> <span class='ocrx_word' id='word_1_307' title='bbox 686 1810 813 1860; x_wconf 83' lang='lat' dir='ltr'><strong>gratos</strong></span> <span class='ocrx_word' id='word_1_308' title='bbox 833 1803 907 1844; x_wconf 83' lang='lat' dir='ltr'><strong>effe</strong></span> <span class='ocrx_word' id='word_1_309' title='bbox 931 1813 1045 1859; x_wconf 89' lang='lat' dir='ltr'><strong>atque</strong></span> <span class='ocrx_word' id='word_1_310' title='bbox 1068 1805 1107 1843; x_wconf 91' lang='lat' dir='ltr'><strong>in</strong></span> <span class='ocrx_word' id='word_1_311' title='bbox 1127 1818 1217 1854; x_wconf 85' lang='lat' dir='ltr'><strong>eos,</strong></span> <span class='ocrx_word' id='word_1_312' title='bbox 1248 1805 1312 1858; x_wconf 89' lang='lat' dir='ltr'><strong>qui</strong></span> <span class='ocrx_word' id='word_1_313' title='bbox 1333 1805 1535 1858; x_wconf 90' lang='lat' dir='ltr'><strong>dispendio</strong></span> <span class='ocrx_word' id='word_1_314' title='bbox 1557 1808 1607 1846; x_wconf 89' lang='lat' dir='ltr'><strong>rei</strong></span> <span class='ocrx_word' id='word_1_315' title='bbox 1638 1809 1819 1860; x_wconf 69' lang='lat' dir='ltr'><strong>pecunia-</strong></span> 
     </span>
     <span class='ocr_line' id='line_1_30' title="bbox 82 1859 1819 1914; baseline 0.002 -13"><span class='ocrx_word' id='word_1_316' title='bbox 82 1862 179 1910; x_wconf 87' lang='lat' dir='ltr'><strong>riae,</strong></span> <span class='ocrx_word' id='word_1_317' title='bbox 206 1861 350 1914; x_wconf 73' lang='lat' dir='ltr'><strong>jacstura</strong></span> <span class='ocrx_word' id='word_1_318' title='bbox 379 1860 642 1913; x_wconf 88' lang='lat' dir='ltr'><strong>voluptatum,</strong></span> <span class='ocrx_word' id='word_1_319' title='bbox 671 1859 859 1900; x_wconf 90' lang='lat' dir='ltr'><strong>nonnullo</strong></span> <span class='ocrx_word' id='word_1_320' title='bbox 880 1860 994 1900; x_wconf 90' lang='lat' dir='ltr'><strong>etiam</strong></span> <span class='ocrx_word' id='word_1_321' title='bbox 1015 1859 1243 1899; x_wconf 81' lang='lat' dir='ltr'><strong>valetudinis</strong></span> <span class='ocrx_word' id='word_1_322' title='bbox 1277 1874 1321 1899; x_wconf 91' lang='lat' dir='ltr'><strong>ac</strong></span> <span class='ocrx_word' id='word_1_323' title='bbox 1343 1860 1444 1900; x_wconf 85' lang='lat' dir='ltr'><strong>vitae</strong></span> <span class='ocrx_word' id='word_1_324' title='bbox 1476 1860 1560 1901; x_wconf 85' lang='lat' dir='ltr'><strong>suae</strong></span> <span class='ocrx_word' id='word_1_325' title='bbox 1586 1861 1819 1905; x_wconf 85' lang='lat' dir='ltr'><strong>detrimento</strong></span> 
     </span>
     <span class='ocr_line' id='line_1_31' title="bbox 80 1914 1819 1968; baseline 0.003 -13"><span class='ocrx_word' id='word_1_326' title='bbox 80 1915 121 1955; x_wconf 83' lang='lat' dir='ltr'><strong>in</strong></span> <span class='ocrx_word' id='word_1_327' title='bbox 143 1917 218 1956; x_wconf 92' lang='lat' dir='ltr'><strong>hoc</strong></span> <span class='ocrx_word' id='word_1_328' title='bbox 240 1916 330 1956; x_wconf 89' lang='lat' dir='ltr'><strong>totis</strong></span> <span class='ocrx_word' id='word_1_329' title='bbox 357 1915 495 1955; x_wconf 90' lang='lat' dir='ltr'><strong>viribus</strong></span> <span class='ocrx_word' id='word_1_330' title='bbox 528 1915 777 1964; x_wconf 86' lang='lat' dir='ltr'><strong>incumbunt,</strong></span> <span class='ocrx_word' id='word_1_331' title='bbox 805 1926 847 1955; x_wconf 91' lang='lat' dir='ltr'><strong>ut</strong></span> <span class='ocrx_word' id='word_1_332' title='bbox 877 1915 1020 1968; x_wconf 84' lang='lat' dir='ltr'><strong>ingenii</strong></span> <span class='ocrx_word' id='word_1_333' title='bbox 1042 1914 1095 1953; x_wconf 89' lang='lat' dir='ltr'><strong>sui</strong></span> <span class='ocrx_word' id='word_1_334' title='bbox 1116 1915 1374 1955; x_wconf 86' lang='lat' dir='ltr'><strong>monumentis</strong></span> <span class='ocrx_word' id='word_1_335' title='bbox 1395 1915 1479 1954; x_wconf 91' lang='lat' dir='ltr'><strong>orbi</strong></span> <span class='ocrx_word' id='word_1_336' title='bbox 1501 1916 1708 1958; x_wconf 85' lang='lat' dir='ltr'><strong>consulant.</strong></span> <span class='ocrx_word' id='word_1_337' title='bbox 1739 1917 1819 1960; x_wconf 92' lang='lat' dir='ltr'><strong>Ve-·</strong></span> 
     </span>
     <span class='ocr_line' id='line_1_32' title="bbox 82 1968 1823 2025; baseline 0.002 -14"><span class='ocrx_word' id='word_1_338' title='bbox 82 1985 165 2011; x_wconf 91' lang='lat' dir='ltr'><strong>rum</strong></span> <span class='ocrx_word' id='word_1_339' title='bbox 200 1970 302 2011; x_wconf 89' lang='lat' dir='ltr'><strong>haud</strong></span> <span class='ocrx_word' id='word_1_340' title='bbox 336 1969 433 2019; x_wconf 90' lang='lat' dir='ltr'><strong>scio,</strong></span> <span class='ocrx_word' id='word_1_341' title='bbox 465 1983 515 2009; x_wconf 91' lang='lat' dir='ltr'><strong>an</strong></span> <span class='ocrx_word' id='word_1_342' title='bbox 544 1978 702 2023; x_wconf 81' lang='lat' dir='ltr'><strong>usquam</strong></span> <span class='ocrx_word' id='word_1_343' title='bbox 733 1969 917 2025; x_wconf 85' lang='lat' dir='ltr'><strong>ingratius</strong></span> <span class='ocrx_word' id='word_1_344' title='bbox 945 1968 1107 2022; x_wconf 87' lang='lat' dir='ltr'><strong>reperies</strong></span> <span class='ocrx_word' id='word_1_345' title='bbox 1132 1969 1350 2009; x_wconf 86' lang='lat' dir='ltr'><strong>mortalium</strong></span> <span class='ocrx_word' id='word_1_346' title='bbox 1381 1969 1599 2024; x_wconf 73' lang='lat' dir='ltr'><strong>ingenium,</strong></span> <span class='ocrx_word' id='word_1_347' title='bbox 1631 1986 1702 2012; x_wconf 88' lang='lat' dir='ltr'><strong>nec</strong></span> <span class='ocrx_word' id='word_1_348' title='bbox 1731 1974 1823 2016; x_wconf 88' lang='lat' dir='ltr'><strong>alias</strong></span> 
     </span>
     <span class='ocr_line' id='line_1_33' title="bbox 80 2023 1821 2078; baseline 0.002 -12"><span class='ocrx_word' id='word_1_349' title='bbox 80 2026 154 2066; x_wconf 80' lang='lat' dir='ltr'><strong>esse</strong></span> <span class='ocrx_word' id='word_1_350' title='bbox 184 2026 306 2066; x_wconf 89' lang='lat' dir='ltr'><strong>verius</strong></span> <span class='ocrx_word' id='word_1_351' title='bbox 336 2025 518 2074; x_wconf 89' lang='lat' dir='ltr'><strong>arbitror,</strong></span> <span class='ocrx_word' id='word_1_352' title='bbox 548 2024 655 2078; x_wconf 91' lang='lat' dir='ltr'><strong>quod</strong></span> <span class='ocrx_word' id='word_1_353' title='bbox 683 2038 762 2064; x_wconf 92' lang='lat' dir='ltr'><strong>non</strong></span> <span class='ocrx_word' id='word_1_354' title='bbox 786 2025 911 2066; x_wconf 90' lang='lat' dir='ltr'><strong>minus</strong></span> <span class='ocrx_word' id='word_1_355' title='bbox 930 2023 1122 2078; x_wconf 88' lang='lat' dir='ltr'><strong>eleganter</strong></span> <span class='ocrx_word' id='word_1_356' title='bbox 1146 2037 1259 2077; x_wconf 89' lang='lat' dir='ltr'><strong>quam</strong></span> <span class='ocrx_word' id='word_1_357' title='bbox 1283 2025 1446 2078; x_wconf 88' lang='lat' dir='ltr'><strong>graviter</strong></span> <span class='ocrx_word' id='word_1_358' title='bbox 1468 2024 1614 2066; x_wconf 69' lang='lat' dir='ltr'><strong>dic‘tum</strong></span> <span class='ocrx_word' id='word_1_359' title='bbox 1635 2027 1686 2068; x_wconf 83' lang='lat' dir='ltr'><strong>est</strong></span> <span class='ocrx_word' id='word_1_360' title='bbox 1713 2043 1734 2068; x_wconf 91' lang='lat' dir='ltr'><strong>a</strong></span> <span class='ocrx_word' id='word_1_361' title='bbox 1755 2029 1821 2070; x_wconf 79' lang='lat' dir='ltr'><strong>Se·-</strong></span> 
     </span>
     <span class='ocr_line' id='line_1_34' title="bbox 81 2077 1819 2136; baseline 0.002 -15"><span class='ocrx_word' id='word_1_362' title='bbox 81 2093 198 2121; x_wconf 87' lang='lat' dir='ltr'><strong>neca:</strong></span> <span class='ocrx_word' id='word_1_363' title='bbox 230 2079 374 2121; x_wconf 72' lang='lat' dir='ltr'><strong>Tutius</strong></span> <span class='ocrx_word' id='word_1_364' title='bbox 397 2079 468 2133; x_wconf 84' lang='lat' dir='ltr'><strong>effe</strong></span> <span class='ocrx_word' id='word_1_365' title='bbox 489 2090 674 2135; x_wconf 82' lang='lat' dir='ltr'><strong>quosaam</strong></span> <span class='ocrx_word' id='word_1_366' title='bbox 693 2079 838 2132; x_wconf 85' lang='lat' dir='ltr'><strong>offendi</strong></span> <span class='ocrx_word' id='word_1_367' title='bbox 871 2093 912 2129; x_wconf 88' lang='lat' dir='ltr'><strong>e,</strong></span> <span class='ocrx_word' id='word_1_368' title='bbox 938 2092 1052 2134; x_wconf 77' lang='lat' dir='ltr'><strong>quam</strong></span> <span class='ocrx_word' id='word_1_369' title='bbox 1072 2077 1304 2131; x_wconf 80' lang='lat' dir='ltr'><strong>demeruiffe.</strong></span> <span class='ocrx_word' id='word_1_370' title='bbox 1334 2078 1467 2132; x_wconf 11' lang='lat' dir='ltr'><strong>Nihil,</strong></span> <span class='ocrx_word' id='word_1_371' title='bbox 1477 2094 1594 2135; x_wconf 82' lang='lat' dir='ltr'><strong>aeque</strong></span> <span class='ocrx_word' id='word_1_372' title='bbox 1609 2084 1735 2136; x_wconf 83' lang='lat' dir='ltr'><strong>perit,</strong></span> <span class='ocrx_word' id='word_1_373' title='bbox 1764 2085 1819 2125; x_wconf 89' lang='lat' dir='ltr'><strong>ait</strong></span> 
     </span>
     <span class='ocr_line' id='line_1_35' title="bbox 81 2134 1822 2193; baseline 0.002 -17"><span class='ocrx_word' id='word_1_374' title='bbox 81 2136 162 2186; x_wconf 87' lang='lat' dir='ltr'><strong>ille,</strong></span> <span class='ocrx_word' id='word_1_375' title='bbox 192 2144 309 2187; x_wconf 84' lang='lat' dir='ltr'><strong>atque</strong></span> <span class='ocrx_word' id='word_1_376' title='bbox 334 2135 379 2175; x_wconf 82' lang='lat' dir='ltr'><strong>id</strong></span> <span class='ocrx_word' id='word_1_377' title='bbox 405 2135 508 2191; x_wconf 82' lang='lat' dir='ltr'><strong>qnod</strong></span> <span class='ocrx_word' id='word_1_378' title='bbox 533 2134 731 2189; x_wconf 83' lang='lat' dir='ltr'><strong>confertur</strong></span> <span class='ocrx_word' id='word_1_379' title='bbox 762 2137 804 2175; x_wconf 89' lang='lat' dir='ltr'><strong>in</strong></span> <span class='ocrx_word' id='word_1_380' title='bbox 837 2137 1027 2188; x_wconf 75' lang='lat' dir='ltr'><strong>ingratos.</strong></span> <span class='ocrx_word' id='word_1_381' title='bbox 1070 2137 1123 2174; x_wconf 85' lang='lat' dir='ltr'><strong>At</strong></span> <span class='ocrx_word' id='word_1_382' title='bbox 1144 2135 1265 2188; x_wconf 85' lang='lat' dir='ltr'><strong>magis</strong></span> <span class='ocrx_word' id='word_1_383' title='bbox 1286 2135 1384 2188; x_wconf 90' lang='lat' dir='ltr'><strong>perit</strong></span> <span class='ocrx_word' id='word_1_384' title='bbox 1404 2134 1598 2186; x_wconf 87' lang='lat' dir='ltr'><strong>officium,</strong></span> <span class='ocrx_word' id='word_1_385' title='bbox 1631 2151 1715 2178; x_wconf 91' lang='lat' dir='ltr'><strong>mea</strong></span> <span class='ocrx_word' id='word_1_386' title='bbox 1735 2141 1822 2193; x_wconf 79' lang='lat' dir='ltr'><strong>qui-</strong></span> 
     </span>
     <span class='ocr_line' id='line_1_36' title="bbox 81 2188 1818 2245; baseline 0.003 -14"><span class='ocrx_word' id='word_1_387' title='bbox 81 2190 171 2231; x_wconf 91' lang='lat' dir='ltr'><strong>dem</strong></span> <span class='ocrx_word' id='word_1_388' title='bbox 192 2190 397 2240; x_wconf 88' lang='lat' dir='ltr'><strong>sententia,</strong></span> <span class='ocrx_word' id='word_1_389' title='bbox 428 2189 535 2244; x_wconf 91' lang='lat' dir='ltr'><strong>quod</strong></span> <span class='ocrx_word' id='word_1_390' title='bbox 557 2190 597 2229; x_wconf 94' lang='lat' dir='ltr'><strong>in</strong></span> <span class='ocrx_word' id='word_1_391' title='bbox 622 2204 690 2231; x_wconf 90' lang='lat' dir='ltr'><strong>eos</strong></span> <span class='ocrx_word' id='word_1_392' title='bbox 712 2190 941 2235; x_wconf 85' lang='lat' dir='ltr'><strong>collocatur,</strong></span> <span class='ocrx_word' id='word_1_393' title='bbox 969 2190 1034 2245; x_wconf 93' lang='lat' dir='ltr'><strong>qui</strong></span> <span class='ocrx_word' id='word_1_394' title='bbox 1057 2203 1137 2229; x_wconf 90' lang='lat' dir='ltr'><strong>non</strong></span> <span class='ocrx_word' id='word_1_395' title='bbox 1161 2190 1378 2244; x_wconf 89' lang='lat' dir='ltr'><strong>intelligunt</strong></span> <span class='ocrx_word' id='word_1_396' title='bbox 1398 2188 1592 2231; x_wconf 88' lang='lat' dir='ltr'><strong>officium:</strong></span> <span class='ocrx_word' id='word_1_397' title='bbox 1623 2197 1661 2232; x_wconf 87' lang='lat'>&amp;</span> <span class='ocrx_word' id='word_1_398' title='bbox 1690 2194 1818 2236; x_wconf 82' lang='lat' dir='ltr'><strong>minus</strong></span> 
     </span>
     <span class='ocr_line' id='line_1_37' title="bbox 80 2244 1819 2302; baseline 0.003 -17"><span class='ocrx_word' id='word_1_399' title='bbox 80 2247 221 2300; x_wconf 85' lang='lat' dir='ltr'><strong>gratiae</strong></span> <span class='ocrx_word' id='word_1_400' title='bbox 258 2245 355 2286; x_wconf 90' lang='lat' dir='ltr'><strong>redit</strong></span> <span class='ocrx_word' id='word_1_401' title='bbox 384 2245 431 2285; x_wconf 90' lang='lat' dir='ltr'><strong>ab</strong></span> <span class='ocrx_word' id='word_1_402' title='bbox 453 2244 518 2294; x_wconf 91' lang='lat' dir='ltr'><strong>iis,</strong></span> <span class='ocrx_word' id='word_1_403' title='bbox 549 2245 615 2298; x_wconf 90' lang='lat' dir='ltr'><strong>qui</strong></span> <span class='ocrx_word' id='word_1_404' title='bbox 646 2259 726 2285; x_wconf 89' lang='lat' dir='ltr'><strong>non</strong></span> <span class='ocrx_word' id='word_1_405' title='bbox 757 2245 993 2299; x_wconf 88' lang='lat' dir='ltr'><strong>cognoscunt</strong></span> <span class='ocrx_word' id='word_1_406' title='bbox 1015 2245 1214 2294; x_wconf 88' lang='lat' dir='ltr'><strong>meritum,</strong></span> <span class='ocrx_word' id='word_1_407' title='bbox 1246 2259 1361 2299; x_wconf 89' lang='lat' dir='ltr'><strong>quam</strong></span> <span class='ocrx_word' id='word_1_408' title='bbox 1396 2247 1463 2299; x_wconf 90' lang='lat' dir='ltr'><strong>qui</strong></span> <span class='ocrx_word' id='word_1_409' title='bbox 1492 2260 1571 2286; x_wconf 92' lang='lat' dir='ltr'><strong>non</strong></span> <span class='ocrx_word' id='word_1_410' title='bbox 1597 2248 1819 2302; x_wconf 87' lang='lat' dir='ltr'><strong>agnoscunt.</strong></span> 
     </span>
     <span class='ocr_line' id='line_1_38' title="bbox 83 2299 1819 2356; baseline 0.002 -14"><span class='ocrx_word' id='word_1_411' title='bbox 83 2301 189 2342; x_wconf 86' lang='lat' dir='ltr'><strong>Nam</strong></span> <span class='ocrx_word' id='word_1_412' title='bbox 206 2302 232 2340; x_wconf 92' lang='lat' dir='ltr'><strong>ii</strong></span> <span class='ocrx_word' id='word_1_413' title='bbox 255 2299 399 2341; x_wconf 82' lang='lat' dir='ltr'><strong>tametsi</strong></span> <span class='ocrx_word' id='word_1_414' title='bbox 422 2299 672 2350; x_wconf 83' lang='lat' dir='ltr'><strong>dissimulant,</strong></span> <span class='ocrx_word' id='word_1_415' title='bbox 702 2313 829 2341; x_wconf 86' lang='lat' dir='ltr'><strong>tamen</strong></span> <span class='ocrx_word' id='word_1_416' title='bbox 851 2300 954 2354; x_wconf 91' lang='lat' dir='ltr'><strong>apud</strong></span> <span class='ocrx_word' id='word_1_417' title='bbox 983 2299 1019 2340; x_wconf 92' lang='lat' dir='ltr'><strong>se</strong></span> <span class='ocrx_word' id='word_1_418' title='bbox 1051 2299 1136 2340; x_wconf 89' lang='lat' dir='ltr'><strong>sunt</strong></span> <span class='ocrx_word' id='word_1_419' title='bbox 1157 2300 1340 2349; x_wconf 88' lang='lat' dir='ltr'><strong>obnoxii,</strong></span> <span class='ocrx_word' id='word_1_420' title='bbox 1371 2314 1648 2356; x_wconf 89' lang='lat' dir='ltr'><strong>nonnunquam</strong></span> <span class='ocrx_word' id='word_1_421' title='bbox 1670 2303 1819 2356; x_wconf 91' lang='lat' dir='ltr'><strong>pudore</strong></span> 
     </span>
     <span class='ocr_line' id='line_1_39' title="bbox 80 2352 1817 2412; baseline 0.003 -16"><span class='ocrx_word' id='word_1_422' title='bbox 80 2368 269 2410; x_wconf 85' lang='lat' dir='ltr'><strong>coguntur</strong></span> <span class='ocrx_word' id='word_1_423' title='bbox 285 2355 486 2410; x_wconf 89' lang='lat' dir='ltr'><strong>agnoscere</strong></span> <span class='ocrx_word' id='word_1_424' title='bbox 498 2374 509 2403; x_wconf 75' lang='lat'>3</span> <span class='ocrx_word' id='word_1_425' title='bbox 540 2355 707 2409; x_wconf 84' lang='lat' dir='ltr'><strong>denique</strong></span> <span class='ocrx_word' id='word_1_426' title='bbox 727 2356 808 2409; x_wconf 88' lang='lat' dir='ltr'><strong>spes</strong></span> <span class='ocrx_word' id='word_1_427' title='bbox 827 2356 881 2395; x_wconf 90' lang='lat' dir='ltr'><strong>est</strong></span> <span class='ocrx_word' id='word_1_428' title='bbox 902 2352 982 2396; x_wconf 88' lang='lat' dir='ltr'><strong>fore</strong></span> <span class='ocrx_word' id='word_1_429' title='bbox 1000 2366 1042 2395; x_wconf 91' lang='lat' dir='ltr'><strong>ut</strong></span> <span class='ocrx_word' id='word_1_430' title='bbox 1064 2355 1271 2409; x_wconf 89' lang='lat' dir='ltr'><strong>aliquando</strong></span> <span class='ocrx_word' id='word_1_431' title='bbox 1284 2354 1523 2408; x_wconf 78' lang='lat' dir='ltr'><strong>resipiscant:</strong></span> <span class='ocrx_word' id='word_1_432' title='bbox 1553 2357 1632 2408; x_wconf 89' lang='lat' dir='ltr'><strong>Illi,</strong></span> <span class='ocrx_word' id='word_1_433' title='bbox 1646 2359 1752 2412; x_wconf 93' lang='lat' dir='ltr'><strong>quod</strong></span> <span class='ocrx_word' id='word_1_434' title='bbox 1761 2361 1817 2401; x_wconf 90' lang='lat' dir='ltr'><strong>est</strong></span> 
     </span>
     <span class='ocr_line' id='line_1_40' title="bbox 82 2410 1818 2464; baseline 0.002 -13"><span class='ocrx_word' id='word_1_435' title='bbox 82 2410 305 2451; x_wconf 86' lang='lat' dir='ltr'><strong>beneficium</strong></span> <span class='ocrx_word' id='word_1_436' title='bbox 320 2442 330 2459; x_wconf 94' lang='lat'><strong>,</strong></span> <span class='ocrx_word' id='word_1_437' title='bbox 354 2411 528 2464; x_wconf 88' lang='lat' dir='ltr'><strong>injuriam</strong></span> <span class='ocrx_word' id='word_1_438' title='bbox 551 2411 863 2463; x_wconf 88' lang='lat' dir='ltr'><strong>interpretantur,</strong></span> <span class='ocrx_word' id='word_1_439' title='bbox 893 2414 931 2449; x_wconf 90' lang='lat'>&amp;</span> <span class='ocrx_word' id='word_1_440' title='bbox 961 2410 1092 2451; x_wconf 87' lang='lat' dir='ltr'><strong>officio</strong></span> <span class='ocrx_word' id='word_1_441' title='bbox 1115 2410 1235 2464; x_wconf 91' lang='lat' dir='ltr'><strong>adjuti</strong></span> <span class='ocrx_word' id='word_1_442' title='bbox 1257 2411 1296 2449; x_wconf 91' lang='lat' dir='ltr'><strong>in</strong></span> <span class='ocrx_word' id='word_1_443' title='bbox 1313 2410 1374 2464; x_wconf 87' lang='lat' dir='ltr'><strong>jus</strong></span> <span class='ocrx_word' id='word_1_444' title='bbox 1396 2421 1536 2452; x_wconf 89' lang='lat' dir='ltr'><strong>vocant</strong></span> <span class='ocrx_word' id='word_1_445' title='bbox 1557 2412 1652 2453; x_wconf 93' lang='lat' dir='ltr'><strong>bene</strong></span> <span class='ocrx_word' id='word_1_446' title='bbox 1673 2428 1818 2455; x_wconf 87' lang='lat' dir='ltr'><strong>meren-</strong></span> 
     </span>
     <span class='ocr_line' id='line_1_41' title="bbox 83 2465 1817 2519; baseline 0.002 -13"><span class='ocrx_word' id='word_1_447' title='bbox 83 2477 171 2507; x_wconf 88' lang='lat' dir='ltr'><strong>tem.</strong></span> <span class='ocrx_word' id='word_1_448' title='bbox 198 2465 492 2519; x_wconf 90' lang='lat' dir='ltr'><strong>Theologorum</strong></span> <span class='ocrx_word' id='word_1_449' title='bbox 515 2465 687 2518; x_wconf 84' lang='lat' dir='ltr'><strong>inprimis</strong></span> <span class='ocrx_word' id='word_1_450' title='bbox 704 2466 778 2515; x_wconf 86' lang='lat' dir='ltr'><strong>est,</strong></span> <span class='ocrx_word' id='word_1_451' title='bbox 793 2480 872 2505; x_wconf 89' lang='lat' dir='ltr'><strong>non</strong></span> <span class='ocrx_word' id='word_1_452' title='bbox 893 2465 1012 2505; x_wconf 92' lang='lat' dir='ltr'><strong>solum</strong></span> <span class='ocrx_word' id='word_1_453' title='bbox 1034 2466 1306 2519; x_wconf 83' lang='lat' dir='ltr'><strong>gratitudinem</strong></span> <span class='ocrx_word' id='word_1_454' title='bbox 1328 2465 1535 2519; x_wconf 88' lang='lat' dir='ltr'><strong>praestare,</strong></span> <span class='ocrx_word' id='word_1_455' title='bbox 1551 2479 1680 2508; x_wconf 84' lang='lat' dir='ltr'><strong>verum</strong></span> <span class='ocrx_word' id='word_1_456' title='bbox 1700 2470 1817 2511; x_wconf 86' lang='lat' dir='ltr'><strong>etiam</strong></span> 
     </span>
     <span class='ocr_line' id='line_1_42' title="bbox 83 2519 1816 2575; baseline 0.003 -15"><span class='ocrx_word' id='word_1_457' title='bbox 83 2520 291 2561; x_wconf 87' lang='lat' dir='ltr'><strong>candorem</strong></span> <span class='ocrx_word' id='word_1_458' title='bbox 322 2524 360 2559; x_wconf 90' lang='lat'>&amp;</span> <span class='ocrx_word' id='word_1_459' title='bbox 391 2519 728 2560; x_wconf 86' lang='lat' dir='ltr'><strong>mansuetudinem.</strong></span> <span class='ocrx_word' id='word_1_460' title='bbox 772 2521 822 2561; x_wconf 84' lang='lat' dir='ltr'><strong>Et</strong></span> <span class='ocrx_word' id='word_1_461' title='bbox 841 2519 1058 2575; x_wconf 88' lang='lat' dir='ltr'><strong>Theologis</strong></span> <span class='ocrx_word' id='word_1_462' title='bbox 1079 2520 1310 2574; x_wconf 84' lang='lat' dir='ltr'><strong>potiflimum</strong></span> <span class='ocrx_word' id='word_1_463' title='bbox 1334 2521 1398 2560; x_wconf 90' lang='lat' dir='ltr'><strong>hic</strong></span> <span class='ocrx_word' id='word_1_464' title='bbox 1417 2531 1524 2562; x_wconf 87' lang='lat' dir='ltr'><strong>meus</strong></span> <span class='ocrx_word' id='word_1_465' title='bbox 1543 2520 1743 2564; x_wconf 75' lang='lat' dir='ltr'><strong>desudavit</strong></span> <span class='ocrx_word' id='word_1_466' title='bbox 1762 2525 1816 2565; x_wconf 91' lang='lat' dir='ltr'><strong>la-·</strong></span> 
     </span>
     <span class='ocr_line' id='line_1_43' title="bbox 83 2575 1815 2631; baseline 0.002 -15"><span class='ocrx_word' id='word_1_467' title='bbox 83 2577 175 2626; x_wconf 92' lang='lat' dir='ltr'><strong>bor,</strong></span> <span class='ocrx_word' id='word_1_468' title='bbox 206 2588 318 2629; x_wconf 88' lang='lat' dir='ltr'><strong>atque</strong></span> <span class='ocrx_word' id='word_1_469' title='bbox 350 2575 410 2615; x_wconf 90' lang='lat' dir='ltr'><strong>his</strong></span> <span class='ocrx_word' id='word_1_470' title='bbox 436 2575 675 2628; x_wconf 87' lang='lat' dir='ltr'><strong>Theologis,</strong></span> <span class='ocrx_word' id='word_1_471' title='bbox 706 2576 841 2629; x_wconf 87' lang='lat' dir='ltr'><strong>quibus</strong></span> <span class='ocrx_word' id='word_1_472' title='bbox 868 2586 930 2615; x_wconf 91' lang='lat' dir='ltr'><strong>aut</strong></span> <span class='ocrx_word' id='word_1_473' title='bbox 959 2588 1039 2614; x_wconf 90' lang='lat' dir='ltr'><strong>non</strong></span> <span class='ocrx_word' id='word_1_474' title='bbox 1082 2576 1247 2631; x_wconf 81' lang='lat' dir='ltr'><strong>ccntigit</strong></span> <span class='ocrx_word' id='word_1_475' title='bbox 1285 2589 1348 2616; x_wconf 91' lang='lat' dir='ltr'><strong>eas</strong></span> <span class='ocrx_word' id='word_1_476' title='bbox 1387 2575 1530 2617; x_wconf 88' lang='lat' dir='ltr'><strong>discere</strong></span> <span class='ocrx_word' id='word_1_477' title='bbox 1559 2577 1705 2628; x_wconf 89' lang='lat' dir='ltr'><strong>literas,</strong></span> <span class='ocrx_word' id='word_1_478' title='bbox 1736 2579 1815 2621; x_wconf 87' lang='lat' dir='ltr'><strong>fine</strong></span> 
     </span>
     <span class='ocr_line' id='line_1_44' title="bbox 82 2629 1816 2685; baseline 0.003 -14"><span class='ocrx_word' id='word_1_479' title='bbox 82 2632 218 2685; x_wconf 90' lang='lat' dir='ltr'><strong>quibus</strong></span> <span class='ocrx_word' id='word_1_480' title='bbox 245 2630 388 2671; x_wconf 85' lang='lat' dir='ltr'><strong>Divina</strong></span> <span class='ocrx_word' id='word_1_481' title='bbox 417 2631 608 2684; x_wconf 83' lang='lat' dir='ltr'><strong>Scriptura</strong></span> <span class='ocrx_word' id='word_1_482' title='bbox 641 2644 720 2670; x_wconf 92' lang='lat' dir='ltr'><strong>non</strong></span> <span class='ocrx_word' id='word_1_483' title='bbox 753 2631 876 2683; x_wconf 90' lang='lat' dir='ltr'><strong>potest</strong></span> <span class='ocrx_word' id='word_1_484' title='bbox 906 2629 957 2670; x_wconf 91' lang='lat' dir='ltr'><strong>ad</strong></span> <span class='ocrx_word' id='word_1_485' title='bbox 986 2630 1141 2683; x_wconf 91' lang='lat' dir='ltr'><strong>plenum</strong></span> <span class='ocrx_word' id='word_1_486' title='bbox 1174 2630 1334 2685; x_wconf 89' lang='lat' dir='ltr'><strong>intelligi</strong></span> <span class='ocrx_word' id='word_1_487' title='bbox 1373 2642 1438 2671; x_wconf 92' lang='lat' dir='ltr'><strong>aut</strong></span> <span class='ocrx_word' id='word_1_488' title='bbox 1457 2630 1627 2673; x_wconf 86' lang='lat' dir='ltr'><strong>officiose</strong></span> <span class='ocrx_word' id='word_1_489' title='bbox 1656 2635 1816 2676; x_wconf 66' lang='lat' dir='ltr'><strong>trastarL</strong></span> 
     </span>
     <span class='ocr_line' id='line_1_45' title="bbox 85 2684 1817 2740; baseline 0.002 -13"><span class='ocrx_word' id='word_1_490' title='bbox 85 2685 241 2727; x_wconf 90' lang='lat' dir='ltr'><strong>Horum</strong></span> <span class='ocrx_word' id='word_1_491' title='bbox 273 2685 498 2739; x_wconf 86' lang='lat' dir='ltr'><strong>adjuvandis</strong></span> <span class='ocrx_word' id='word_1_492' title='bbox 525 2685 654 2726; x_wconf 80' lang='lat' dir='ltr'><strong>studiis</strong></span> <span class='ocrx_word' id='word_1_493' title='bbox 682 2686 851 2725; x_wconf 83' lang='lat' dir='ltr'><strong>nostrum</strong></span> <span class='ocrx_word' id='word_1_494' title='bbox 880 2684 1139 2738; x_wconf 90' lang='lat' dir='ltr'><strong>impendimus</strong></span> <span class='ocrx_word' id='word_1_495' title='bbox 1167 2685 1353 2734; x_wconf 90' lang='lat' dir='ltr'><strong>studium,</strong></span> <span class='ocrx_word' id='word_1_496' title='bbox 1381 2697 1424 2731; x_wconf 85' lang='lat' dir='ltr'><strong>ut</strong></span> <span class='ocrx_word' id='word_1_497' title='bbox 1443 2686 1551 2740; x_wconf 90' lang='lat' dir='ltr'><strong>quod</strong></span> <span class='ocrx_word' id='word_1_498' title='bbox 1569 2688 1640 2728; x_wconf 87' lang='lat' dir='ltr'><strong>illis</strong></span> <span class='ocrx_word' id='word_1_499' title='bbox 1657 2688 1719 2729; x_wconf 86' lang='lat' dir='ltr'><strong>sua</strong></span> <span class='ocrx_word' id='word_1_500' title='bbox 1739 2689 1817 2731; x_wconf 84' lang='lat' dir='ltr'><strong>for-</strong></span> 
     </span>
     <span class='ocr_line' id='line_1_46' title="bbox 86 2740 1815 2795; baseline 0.003 -15"><span class='ocrx_word' id='word_1_501' title='bbox 86 2751 177 2780; x_wconf 87' lang='lat' dir='ltr'><strong>tuna</strong></span> <span class='ocrx_word' id='word_1_502' title='bbox 199 2742 374 2795; x_wconf 86' lang='lat' dir='ltr'><strong>negavit,</strong></span> <span class='ocrx_word' id='word_1_503' title='bbox 404 2741 443 2781; x_wconf 92' lang='lat' dir='ltr'><strong>id</strong></span> <span class='ocrx_word' id='word_1_504' title='bbox 468 2741 593 2780; x_wconf 86' lang='lat' dir='ltr'><strong>nostra</strong></span> <span class='ocrx_word' id='word_1_505' title='bbox 614 2740 871 2794; x_wconf 88' lang='lat' dir='ltr'><strong>suppeditaret</strong></span> <span class='ocrx_word' id='word_1_506' title='bbox 888 2740 1080 2780; x_wconf 86' lang='lat' dir='ltr'><strong>industria.</strong></span> <span class='ocrx_word' id='word_1_507' title='bbox 1109 2741 1161 2781; x_wconf 87' lang='lat' dir='ltr'><strong>Et</strong></span> <span class='ocrx_word' id='word_1_508' title='bbox 1180 2753 1306 2781; x_wconf 90' lang='lat' dir='ltr'><strong>tamen</strong></span> <span class='ocrx_word' id='word_1_509' title='bbox 1328 2740 1353 2780; x_wconf 85' lang='lat' dir='ltr'><strong>si</strong></span> <span class='ocrx_word' id='word_1_510' title='bbox 1374 2741 1440 2794; x_wconf 91' lang='lat' dir='ltr'><strong>qui</strong></span> <span class='ocrx_word' id='word_1_511' title='bbox 1455 2742 1695 2789; x_wconf 71' lang='lat' dir='ltr'><strong>=reclamaturi</strong></span> <span class='ocrx_word' id='word_1_512' title='bbox 1716 2744 1815 2794; x_wconf 88' lang='lat' dir='ltr'><strong>sunt,-</strong></span> 
     </span>
     <span class='ocr_line' id='line_1_47' title="bbox 85 2795 1817 2851; baseline 0.003 -17"><span class='ocrx_word' id='word_1_513' title='bbox 85 2809 130 2834; x_wconf 90' lang='lat' dir='ltr'><strong>ex</strong></span> <span class='ocrx_word' id='word_1_514' title='bbox 153 2796 227 2835; x_wconf 92' lang='lat' dir='ltr'><strong>hoc</strong></span> <span class='ocrx_word' id='word_1_515' title='bbox 245 2810 358 2850; x_wconf 87' lang='lat' dir='ltr'><strong>grege</strong></span> <span class='ocrx_word' id='word_1_516' title='bbox 380 2795 599 2849; x_wconf 87' lang='lat' dir='ltr'><strong>prodituros</strong></span> <span class='ocrx_word' id='word_1_517' title='bbox 618 2807 791 2848; x_wconf 87' lang='lat' dir='ltr'><strong>auguror.</strong></span> <span class='ocrx_word' id='word_1_518' title='bbox 834 2795 1127 2848; x_wconf 57' lang='lat' dir='ltr'><strong>Ampleihintur</strong></span> <span class='ocrx_word' id='word_1_519' title='bbox 1149 2795 1317 2845; x_wconf 86' lang='lat' dir='ltr'><strong>Medici,</strong></span> <span class='ocrx_word' id='word_1_520' title='bbox 1347 2809 1427 2835; x_wconf 93' lang='lat' dir='ltr'><strong>non</strong></span> <span class='ocrx_word' id='word_1_521' title='bbox 1448 2796 1692 2850; x_wconf 86' lang='lat' dir='ltr'><strong>aspernantur</strong></span> <span class='ocrx_word' id='word_1_522' title='bbox 1703 2799 1817 2851; x_wconf 64' lang='lat' dir='ltr'><strong>Jure⁴</strong></span> 
     </span>
     <span class='ocr_line' id='line_1_48' title="bbox 87 2849 1813 2905; baseline 0.003 -16"><span class='ocrx_word' id='word_1_523' title='bbox 87 2851 270 2900; x_wconf 89' lang='lat' dir='ltr'><strong>consulti,</strong></span> <span class='ocrx_word' id='word_1_524' title='bbox 300 2852 487 2904; x_wconf 90' lang='lat' dir='ltr'><strong>recipiunt</strong></span> <span class='ocrx_word' id='word_1_525' title='bbox 520 2850 769 2904; x_wconf 84' lang='lat' dir='ltr'><strong>Philosophi,</strong></span> <span class='ocrx_word' id='word_1_526' title='bbox 799 2850 824 2890; x_wconf 87' lang='lat' dir='ltr'><strong>si</strong></span> <span class='ocrx_word' id='word_1_527' title='bbox 858 2849 954 2904; x_wconf 87' lang='lat' dir='ltr'><strong>quid</strong></span> <span class='ocrx_word' id='word_1_528' title='bbox 985 2850 1034 2890; x_wconf 87' lang='lat' dir='ltr'><strong>ad</strong></span> <span class='ocrx_word' id='word_1_529' title='bbox 1056 2850 1206 2891; x_wconf 84' lang='lat' dir='ltr'><strong>illorum</strong></span> <span class='ocrx_word' id='word_1_530' title='bbox 1236 2850 1507 2905; x_wconf 85' lang='lat' dir='ltr'><strong>professionem</strong></span> <span class='ocrx_word' id='word_1_531' title='bbox 1531 2852 1813 2894; x_wconf 81' lang='lat' dir='ltr'><strong>instaurandam</strong></span> 
     </span>
     <span class='ocr_line' id='line_1_49' title="bbox 87 2905 1811 2960; baseline 0.003 -18"><span class='ocrx_word' id='word_1_532' title='bbox 87 2905 277 2947; x_wconf 90' lang='lat' dir='ltr'><strong>conducit:</strong></span> <span class='ocrx_word' id='word_1_533' title='bbox 308 2906 386 2945; x_wconf 90' lang='lat' dir='ltr'><strong>Soli</strong></span> <span class='ocrx_word' id='word_1_534' title='bbox 397 2905 593 2960; x_wconf 89' lang='lat' dir='ltr'><strong>Theologi</strong></span> <span class='ocrx_word' id='word_1_535' title='bbox 616 2906 858 2959; x_wconf 90' lang='lat' dir='ltr'><strong>pertinaciter</strong></span> <span class='ocrx_word' id='word_1_536' title='bbox 879 2905 1123 2946; x_wconf 89' lang='lat' dir='ltr'><strong>reclamamus</strong></span> <span class='ocrx_word' id='word_1_537' title='bbox 1137 2936 1148 2956; x_wconf 96' lang='lat'><strong>,</strong></span> <span class='ocrx_word' id='word_1_538' title='bbox 1177 2909 1216 2945; x_wconf 87' lang='lat'>&amp;</span> <span class='ocrx_word' id='word_1_539' title='bbox 1230 2905 1296 2960; x_wconf 81' lang='lat' dir='ltr'><strong>ipsi</strong></span> <span class='ocrx_word' id='word_1_540' title='bbox 1310 2906 1445 2946; x_wconf 83' lang='lat' dir='ltr'><strong>nostris</strong></span> <span class='ocrx_word' id='word_1_541' title='bbox 1456 2906 1670 2947; x_wconf 89' lang='lat' dir='ltr'><strong>invidemus</strong></span> <span class='ocrx_word' id='word_1_542' title='bbox 1690 2908 1811 2949; x_wconf 83' lang='lat' dir='ltr'><strong>bonis.</strong></span> 
     </span>
     <span class='ocr_line' id='line_1_50' title="bbox 87 2958 1809 3015; baseline 0.004 -19"><span class='ocrx_word' id='word_1_543' title='bbox 87 2958 183 2998; x_wconf 91' lang='lat' dir='ltr'><strong>Sane</strong></span> <span class='ocrx_word' id='word_1_544' title='bbox 209 2960 473 3011; x_wconf 85' lang='lat' dir='ltr'><strong>permolestum</strong></span> <span class='ocrx_word' id='word_1_545' title='bbox 505 2961 559 3000; x_wconf 92' lang='lat' dir='ltr'><strong>est</strong></span> <span class='ocrx_word' id='word_1_546' title='bbox 593 2974 664 3015; x_wconf 91' lang='lat' dir='ltr'><strong>pro</strong></span> <span class='ocrx_word' id='word_1_547' title='bbox 693 2960 858 3014; x_wconf 86' lang='lat' dir='ltr'><strong>benigne</strong></span> <span class='ocrx_word' id='word_1_548' title='bbox 889 2959 1029 3000; x_wconf 88' lang='lat' dir='ltr'><strong>collato</strong></span> <span class='ocrx_word' id='word_1_549' title='bbox 1057 2960 1244 3001; x_wconf 88' lang='lat' dir='ltr'><strong>beneficio</strong></span> <span class='ocrx_word' id='word_1_550' title='bbox 1274 2960 1414 3001; x_wconf 90' lang='lat' dir='ltr'><strong>nullam</strong></span> <span class='ocrx_word' id='word_1_551' title='bbox 1443 2962 1609 3015; x_wconf 88' lang='lat' dir='ltr'><strong>recipere</strong></span> <span class='ocrx_word' id='word_1_552' title='bbox 1639 2963 1809 3015; x_wconf 87' lang='lat' dir='ltr'><strong>gratiam.</strong></span> 
     </span>
     <span class='ocr_line' id='line_1_51' title="bbox 86 3013 1809 3070; baseline 0.003 -18"><span class='ocrx_word' id='word_1_553' title='bbox 86 3013 284 3055; x_wconf 87' lang='lat' dir='ltr'><strong>Molestius</strong></span> <span class='ocrx_word' id='word_1_554' title='bbox 312 3016 357 3054; x_wconf 91' lang='lat' dir='ltr'><strong>ab</strong></span> <span class='ocrx_word' id='word_1_555' title='bbox 384 3016 450 3065; x_wconf 91' lang='lat' dir='ltr'><strong>iis,</strong></span> <span class='ocrx_word' id='word_1_556' title='bbox 479 3016 528 3055; x_wconf 92' lang='lat' dir='ltr'><strong>de</strong></span> <span class='ocrx_word' id='word_1_557' title='bbox 554 3017 688 3070; x_wconf 90' lang='lat' dir='ltr'><strong>quibus</strong></span> <span class='ocrx_word' id='word_1_558' title='bbox 712 3016 808 3056; x_wconf 93' lang='lat' dir='ltr'><strong>bene</strong></span> <span class='ocrx_word' id='word_1_559' title='bbox 839 3015 971 3056; x_wconf 90' lang='lat' dir='ltr'><strong>mereri</strong></span> <span class='ocrx_word' id='word_1_560' title='bbox 995 3015 1143 3056; x_wconf 88' lang='lat' dir='ltr'><strong>studeas</strong></span> <span class='ocrx_word' id='word_1_561' title='bbox 1159 3047 1170 3066; x_wconf 95' lang='lat'><strong>,</strong></span> <span class='ocrx_word' id='word_1_562' title='bbox 1197 3016 1423 3056; x_wconf 87' lang='lat' dir='ltr'><strong>calumniam</strong></span> <span class='ocrx_word' id='word_1_563' title='bbox 1452 3016 1610 3069; x_wconf 87' lang='lat' dir='ltr'><strong>praemii</strong></span> <span class='ocrx_word' id='word_1_564' title='bbox 1637 3017 1725 3056; x_wconf 92' lang='lat' dir='ltr'><strong>loco</strong></span> <span class='ocrx_word' id='word_1_565' title='bbox 1755 3031 1809 3057; x_wconf 91' lang='lat' dir='ltr'><strong>re-</strong></span> 
     </span>
     <span class='ocr_line' id='line_1_52' title="bbox 87 3068 1810 3125; baseline 0.001 -18"><span class='ocrx_word' id='word_1_566' title='bbox 87 3080 257 3118; x_wconf 88' lang='lat' dir='ltr'><strong>portare,</strong></span> <span class='ocrx_word' id='word_1_567' title='bbox 287 3072 325 3108; x_wconf 81' lang='lat'>&amp;</span> <span class='ocrx_word' id='word_1_568' title='bbox 346 3085 368 3109; x_wconf 86' lang='lat' dir='ltr'><strong>a</strong></span> <span class='ocrx_word' id='word_1_569' title='bbox 385 3071 520 3124; x_wconf 85' lang='lat' dir='ltr'><strong>quibus</strong></span> <span class='ocrx_word' id='word_1_570' title='bbox 537 3082 604 3110; x_wconf 91' lang='lat' dir='ltr'><strong>tuo</strong></span> <span class='ocrx_word' id='word_1_571' title='bbox 622 3071 707 3125; x_wconf 89' lang='lat' dir='ltr'><strong>jure</strong></span> <span class='ocrx_word' id='word_1_572' title='bbox 728 3082 879 3125; x_wconf 88' lang='lat' dir='ltr'><strong>poteras</strong></span> <span class='ocrx_word' id='word_1_573' title='bbox 897 3071 1048 3124; x_wconf 87' lang='lat' dir='ltr'><strong>exigere</strong></span> <span class='ocrx_word' id='word_1_574' title='bbox 1068 3068 1235 3111; x_wconf 87' lang='lat' dir='ltr'><strong>debitam</strong></span> <span class='ocrx_word' id='word_1_575' title='bbox 1255 3071 1436 3125; x_wconf 88' lang='lat' dir='ltr'><strong>gratiam,</strong></span> <span class='ocrx_word' id='word_1_576' title='bbox 1467 3071 1526 3110; x_wconf 93' lang='lat' dir='ltr'><strong>his</strong></span> <span class='ocrx_word' id='word_1_577' title='bbox 1543 3072 1731 3112; x_wconf 68' lang='lat' dir='ltr'><strong>a&amp;oribus</strong></span> <span class='ocrx_word' id='word_1_578' title='bbox 1752 3072 1810 3109; x_wconf 85' lang='lat' dir='ltr'><strong>in-··</strong></span> 
     </span>
     <span class='ocr_line' id='line_1_53' title="bbox 83 3123 1808 3180; baseline 0.002 -19"><span class='ocrx_word' id='word_1_579' title='bbox 83 3123 203 3175; x_wconf 84' lang='lat' dir='ltr'><strong>juriae</strong></span> <span class='ocrx_word' id='word_1_580' title='bbox 233 3123 374 3163; x_wconf 86' lang='lat' dir='ltr'><strong>causam</strong></span> <span class='ocrx_word' id='word_1_581' title='bbox 406 3125 552 3165; x_wconf 89' lang='lat' dir='ltr'><strong>dicere:</strong></span> <span class='ocrx_word' id='word_1_582' title='bbox 581 3126 722 3166; x_wconf 90' lang='lat' dir='ltr'><strong>Seneca</strong></span> <span class='ocrx_word' id='word_1_583' title='bbox 741 3126 927 3166; x_wconf 88' lang='lat' dir='ltr'><strong>summum</strong></span> <span class='ocrx_word' id='word_1_584' title='bbox 948 3125 1179 3166; x_wconf 88' lang='lat' dir='ltr'><strong>liberalitatis</strong></span> <span class='ocrx_word' id='word_1_585' title='bbox 1197 3138 1316 3180; x_wconf 88' lang='lat' dir='ltr'><strong>genus</strong></span> <span class='ocrx_word' id='word_1_586' title='bbox 1335 3124 1409 3165; x_wconf 82' lang='lat' dir='ltr'><strong>effe</strong></span> <span class='ocrx_word' id='word_1_587' title='bbox 1430 3137 1559 3178; x_wconf 88' lang='lat' dir='ltr'><strong>putat,</strong></span> <span class='ocrx_word' id='word_1_588' title='bbox 1588 3140 1632 3164; x_wconf 92' lang='lat' dir='ltr'><strong>ac</strong></span> <span class='ocrx_word' id='word_1_589' title='bbox 1654 3125 1808 3165; x_wconf 88' lang='lat' dir='ltr'><strong>divinae</strong></span> 
     </span>
     <span class='ocr_line' id='line_1_54' title="bbox 85 3177 1809 3274; baseline -0.001 -55"><span class='ocrx_word' id='word_1_590' title='bbox 85 3177 355 3220; x_wconf 86' lang='lat' dir='ltr'><strong>beneficentiae</strong></span> <span class='ocrx_word' id='word_1_591' title='bbox 375 3181 588 3233; x_wconf 86' lang='lat' dir='ltr'><strong>proximum</strong></span> <span class='ocrx_word' id='word_1_592' title='bbox 600 3207 612 3228; x_wconf 87' lang='lat'><strong>,</strong></span> <span class='ocrx_word' id='word_1_593' title='bbox 642 3180 670 3221; x_wconf 87' lang='lat' dir='ltr'>fi</span> <span class='ocrx_word' id='word_1_594' title='bbox 688 3181 773 3235; x_wconf 89' lang='lat' dir='ltr'><strong>quis</strong></span> <span class='ocrx_word' id='word_1_595' title='bbox 793 3194 875 3222; x_wconf 88' lang='lat' dir='ltr'><strong>non</strong></span> <span class='ocrx_word' id='word_1_596' title='bbox 892 3191 1043 3274; x_wconf 55' lang='lat' dir='ltr'><strong>tantuffi</strong></span> <span class='ocrx_word' id='word_1_597' title='bbox 1063 3180 1230 3236; x_wconf 87' lang='lat' dir='ltr'><strong>gratuito</strong></span> <span class='ocrx_word' id='word_1_598' title='bbox 1249 3180 1387 3234; x_wconf 85' lang='lat' dir='ltr'><strong>profit,</strong></span> <span class='ocrx_word' id='word_1_599' title='bbox 1407 3193 1537 3221; x_wconf 87' lang='lat' dir='ltr'><strong>verum</strong></span> <span class='ocrx_word' id='word_1_600' title='bbox 1556 3180 1669 3220; x_wconf 87' lang='lat' dir='ltr'><strong>etiam</strong></span> <span class='ocrx_word' id='word_1_601' title='bbox 1690 3178 1809 3219; x_wconf 80' lang='lat' dir='ltr'><strong>sciens</strong></span> 
     </span>
    </p>

    <p class='ocr_par' dir='ltr' id='par_1_3' title="bbox 1728 3243 1812 3286">
     <span class='ocr_line' id='line_1_55' title="bbox 1728 3243 1812 3286; baseline -0.012 -12"><span class='ocrx_word' id='word_1_602' title='bbox 1728 3243 1812 3286; x_wconf 51' lang='lat' dir='ltr'><strong>pero</strong></span> 
     </span>
    </p>
   </div>
  </div>
 </body>
</html>
