1976 3519
154 200 209 250 56
536 189 1531 236 PROLEGOMENA.

153 282 206 324 C.
231 279 339 322 Fria'.
367 278 505 332 Christ.
539 276 727 329 Groffi'tts‚
754 279 796 318 P.
824 278 867 318 P.
899 277 1015 318 Unus
1044 277 1108 318 hic
1139 290 1186 317 ex
1217 276 1359 318 recluso
1382 276 1532 316 noviter
1550 274 1699 317 climate
1723 287 1876 318 exortus

154 336 295 377 Codex
316 336 374 377 vel
396 336 470 376 hoc
489 335 646 375 nomine
667 334 780 373 instar
799 332 1002 373 multorum
1027 333 1103 382 est,
1133 331 1240 385 quod
1265 345 1383 385 quum
1406 336 1442 370 &
1464 330 1717 384 antiquissima
1743 332 1803 371 illa
1835 335 1875 370 ὃς

154 392 279 432 minus
312 390 467 444 antiqua
495 390 575 443 ejus
604 389 732 442 portio
760 401 807 427 ex
835 387 910 427 alio
932 390 971 426 δε
992 387 1067 427 3110
1086 385 1289 439 exemplari
1317 386 1482 426 dedu&a
1501 385 1567 430 sit,
1598 398 1726 425 neutra
1747 399 1875 426 tamen

154 459 243 486 cum
263 444 340 486 ullo
359 444 409 485 de
430 444 623 484 codicibus
650 442 776 483 adhuc
795 441 940 482 collatis
969 441 1199 495 singulariter
1218 442 1412 494 congruit:
1442 439 1672 492 caeterisque
1693 439 1790 480 adeo
1811 455 1877 479 co—

152 500 321 550 dicibus,
351 501 495 554 quippe
528 499 593 538 abs
621 496 812 551 quibus-in
835 496 976 537 nullam
1005 495 1212 536 notabilem
1239 497 1456 536 varietatem
1485 494 1671 544 discedit,
1703 494 1778 534 hoc
1808 494 1876 535 suo

153 554 335 596 consensu
356 554 508 608 pondus
523 552 644 593 addit.

208 610 286 651 His
315 610 485 663 quinque
512 606 723 648 Codicibus
749 604 834 645 usus
863 605 918 646 est
946 606 985 646 in
1015 605 1187 646 editione
1206 604 1262 647 N.
1283 603 1335 646 T.
1352 603 1400 657 J.
1428 604 1483 645 A.
1512 603 1744 658 Bengelim3
1773 602 1876 643 unde

155 678 312 714 eorum,
340 677 433 718 quas
455 663 586 712 affert,
618 662 737 701 varias
756 660 936 701 leffiones
954 660 1130 714 excerpsi.

215 721 279 759 88.
308 717 448 759 Codex
476 716 680 770 Joachimi
710 715 945 765 camerarii,
973 729 1087 769 quem
1118 725 1158 754 ut
1179 725 1343 754 veterem
1372 713 1506 754 librum
1532 714 1732 767 diligenter
1751 726 1878 752 exara-

157 787 240 816 tum
259 773 410 823 laudat,
438 776 477 812 &
499 772 549 812 ad
570 771 782 812 editionem
802 770 947 809 Erasmi
965 770 1141 810 collatum
1165 767 1310 822 saepius
1331 769 1421 809 citat
1441 769 1478 808 in
1500 768 1808 808 annotationibus
1827 765 1879 807 ad

157 840 321 884 quatuor
341 827 622 882 Evangelistas‚
650 837 737 865 curn
757 822 813 863 N.
829 824 881 864 T.
902 828 941 863 ὅ(
961 826 1062 864 notis
1083 824 1207 863 Bezae
1225 822 1358 863 recufis
1377 824 1645 877 Cantabrigiae
1667 825 1729 862 ΛΟ.
1761 827 1877 871 1642.

158 884 297 925 Similis
315 883 369 924 est
389 882 457 922 iste
475 880 615 922 Codex
633 880 697 928 iis,
726 892 824 933 quos
840 892 877 919 n.
909 883 973 932 63.
1003 892 1067 931 72.
1098 881 1136 917 &
1160 879 1223 917 80.
1253 877 1441 932 descripsi.
1473 876 1576 918 Vide
1609 878 1723 918 etiam
1751 877 1877 916 Marci

218 951 455 1042 89‘i9Codex
485 989 700 1031 Gehlianus
728 988 986 1042 Evangelistas
1014 987 1297 1042 compleffitur,
1325 987 1481 1040 scriptus
1510 988 1555 1027 A.
1585 987 1644 1027 M.
1673 991 1798 1038 6514.
1824 986 1882 1026 in-

159 1048 330 1089 diffione
359 1057 515 1100 quarta,
542 1045 565 1085 i.
595 1058 628 1085 e.
660 1045 726 1083 ΑΟ.
762 1047 879 1083 1106.
907 1043 1012 1097 cujus
1038 1058 1124 1083 cum
1144 1042 1314 1083 editione
1345 1041 1683 1094 Rechenbergiana
1712 1041 1903 1082 collati0-'

160 1116 249 1144 nem
276 1100 518 1155 Augustinus
544 1098 705 1140 Gabriel
723 1097 885 1138 Gehltus
916 1098 1029 1152 (huic
1054 1098 1156 1138 enim
1179 1097 1368 1137 Codicem
1391 1096 1551 1137 donarat
1572 1097 1804 1136 ‘Damianus
1823 1096 1882 1135 Si-

158 1154 322 1254 nopegs)
354 1158 419 1249 ιγ.
453 1168 571 1207 1729.
598 1153 760 1195 seorsum
777 1151 910 1194 edidit.
939 1153 1055 1193 Hanc
1075 1166 1161 1193 cum
1181 1166 1260 1192 non
1281 1152 1503 1206 reperirem,
1532 1150 1615 1192 usus
1632 1150 1712 1191 sum
1731 1163 1884 1206 excerp-

163 1223 210 1254 tis
281 1225 325 1251 en
353 1223 370 1249 e
387 1224 429 1251 tt.

214 1280 280 1317 90.
308 1224 449 1306 Cgodex
486 1264 703 1306 chartaceus
738 1262 895 1318 scriptus
928 1277 1042 1304 manu
1084 1261 1229 1315 Jacobi
1259 1261 1379 1302 Fabri
1409 1259 1717 1313 ‘Daventriensts
1749 1261 1884 1302 Seculo

161 1321 278 1363 XVI.
307 1321 479 1361 continet
506 1319 654 1361 duobus
683 1320 723 1360 in
748 1331 885 1373 quarto
905 1319 1175 1360 Voluminibus
1201 1317 1365 1359 Novum
1392 1317 1678 1357 Testamentum
1698 1317 1886 1370 integrum

161 1386 321 1431 excepta
353 1375 605 1430 Apocalypsi,
635 1377 675 1414 δε
705 1388 754 1415 eo
782 1373 938 1428 quidem
965 1372 1104 1414 ordine
1122 1403 1134 1423 ,
1163 1384 1205 1413 ut
1235 1372 1435 1426 praecedat
1457 1371 1627 1425 Joannes
1647 1401 1659 1420 ‚
1688 1370 1887 1424 sequantur

162 1433 306 1481 Lucas,
336 1430 581 1480 Matthaeus,
612 1430 789 1477 Marcus,
820 1428 1011 1482 Epistolae
1031 1428 1230 1477 Paulinae,
1262 1428 1360 1468 Λξὶει
1382 1431 1420 1466 &
1439 1426 1630 1480 Epistolae
1650 1425 1886 1466 Catholicae.

162 1485 334 1540 Epistola
347 1485 473 1540 Judae
493 1484 550 1525 bis
568 1495 692 1534 extat,
722 1482 787 1524 sed
808 1497 887 1523 non
906 1495 954 1523 ex
973 1496 1052 1523 uno
1071 1482 1287 1535 eodemque
1304 1481 1506 1534 exemplari
1527 1480 1724 1534 descripta.
1763 1480 1808 1520 In
1830 1495 1890 1520 ca·

164 1542 246 1596 pite
265 1541 370 1582 Libri
387 1540 481 1581 haec
500 1550 702 1580 notantur:
732 1568 758 1588 ‚,
786 1539 965 1592 Qlatuor
984 1537 1191 1592 Evangelia
1209 1550 1290 1576 non
1312 1536 1423 1577 semel
1443 1535 1578 1575 collata
1599 1548 1741 1589 magno
1762 1534 1890 1575 labore

163 1626 191 1649 „
220 1609 308 1637 cum
327 1593 584 1649 antiquissimo
602 1594 808 1647 exemplari
828 1592 1138 1641 membranaceo,
1169 1591 1276 1646 quod
1302 1590 1372 1631 fuit
1394 1589 1578 1644 Magistri
1610 1588 1760 1642 Weffili
1791 1590 1890 1629 Gro-

164 1681 193 1703 „
221 1649 432 1705 ningenst's,
459 1650 564 1703 cujus
590 1649 669 1702 jam
690 1647 911 1701 possessores
932 1647 1083 1687 Fratres
1109 1646 1319 1700 Regulares
1348 1646 1387 1685 in
1418 1657 1551 1685 monte
1579 1643 1690 1684 divae
1717 1641 1891 1692 Agnetis

164 1736 191 1757 ,‚
219 1703 326 1759 apud
340 1703 510 1745 Swollis.
540 1703 641 1744 Non
660 1701 768 1742 facile
785 1701 967 1751 dixerim,
996 1712 1180 1755 quantum
1199 1700 1367 1740 laborem
1389 1700 1484 1739 mihi
1505 1698 1692 1752 pepererit
1712 1698 1890 1749 collatio,

164 1790 192 1811 „
221 1772 302 1800 non
313 1768 516 1799 occurente
527 1759 566 1797 &
576 1756 626 1797 ad
636 1769 770 1796 manus
780 1755 960 1795 existente
970 1785 981 1805 ‚
1011 1755 1076 1808 qui
1086 1754 1308 1794 auscultaret
1317 1783 1329 1804 ,
1340 1757 1379 1792 &
1389 1768 1461 1807 ego
1472 1765 1783 1807 recognoscerem
1795 1755 1826 1792 ’'.
1841 1754 1892 1794 Et

165 1816 207 1857 in
235 1813 312 1855 fine
332 1812 629 1868 Evangeliorum
655 1811 742 1865 post
770 1806 991 1863 Συναξοίριονε
1021 1807 1195 1860 ἐπληρώθη
1217 1805 1257 1848 τὸ
1276 1806 1385 1859 παρὸν
1405 1804 1692 1860 Τετρευαγγὲλιον
1711 1805 1768 1846 διε).
1786 1805 1893 1859 χωρὶς

166 1871 269 1918 κοιμέ
286 1869 335 1908 T&
353 1868 501 1908 ταπεινέ
518 1862 673 1917 ’γραφέως
694 1863 846 1916 Θεοὸὦρε
866 1862 1072 1913 Ἀναγνῶεῖὸ
1092 1865 1143 1903 τᾶ
1158 1860 1422 1913 ‘Ayiovrerpsvou
1433 1894 1444 1913 ,
1474 1860 1535 1901 ml
1555 1860 1824 1911 ἀναγινῶςκοντες
1843 1861 1899 1902 εὕ-

168 1925 270 1977 χεσθε
291 1919 377 1976 ὑπὲρ
395 1923 446 1962 τέ
469 1919 566 1971 πόθῳ
594 1919 731 1969 πολλῷ
759 1916 978 1968 arno-afim,
1005 1918 1109 1965 κᾶμὲ
1129 1914 1164 1957 δὲ
1184 1921 1232 1957 τέ
1251 1915 1457 1970 γράψαντος
1476 1915 1569 1956 λύσιν
1598 1916 1748 1957 πολλῶν
1779 1915 1893 1970 ἆμαρ-

168 1984 337 2035 τημσίτων
359 1981 440 2024 Θεὸν
463 1977 631 2031 ἷλεέμενοι.
661 1978 687 2021 εἷ
713 1977 906 2032 Amin-pie,
934 1978 1086 2032 Θεοδῶρε
1115 1978 1257 2029 μέμνησο
1284 1982 1332 2020 τῦ
1356 1977 1595 2030 καλλιγροίφθ
1616 2010 1628 2030 ‚
1656 1977 1737 2022 ’ἑτες
1759 1974 1823 2025 ἦ
1850 1998 1892 2031 ορ.

169 2041 276 2096 Δόξα.
303 2039 357 2090 τῷ
383 2038 454 2088 θεῷ
484 2035 584 2087 &paim
647 2036 714 2078 Ad
745 2037 813 2077 has
841 2035 1103 2089 inscriptiones
1131 2035 1313 2085 observo,
1342 2046 1424 2075 tum
1455 2034 1702 2081 Weslelium,
1731 2036 1796 2090 qui
1826 2039 1891 2078 ΑΟ.

175 2100 298 2149 1489.
328 2095 432 2135 diem
458 2094 578 2143 obiit,
612 2090 803 2132 Codicem
823 2090 928 2132 suum
950 2090 1244 2144 Evangeliorum
1264 2089 1444 2143 accepisse
1465 2104 1512 2130 ex
1535 2089 1771 2131 Bibliotheca
1784 2091 1893 2131 Vati-

170 2166 265 2193 cana
284 2150 392 2191 dono
414 2148 509 2189 Sixti
526 2145 598 2188 IV.
625 2146 844 2192 Pontificis‚
873 2157 954 2186 tum
976 2145 1168 2186 Codicem
1190 2145 1403 2194 Graecum,
1432 2144 1535 2185 unde
1566 2144 1670 2184 suum
1696 2145 1892 2200 descripsit

164 2207 226 2262 Ja.
257 2205 401 2254 Faber,
429 2202 535 2244 fuisse
555 2201 733 2256 scripturn
755 2202 819 2241 ΑΟ.
843 2213 962 2253 1293.
991 2201 1038 2240 ab
1056 2200 1194 2241 eodem
1210 2200 1384 2249 librario,
1415 2200 1480 2253 qui
1502 2198 1692 2240 Codicem
1720 2213 1800 2251 74„
1829 2215 1894 2241 cu-

169 2264 232 2317 jus
259 2260 368 2314 supra
389 2258 487 2299 fasta
507 2257 562 2298 est
584 2256 730 2297 mentio
744 2286 757 2306 ,
783 2256 959 2297 exaravit.
1011 2255 1125 2307 Quae
1142 2255 1238 2295 ratio
1256 2255 1310 2295 est
1330 2268 1396 2294 cur
1416 2255 1454 2294 in
1475 2254 1650 2295 eamdem
1669 2254 1892 2296 Leffihonem

172 2316 392 2369 conspirent
420 2312 500 2354 duo
530 2311 589 2352 isti
619 2310 771 2352 codices
791 2345 802 2362 ,
846 2308 935 2351 vide
962 2309 1104 2351 Matth.
1136 2309 1184 2351 V.
1216 2323 1279 2358 29.
1310 2309 1423 2350 XIX.
1459 2322 1517 2353 ις.
1553 2313 1612 2349 16.
1641 2309 1794 2351 XXIV.
1827 2323 1892 2362 32.

172 2370 330 2414 XXVI.
358 2381 426 2420 40.
464 2367 586 2408 Marc.
616 2366 687 2408 IV.
720 2379 784 2420 32.
821 2365 873 2407 V.
905 2378 967 2417 13.
996 2364 1083 2406 VII.
1120 2378 1182 2406 20.
1212 2363 1324 2405 XIV.
1355 2377 1419 2414 72.
1448 2364 1540 2405 XV.
1576 2377 1637 2413 19.
1690 2365 1811 2405 Porro
1841 2364 1891 2406 de

171 2424 378 2479 exemplari
403 2422 523 2464 altero
550 2420 740 2475 Epistolae
763 2419 887 2475 Judae
914 2419 1008 2460 haec
1034 2419 1148 2460 habet
1176 2450 1202 2470 ‚,
1220 2419 1382 2473 sequitur
1412 2419 1579 2472 Epistola
1602 2418 1747 2472 Judae,
1776 2434 1892 2473 quam

172 2512 199 2533 ,‚
227 2481 341 2521 habet
373 2476 616 2519 Guardianus
647 2475 877 2516 Collitarum
903 2474 1100 2515 Conventi
1121 2474 1194 2523 (sic
1213 2474 1322 2529 lego)
1344 2472 1394 2513 de
1414 2474 1596 2514 Zirchze
1616 2475 1654 2513 in
1676 2473 1742 2514 suo
1767 2488 1894 2514 exem-

172 2566 200 2588 „
229 2535 369 2589 plari'’.
428 2532 557 2575 Habet
587 2530 771 2584 Capitum
801 2529 1027 2570 divisionem
1050 2530 1089 2569 in
1111 2529 1273 2569 Ecclesia
1294 2528 1428 2569 Latina
1447 2541 1659 2582 receptam3
1691 2528 1893 2571 confundit

173 2606 203 2631 τ
219 2593 258 2631 &
278 2589 318 2640 Θ,
337 2588 427 2628 item
447 2579 481 2643 ζ.
504 2590 543 2625 &
562 2604 594 2625 σ.
625 2584 847 2640 Aliquando
865 2586 980 2625 etiam
998 2584 1174 2624 Latinam
1193 2583 1401 2624 versionem
1422 2583 1607 2637 sequitur,
1637 2583 1712 2624 vid.
1746 2597 1779 2624 2.
1797 2584 1892 2624 Cor.

173 2644 247 2686 IX.
277 2649 313 2683 6.
340 2642 414 2683 XI.
447 2655 510 2696 23.
540 2640 625 2681 Gal.
655 2641 705 2683 V.
738 2641 772 2679 8.
804 2639 904 2694 Eph.
931 2639 1001 2682 1V.
1034 2643 1070 2679 6.
1101 2639 1197 2680 Phil.
1225 2639 1274 2680 11.
1307 2651 1369 2691 23.
1400 2638 1488 2680 Col.
1523 2652 1556 2681 1.
1589 2639 1652 2678 28.
1692 2638 1823 2679 Habet
1854 2653 1893 2679 e-

173 2701 268 2742 tiam
287 2697 471 2752 prologos
488 2695 664 2736 Euthalii.

228 2755 333 2795 Cum
360 2752 432 2792 rari
465 2762 552 2791 ante
572 2749 907 2791 Reformationem
934 2748 1073 2791 fuerint
1095 2750 1133 2790 in
1157 2749 1292 2805 Belgio
1310 2749 1396 2792 Viri
1423 2748 1528 2790 doffi
1550 2748 1796 2789 &literarum
1821 2747 1894 2788 stu-

175 2809 297 2855 diosi,
328 2807 467 2862 dignus
493 2805 546 2845 est
558 2805 725 2859 Jacobus
747 2804 882 2855 Fabri,
913 2805 980 2859 qui
1007 2805 1047 2845 in
1069 2805 1226 2845 clariore
1245 2805 1327 2845 luce
1351 2804 1566 2844 collocetur.
1622 2803 1752 2844 Natus
1782 2804 1813 2842 is
1839 2803 1894 2843 est

173 2867 241 2906 ΛΟ.
275 2874 393 2914 1472.
423 2860 662 2900 Daventriae.
691 2860 981 2913 Praeceptorem
1008 2860 1060 2900 ibi
1092 2859 1222 2899 habuit
1249 2858 1414 2900 eundem
1442 2872 1484 2898 ac
1517 2859 1690 2898 Erasmus
1718 2857 1893 2898 Alexan-

175 2919 287 2958 drum
309 2915 489 2970 Hegium.
524 2918 584 2954 ΑΟ.
608 2926 727 2964 1499.
755 2914 878 2954 edidit
897 2928 1047 2955 carmen
1068 2914 1272 2955 heroicum.
1301 2913 1391 2955 Post
1411 2913 1549 2953 Lestor
1569 2911 1750 2952 secundae
1759 2911 1896 2952 Claflis

175 2969 460 3015 Daventriensis
480 2968 602 3009 edidit
622 2982 739 3022 opera
757 2969 1015 3022 Praeceptoris
1035 2968 1089 3009 sui
1107 2969 1246 3024 Hegii,
1265 2980 1427 3023 quorum
1445 2979 1590 3021 partem
1612 2967 1768 3007 Erasmo
1787 2965 1896 3006 dedi-

174 3028 276 3069 cavit
304 3028 369 3067 ΑΟ.
405 3036 522 3076 1503.
552 3024 619 3063 ΑΟ.
656 3035 775 3073 1511.
803 3023 926 3063 edidit
948 3023 1112 3064 Catonis
1133 3024 1304 3068 Disticha
1335 3037 1423 3063 cum
1453 3022 1532 3061 aliis
1551 3022 1845 3076 Gnomologicis
1872 3035 1895 3061 e

177 3083 331 3123 Graeco
358 3078 481 3122 versis.
531 3076 698 3131 Jacobus
726 3078 849 3118 Faber
877 3078 1105 3131 Stapulenfis
1133 3092 1218 3118 eum
1250 3077 1409 3118 donavit
1438 3076 1618 3116 Psalterio
1646 3076 1894 3130 quintuplici,

174 3136 284 3193 quod
304 3137 371 3178 A⁰.
391 3148 406 3176 1
420 3146 509 3187 509.
537 3131 718 3174 ediderat.
747 3132 857 3187 Qiin
872 3133 987 3174 etiam
1005 3133 1106 3175 varia
1126 3132 1242 3173 nostri
1258 3132 1394 3186 jacobi
1410 3142 1540 3173 extant
1560 3131 1671 3174 MSS.
1688 3132 1728 3172 in
1749 3129 1894 3222 Biblio-

1785 3196 1799 3224 t
1829 3197 1894 3224 cca
