1976 3519
150 230 232 270 106
529 227 1539 274 PROLEGOMENA.

149 324 304 363 extant,
326 312 474 355 Latinis
493 312 737 356 Editionibus
755 314 952 369 praetulit,
982 318 1022 355 &
1042 315 1298 359 authenticam
1316 313 1508 357 definivit.
1531 314 1653 358 Hanc
1672 318 1738 373 qui
1757 319 1887 363 volue-

151 369 199 410 rit
227 383 274 409 ex
297 368 478 413 Hebraeo
506 380 570 409 aut
601 369 754 413 Graeco
785 382 953 420 mutare,
980 381 1046 411 aut
1065 369 1132 411 suo
1152 384 1224 424 pro
1247 370 1397 424 judicio
1426 371 1636 424 corrigere,
1665 376 1889 416 correctam-

149 437 225 478 que
244 437 315 477 pro
336 422 415 477 ipsa
436 423 570 465 Veteri
589 423 774 466 Editione
794 425 1002 466 emaculata
1023 439 1240 480 proponere
1254 456 1266 474 ‚
1293 427 1325 466 is
1347 425 1495 479 Synodi
1528 427 1732 469 sententiae
1755 432 1887 484 procul

149 477 269 519 dubio
288 476 523 519 adversatur:
553 477 653 520 Non
674 480 779 520 enim
797 491 962 521 veterem
985 479 1127 530 servat,
1146 479 1212 521 sed
1230 479 1333 521 suam
1354 480 1533 523 obtrudit
1544 481 1763 524 editionem.
1788 485 1891 526 Cae-

151 545 274 574 terum
295 534 361 588 qui
380 547 427 574 ex
448 534 559 574 variis
576 534 691 588 ipfius
713 533 850 575 veteris
879 534 1062 576 editionis
1089 535 1364 589 exemplaribus
1391 535 1444 577 illi
1471 536 1794 579 emendandae&
1814 541 1890 594 pri:-

152 602 309 630 maevae
339 588 495 629 leffioni
525 602 802 644 germanaeque
831 589 1046 644 interpretis
1069 589 1271 644 scripturae
1297 590 1548 633 restituendae
1572 605 1731 646 operam
1750 607 1889 642 navat,

153 653 303 685 tantum
325 643 450 690 abest,
477 655 519 684 ut
541 644 661 685 menti
683 643 832 698 Synodi
847 644 1094 695 adversetur,
1123 657 1165 686 ut
1184 644 1264 699 ipsa
1282 644 1334 687 ad
1355 645 1430 686 hoc
1460 644 1620 701 Synodo
1639 647 1817 689 hortante
1839 664 1891 692 ex

151 710 281 740 mente
313 698 463 753 Synodi
500 697 622 739 faciat.
652 699 794 739 Statuit
821 700 924 740 enim
945 713 987 740 ut
1008 700 1101 740 haec
1126 699 1206 753 ipsa
1226 698 1349 741 Vetus
1366 702 1406 739 &
1432 700 1594 755 Vulgata
1625 702 1746 744 editio
1774 719 1891 759 quam

155 753 455 794 emendatissime
486 753 744 807 imprimatur3
775 754 976 795 emendate
995 766 1119 794 autem
1141 754 1309 808 imprimi
1331 754 1433 794 haud
1463 755 1569 809 posse
1598 757 1768 809 videtur,
1792 760 1892 812 niti,

154 808 301 849 collatis
319 809 431 851 variis
450 807 548 850 illius
570 808 863 862 exemplaribus,
893 809 1033 850 menda
1060 808 1295 862 deprehensa
1316 809 1581 861 eliminentur,
1609 810 1749 853 sincera
1770 814 1893 857 lectio

156 862 385 905 admittatur.
443 863 533 916 Qia
561 864 602 903 in
632 877 671 904 re
701 875 742 904 ut
770 863 918 918 Synodi
947 863 1136 907 desiderio
1163 862 1390 905 satisfaceret
1418 864 1661 919 Theologica
1695 868 1726 909 F
1729 869 1891 921 aeultas,

155 921 197 958 &
227 918 277 960 D.
307 918 510 959 Hentenio
529 948 542 968 ,
572 921 612 957 &
641 917 728 972 post
759 918 871 959 nobis
901 919 978 959 hoc
1011 920 1140 973 operis
1179 918 1427 961 demandavit
1459 924 1531 961 &e
1577 921 1812 965 Criticorum
1845 925 1892 967 ‘S-

157 972 235 1014 To.
295 1006 304 1014 .
361 1005 369 1013 .
434 986 447 1011 1
486 1005 494 1013 .

213 986 291 1069 A‘'.7
313 985 431 1075 1553.
458 984 626 1068 {witus
658 1026 855 1068 Nicolaus
887 1028 1060 1081 Zegerus
1087 1027 1261 1070 ediderat
1278 1027 1471 1070 Coloniae
1493 1029 1786 1083 Epanorthoten
1812 1034 1892 1078 five

155 1080 440 1137 Castigationes
462 1082 504 1121 in
521 1081 579 1123 N.
599 1081 650 1122 T.
663 1102 676 1129 ,-
701 1084 741 1122 in
761 1084 926 1139 prologo
943 1084 994 1124 ad
1009 1082 1155 1136 Julium
1164 1084 1233 1124 ΙΙΙ.
1254 1085 1658 1138 conqueritur:Tanta
1678 1088 1732 1127 est
1754 1089 1887 1142 paffim

157 1137 198 1177 in
228 1137 287 1178 N.
316 1136 371 1178 T.
393 1136 589 1177 Codicum
611 1138 771 1179 varietas
791 1161 857 1169 ---·
876 1150 918 1179 ut
935 1137 1086 1179 nonnisi
1106 1139 1305 1194 perplexae
1322 1138 1434 1181 fuerit
1458 1138 1697 1182 difficultatis.
1715 1157 1894 1199 compro·

158 1191 247 1232 bare
267 1206 310 1233 ac
329 1191 610 1242 demonstrare,
637 1206 734 1246 quae
754 1193 794 1232 in
816 1193 904 1247 ipsis
925 1193 1055 1234 haberi
1072 1209 1114 1234 ac
1135 1194 1277 1235 censeri
1301 1193 1465 1236 debeant
1496 1209 1568 1249 pro
1598 1199 1787 1251 germanis
1794 1231 1806 1250 ,
1836 1202 1894 1241 in-

157 1247 370 1292 temeratis,
399 1261 443 1287 ac
467 1247 720 1300 Apostolicis:
753 1248 903 1289 Graeca
921 1248 1148 1302 exemplaria
1170 1248 1352 1290 diffident
1372 1264 1394 1290 a
1413 1250 1560 1291 Latinis
1579 1282 1592 1301 ,
1622 1252 1769 1293 Graeca
1795 1257 1893 1308 pari-

156 1314 215 1343 ter
234 1317 277 1342 ac
298 1302 434 1342 Latina
454 1301 641 1342 moderna
659 1317 682 1342 a
705 1304 915 1353 veteribus,
945 1315 1071 1344 vetera
1098 1318 1120 1344 a
1140 1303 1328 1346 veteribus
1360 1308 1431 1346 δίς.
1460 1304 1508 1346 In
1536 1308 1777 1359 peroratione
1805 1310 1890 1352 libri

159 1370 274 1398 vero:
305 1355 640 1410 Deprehendimus
658 1387 669 1407 ,
697 1357 842 1411 inquit,
872 1371 940 1399 eos
973 1357 1075 1412 ipsos
1107 1357 1297 1407 Codices;
1326 1373 1424 1413 quos
1448 1361 1622 1403 nonnulli
1650 1362 1892 1419 castigatores

159 1425 233 1465 pro
260 1410 473 1452 admodum
500 1412 668 1466 antiquis
688 1411 872 1463 habuere,
901 1413 965 1453 vix
988 1424 1076 1454 ante
1101 1427 1223 1454 annos
1253 1414 1383 1457 CCC.
1411 1414 1471 1456 vel
1501 1415 1671 1457 CCCC.
1701 1421 1740 1457 ἅς
1769 1419 1893 1472 plures

158 1466 274 1507 etiam
290 1479 421 1507 eorum
441 1465 562 1520 longo
578 1467 777 1508 intervallo
797 1468 890 1508 citra
910 1466 1118 1522 descriptos
1138 1467 1254 1509 fuisse.
1276 1492 1340 1501 ----
1369 1470 1425 1510 At
1442 1484 1535 1510 vero
1555 1485 1652 1524 quae
1670 1486 1741 1513 nos
1760 1475 1891 1528 passim

159 1522 321 1565 citamus
339 1521 569 1561 nominatim
588 1521 838 1575 exemplaria,
868 1532 947 1562 tam
969 1522 1054 1564 sunt
1073 1524 1241 1574 vetusta,
1268 1535 1309 1565 ut
1327 1524 1511 1566 nonnulla
1530 1525 1718 1581 descripta
1732 1529 1893 1571 credan-

160 1587 221 1622 tur
237 1587 326 1618 ante
347 1589 470 1616 annos
489 1575 660 1616 DCCC.
677 1588 742 1617 aut
760 1576 974 1618 DCCCC.
1003 1591 1052 1618 ne
1070 1577 1164 1631 quid
1188 1579 1272 1632 plus
1292 1578 1473 1621 dicamus.

216 1632 284 1671 ΑΟ.
320 1633 436 1681 1556.
470 1628 687 1671 Theodorus
718 1631 838 1671 Beza
858 1631 966 1672 edito
985 1632 1043 1673 N.
1062 1633 1114 1674 T.
1134 1632 1184 1674 de
1205 1632 1391 1675 Verfione
1412 1634 1576 1690 Vulgata
1599 1636 1651 1677 ita
1682 1637 1720 1678 in
1747 1640 1893 1692 praefa-

159 1686 267 1727 tione
295 1684 462 1739 judicat:
489 1706 554 1717 ----
581 1699 667 1726 eam
695 1700 770 1740 ego
794 1687 957 1728 maxima
984 1700 1030 1728 ex
1059 1699 1166 1741 parte
1196 1687 1433 1742 ample&0r‚
1460 1693 1500 1730 ὃς
1529 1692 1685 1732 caeteris
1714 1695 1892 1737 omnibus

159 1751 360 1793 antepono
384 1761 449 1770 ----
477 1752 514 1793 p.
544 1753 581 1793 p.
609 1740 649 1780 in
677 1740 878 1781 Erasmum
905 1741 1126 1783 invehitur:
1156 1742 1311 1784 Deinde
1329 1777 1340 1794 ,
1378 1743 1504 1798 inquit
1543 1759 1655 1799 quarn
1699 1747 1894 1792 immerito*

160 1794 288 1837 multis
315 1793 409 1835 locis
436 1805 602 1835 veterem
638 1795 887 1849 interpretem
915 1795 1161 1850 reprehendit
1177 1824 1189 1843 ,
1227 1807 1411 1852 tanquam
1436 1813 1459 1840 a
1486 1799 1644 1842 Graecis
1673 1801 1892 1846 dissentien-v

160 1850 259 1891 tem!
289 1848 562 1899 Diffentiebat,
593 1848 738 1896 fateor,
768 1850 816 1890 ab
838 1851 885 1892 iis
902 1851 1200 1905 exemplaribus,
1230 1866 1327 1906 quae
1347 1853 1410 1894 ille
1427 1855 1559 1896 nastus
1579 1869 1668 1897 erat.
1716 1859 1790 1901 Sed
1806 1875 1891 1902 non

160 1918 241 1946 uno
256 1903 346 1944 loco
364 1904 620 1957 comperimus
639 1904 799 1948 aliorum
818 1904 1035 1956 Codicum,
1065 1910 1105 1946 Sc
1125 1905 1283 1959 quidem
1301 1908 1652 1961 vetustissimorum,
1683 1915 1893 1958 autoritate-

161 1972 248 2000 eam
273 1958 627 2011 interpretationem
656 1959 728 2000 niti
747 1989 759 2010 ‚
789 1973 905 2013 quam
933 1959 995 2000 ille
1025 1961 1299 2013 reprehendit:
1340 1963 1451 2014 Quin
1478 1965 1592 2005 etiam
1621 1966 1767 2020 aliquot
1798 1971 1896 2012 locis

161 2012 498 2059 animadvertimus
517 2043 529 2063 ,
559 2013 696 2054 veteris
724 2014 943 2068 interpretis
974 2014 1177 2056 lestionem
1196 2045 1209 2066 ,
1246 2017 1420 2071 quamvis
1448 2032 1535 2060 cum
1564 2021 1700 2062 nostris
1734 2024 1893 2067 Graecis

162 2067 438 2121 exemplaribus
466 2080 548 2107 non
578 2069 785 2110 conveniat
815 2068 1030 2120 interdum,
1061 2081 1189 2112 tamen
1210 2070 1333 2113 multo
1361 2072 1494 2114 melius
1512 2075 1722 2128 quadrare,
1752 2093 1892 2134 nempe

192 2121 271 2163 uod
288 2121 525 2163 emendatius
544 2122 703 2176 aliquod
719 2124 912 2179 exemplar
929 2124 1105 2179 sequutus
1122 2124 1197 2167 ess‘e
1214 2125 1399 2169 videatur.
1450 2128 1546 2170 Hoc
1567 2129 1734 2185 denique
1754 2147 1896 2177 votum

162 2137 294 2231 subjun
327 2177 375 2219 it:
406 2206 431 2226 ,‚
444 2176 483 2217 Si
501 2177 534 2217 is
554 2177 646 2218 esset
664 2178 838 2220 omnium
857 2193 902 2220 ac
931 2179 1148 2233 praesertim
1166 2180 1322 2235 Regum
1341 2196 1386 2225 ac
1403 2183 1623 2238 Principum
1648 2188 1796 2229 animus
1823 2191 1892 2244 qui·

163 2230 239 2274 effe
258 2230 308 2275 de
333 2231 440 2282 ebat,
467 2231 563 2272 nihil
592 2231 775 2274 haberent
797 2235 1011 2289 antiquius,
1040 2249 1155 2289 quam
1178 2247 1219 2276 ut
1237 2237 1363 2291 primo
1383 2252 1539 2292 quoque
1558 2251 1730 2294 tempore
1751 2242 1892 2285 doffis-

163 2286 278 2329 srmos
296 2299 395 2342 quos
425 2300 471 2328 ue
490 2285 667 2328 homines
687 2287 858 2343 undique
876 2301 1079 2344 cogerent,
1106 2304 1154 2332 ex
1174 2304 1338 2345 quorum
1357 2292 1604 2336 consensione
1622 2299 1663 2336 ὃς
1691 2300 1893 2342 autoritate

163 2341 358 2396 utriusque
418 2341 616 2382 estamenti
637 2342 900 2398 interpretatio
918 2344 1031 2388 semel
1053 2344 1248 2396 ederetur,
1276 2346 1383 2400 cujus
1403 2349 1534 2402 quoad
1556 2349 1637 2403 ejus
1658 2350 1740 2392 fieri
1767 2354 1892 2407 posset

163 2396 265 2442 sacra
285 2399 325 2436 &
343 2395 527 2437 inviolata
546 2397 637 2438 effet
657 2399 847 2440 autoritas.
877 2398 945 2440 Ne
975 2414 1021 2442 ue
1040 2401 1145 2441 enim
1165 2400 1212 2440 ab
1234 2415 1313 2442 uno
1331 2402 1485 2457 aliquo,
1497 2407 1740 2458 quantumvis
1759 2409 1826 2463 pio
1847 2424 1893 2451 ac

163 2450 306 2501 desto,
337 2462 486 2493 tantum
505 2464 604 2505 opus
620 2452 691 2494 rite
709 2452 852 2495 absolvi
874 2413 981 2509 possc‘le
1000 2453 1152 2497 videtur
1164 2458 1199 2495 ”.

219 2504 343 2560 Qiod
360 2504 501 2547 salubre
520 2506 718 2548 confilium
739 2509 887 2560 Bezae,
915 2509 1060 2550 nemini
1080 2522 1343 2566 praeterquam
1361 2512 1421 2563 ei,
1448 2527 1564 2567 quem
1597 2516 1753 2558 minime
1781 2530 1892 2562 autor

162 2574 212 2607 ex
231 2559 464 2615 principibus
481 2561 599 2603 Orbis
617 2561 827 2604 Christiani
841 2563 965 2606 secum
987 2563 1172 2607 facturum
1190 2566 1396 2621 aliquando
1412 2568 1674 2622 exspeeraffit,
1693 2572 1892 2626 *Pontefici

164 2615 346 2659 nimirum
379 2615 555 2656 Romano
583 2615 657 2658 lese
684 2618 883 2672 probavit,
912 2619 1006 2661 ficut
1033 2634 1080 2664 ex
1113 2621 1349 2675 praefatione
1377 2637 1399 2663 a
1425 2623 1631 2666 Cardinale
1660 2627 1893 2670 Bellarmino

163 2669 300 2712 Bibliis
330 2670 495 2723 praefixa
525 2672 753 2728 cognoscere
784 2673 892 2715 licet:
921 2675 1113 2728 Quamvis
1130 2706 1142 2727 ,
1171 2676 1297 2731 inquit
1317 2707 1330 2726 ,
1361 2677 1564 2732 insignium
1595 2681 1890 2725 Academiarum

164 2724 362 2779 Theologi
391 2725 432 2765 in
461 2724 632 2768 editione
652 2726 818 2782 Vulgata
847 2729 1006 2784 pristino
1025 2729 1093 2771 suo
1114 2731 1231 2773 nitori
1251 2731 1479 2773 restituenda
1499 2747 1638 2788 magna
1668 2750 1754 2776 cum
1780 2738 1892 2780 laude

163 2778 440 2827 laboraverint;
469 2782 559 2835 quia
587 2793 714 2823 tamen
733 2783 773 2824 in
800 2794 905 2825 tanta
925 2799 966 2826 re
985 2785 1087 2826 nulla
1111 2786 1236 2840 potest
1263 2784 1338 2828 effe
1357 2787 1476 2828 nimia
1495 2788 1717 2842 diligentia;
1748 2795 1787 2831 &
1810 2793 1894 2834 Co-

167 2833 274 2877 dices
307 2834 420 2876 MSS.
448 2836 662 2890 complures
678 2840 719 2878 &
736 2839 958 2881 vetustiores
976 2839 1111 2885 summi
1130 2840 1330 2885 Pontificis
1346 2841 1445 2894 juss'u
1463 2843 1663 2896 conquisiti
1675 2876 1687 2895 ,
1719 2858 1833 2900 atque
1851 2849 1892 2889 in

165 2889 297 2930 urbem
325 2888 476 2930 adveffi
505 2903 614 2932 erant
636 2914 703 2923 ---
727 2892 819 2934 ideo
847 2895 936 2936 Pius
956 2894 1029 2936 IV.
1050 2895 1094 2935 P.
1123 2895 1183 2936 M.
1213 2918 1278 2928 ·--·
1306 2896 1507 2938 lestiffimis
1532 2898 1679 2952 aliquot
1708 2901 1744 2941 S.
1773 2903 1825 2943 R.
1850 2904 1897 2944 E.

167 2944 457 2995 Cardinalibus,
485 2944 643 3000 aliisque
667 2958 748 2987 tum
777 2948 973 2990 Sacrarum
1001 2949 1212 2992 Literarum
1235 2962 1316 2992 tum
1338 2952 1523 2993 variarum
1552 2953 1763 3008 linguarum
1793 2962 1894 3011 peri-

165 2998 312 3042 tiffimis
327 2999 417 3040 viris
447 3013 533 3041 eam
554 3002 791 3054 provinciam
809 3002 1078 3054 demandavit,
1109 3017 1151 3047 ut
1171 3005 1363 3061 vulgatam
1385 3007 1607 3048 Editionem
1629 3010 1804 3051 Latinam
1823 3013 1893 3053 ad-

166 3054 298 3096 hibitis
325 3054 405 3095 anti
435 3053 588 3096 uissimis
620 3055 831 3098 Codicibus
861 3057 971 3098 MSS.
990 3092 1002 3109 ,
1039 3059 1217 3113 inspeetis
1244 3075 1400 3116 quoque
1427 3062 1629 3103 Hebraicis
1659 3066 1895 3121 Graecisque

166 3109 379 3151 Bibliorum
426 3110 598 3155 ontibus,
628 3111 808 3155 consultis
830 3112 997 3167 denique
1028 3112 1214 3157 Veterum
1235 3117 1389 3158 Parrum
1416 3117 1716 3161 Commentariis
1745 3135 1895 3162 accura-

164 3163 300 3212 tissime
318 3164 553 3221 castigarent.
581 3166 705 3221 Qiod
720 3166 857 3213 itidem
875 3168 1089 3215 institutum
1109 3170 1199 3215 Pius
1218 3169 1269 3214 V.
1298 3170 1516 3227 prosecutus
1532 3174 1597 3215 est.
1628 3174 1772 3218 Verum
1801 3190 1895 3216 con·

1806 3245 1897 3272 ven·
