1976 3519
469 244 1468 291 PROLOGOMENA.
1751 250 1831 302 185

99 349 141 378 to
170 337 298 377 Textu
328 335 500 383 recedat·‚
529 335 636 384 licet,
667 347 743 388 qua
764 332 963 373 autoritate
983 330 1169 372 addut‘tus
1189 333 1360 387 quidque
1380 336 1603 387 mutaverit,
1633 335 1705 378 suis
1734 337 1829 380 locis

98 406 280 433 annotare
302 392 517 444 neglexerit.
1085 442 1091 448 ’
1342 444 1347 449 q
1395 444 1401 449 ἡ

155 448 243 487 XII.
279 447 453 497 Joannes
496 445 681 492 Piscator
709 442 849 483 eodem
878 453 1052 495 tempore
1081 453 1272 495 integrum
1303 442 1513 484 Bibliorum
1555 447 1748 488 Codicem
1785 450 1827 489 in

99 491 367 542 Germanicam
399 501 564 553 linguam
609 499 832 547 convertit,
863 510 978 550 atque
1015 498 1055 536 in
1096 496 1270 550 subjestis
1306 499 1622 552 explicationibus
1658 516 1826 545 mutatae

96 558 271 597 lets‘tionis
301 555 459 596 caussiim
493 552 662 592 reddidit
687 571 696 598 3
726 552 815 591 vide
847 552 989 592 Matth.
1019 552 1048 591 Ι.
1082 565 1142 591 10.
1182 553 1273 593 Luc.
1300 552 1350 591 11.
1385 567 1446 602 14.
1485 555 1605 596 Rom.
1640 556 1727 597 XII.
1765 573 1826 600 11.

99 627 133 651 2.
156 613 236 652 Pet.
263 611 330 651 III.
367 623 428 659 15.
466 608 651 648 Prolixius
681 622 771 648 vero
802 607 896 647 hacc
924 605 1060 647 eadem
1090 607 1131 646 in
1165 607 1466 649 Commentariis
1498 610 1645 651 Latinis
1685 626 1828 666 pertra-

91 668 218 707 &az-it.

150 721 260 762 XIII.
295 717 517 759 {eichardus
547 717 776 767 Baxterus‚
805 717 881 757 acti
907 715 1055 771 judicio
1083 717 1333 773 Theologus‚
1363 718 1403 757 in
1433 718 1593 761 Cafibus
1614 721 1827 764 Conscien-

94 777 168 817 tiae
188 775 348 829 Anglice
366 774 531 826 scriptis,
563 772 602 812 P.
631 773 698 813 111.
731 787 767 826 p.
806 786 894 824 174.
924 773 1018 812 haec
1039 773 1179 812 habet:
1237 804 1262 823 ‚,
1294 773 1393 813 Non
1415 775 1491 820 est,
1523 777 1670 830 inquit,
1700 779 1748 818 ad
1768 780 1826 820 sa-

91 862 119 882 „
148 831 262 870 lutem
291 828 556 871 necessarium,
587 840 628 868 ut
659 829 743 882 quis
771 827 900 867 credat
928 826 1095 881 singulos
1125 828 1242 867 libros
1269 840 1334 869 aut
1361 829 1486 870 versus
1508 831 1722 885 Scripturae
1751 836 1826 877 effe

88 917 115 936 „
145 885 374 932 canonicos,
403 895 465 923 aut
485 882 643 935 scriptos
665 897 732 937 per
753 883 933 935 Spiritum
956 883 1040 922 Dei.
1069 904 1133 912 ----
1163 882 1202 922 Si
1222 883 1314 923 liber
1336 883 1471 938 aliquis
1493 887 1655 939 periret,
1687 902 1750 929 aut
1782 892 1822 931 in

89 972 114 992 ,‚
144 940 300 980 dubium
329 950 526 979 vocaretur
552 952 586 977 v.
617 952 672 993 gr.
701 937 868 991 Epistola
892 937 1018 991 Judae
1049 941 1121 976 &o
1154 952 1233 977 non
1253 937 1345 979 inde
1363 939 1600 993 sequeretur,
1632 958 1707 983 una
1734 959 1822 986 cum

85 1026 114 1049 „
146 995 229 1049 ipso
248 1007 403 1034 omnem
424 1006 551 1033 veram
572 992 686 1033 fidem
706 993 886 1046 spemque
907 992 1031 1032 salutis
1051 993 1268 1046 perituram.
1325 994 1662 1048 controvertitur,
1694 1012 1821 1042 utrum

80 1079 114 1101 .„
144 1051 249 1090 locus
285 1063 317 1088 1.
340 1048 403 1102 Jo.
432 1047 482 1087 V.
516 1060 549 1090 7.
580 1048 717 1101 aliique
748 1047 906 1101 quidam
936 1046 1061 1087 versus
1093 1047 1164 1087 smt
1185 1049 1360 1088 canonici
1381 1064 1451 1090 nec
1473 1065 1543 1100 ne,
1576 1055 1760 1107 quoniam
1783 1057 1823 1097 in

87 1133 113 1156 „
142 1104 366 1160 quibusdam
386 1102 660 1155 exemplaribus
684 1103 841 1142 Graecis
862 1103 1119 1155 reperiuntur,
1150 1104 1189 1142 in
1213 1104 1440 1157 quibusdam
1462 1108 1702 1150 omittuntur.
1749 1111 1824 1152 νς-

86 1188 112 1212 „
144 1174 225 1201 rum
254 1159 470 1213 quicunque
501 1158 539 1196 in
563 1157 639 1197 hoe
669 1170 816 1198 tantum
847 1169 966 1202 errat,
998 1157 1128 1197 salvari
1150 1159 1290 1211 poterit
1303 1161 1335 1200 ''.
1391 1160 1441 1199 Et
1470 1174 1505 1214 p.
1538 1163 1626 1213 187.
1682 1193 1708 1214 ‚‚
1740 1167 1824 1218 Qui

85 1244 112 1266 ‚,
141 1216 273 1255 dicunt
293 1215 420 1254 Deum
439 1213 490 1252 ita
511 1211 742 1253 conservasse
766 1212 1022 1266 Scripturam‚
1053 1225 1094 1252 ut
1113 1213 1236 1253 nullae
1258 1214 1296 1252 in
1318 1228 1361 1253 ea
1383 1214 1455 1255 sint
1477 1216 1527 1255 V.
1549 1217 1594 1260 L,
1622 1231 1687 1259 aut
1716 1221 1822 1262 dubii

84 1302 110 1322 ‚‚
139 1272 286 1311 Textus
306 1299 317 1318 ,
348 1281 466 1321 utque
494 1268 638 1308 nullum
669 1267 848 1320 scriptum
879 1279 943 1307 aut
973 1268 1075 1321 typis
1101 1267 1247 1308 editum
1289 1270 1481 1322 exemplar
1519 1286 1738 1326 corruptum
1779 1278 1824 1318 sit

84 1353 111 1376 ‚‚
140 1326 248 1377 <cum
280 1336 408 1364 tamen
424 1354 435 1373 ‚
454 1335 628 1363 narrante
650 1324 700 1363 D.
724 1322 919 1376 Heylino,
948 1322 1237 1376 Typographus
1258 1323 1407 1377 Regius
1433 1325 1610 1368 edidisset
1639 1329 1822 1384 Praecep-

84 1412 110 1433 ,‚
140 1393 218 1421 tum
242 1379 463 1432 septimum:
487 1377 716 1418 Committes
738 1377 1010 1432 walterium)
1039 1378 1098 1418 isti
1120 1378 1279 1419 modum
1301 1379 1491 1422 excedunt
1515 1382 1554 1421 in
1576 1387 1822 1429 veneratione

85 1467 111 1488 „
141 1450 229 1485 erga
252 1434 420 1473 (Lodices
441 1433 574 1473 Sacros
585 1436 619 1474 ’'.

139 1479 250 1532 X‘IV.
278 1489 457 1541 Joannes
479 1487 653 1527 Clericus
676 1486 732 1527 N.
753 1487 803 1528 T.
827 1488 975 1529 Gallice
994 1488 1140 1530 versum
1157 1489 1278 1530 edidit
1303 1491 1580 1533 Amstclodami
1611 1496 1676 1537 ΑΟ,
1703 1511 1821 1549 ¹703·

85 1547 125 1587 in
158 1544 391 1600 praefatione
420 1542 639 1596 profitetur:
669 1543 708 1583 Si
736 1543 821 1583 MS.
856 1544 1156 1584 Alexandrinum
1185 1545 1307 1586 fuisstzt
1334 1547 1502 1598 editum,
1533 1549 1570 1590 se
1594 1550 1634 1590 id
1666 1552 1715 1592 ad
1741 1548 1824 1594 lite-

85 1615 166 1641 ram
195 1599 301 1640 fuisse
328 1597 584 1648 redditurum,
613 1613 698 1638 cum
721 1598 764 1638 sit
784 1601 957 1638 omnium
978 1599 1173 1640 Codicum
1202 1601 1270 1641 isse
1290 1603 1574 1655 antiquissimus.
1636 1606 1742 1647 Hine
1766 1610 1822 1648 in-

85 1657 135 1697 de
164 1667 309 1704 autem,
340 1654 512 1706 inprimis
537 1654 577 1692 in
604 1653 725 1693 Notis
755 1654 1050 1694 Commentario
1082 1656 1134 1694 H.
1166 1656 1411 1696 Hammondi
1443 1659 1482 1697 in
1506 1658 1563 1700 N.
1582 1661 1631 1700 T.
1656 1662 1820 1715 additis,

87 1706 126 1751 &
158 1709 207 1748 V.
237 1710 279 1750 L.
310 1709 545 1748 mentionem
576 1707 666 1747 facit
688 1735 698 1752 ‚
739 1712 776 1746 &
804 1720 977 1761 receptae
1012 1709 1189 1749 chfioni
1228 1711 1339 1749 aliam
1373 1714 1412 1751 in
1444 1714 1574 1754 Textu
1611 1716 1819 1767 substituit;

87 1779 128 1807 ut
155 1766 236 1819 jam
266 1778 346 1804 non
375 1763 500 1803 dicam
521 1789 532 1809 ,
561 1762 667 1816 quod
694 1763 810 1803 etiam
839 1777 884 1803 ex
908 1764 1065 1818 ingenio
1093 1763 1251 1805 subinde
1281 1766 1570 1809 emendationes
1589 1770 1629 1810 in
1651 1772 1821 1814 medium

85 1820 295 1876 protulerit.
582 1877 586 1879 Β
1102 1876 1109 1883 .
1278 1877 1284 1884 ⁸
1829 1850 1832 1852 ’

141 1876 235 1916 XV.
264 1875 440 1927 Joannes
463 1873 654 1923 Lockzus,
678 1874 779 1915 edita
800 1875 838 1914 in
862 1876 1032 1929 quinque
1053 1890 1197 1930 priores
1213 1878 1401 1931 Epistolas
1412 1878 1587 1921 Paulinas
1599 1882 1821 1938 Paraphrasi

89 1931 253 1985 Anglica
281 1943 368 1969 cum
396 1929 581 1979 Scholiis‚
613 1930 814 1983 aliquoties
835 1945 856 1969 a
879 1931 1063 1971 Leistione
1086 1945 1259 1985 recepta,
1290 1934 1492 1974 autoritate
1520 1936 1684 1978 Codicis
1715 1941 1823 1981 Alex.

88 2000 152 2027 aut
172 1986 340 2025 Clarom.
363 1996 426 2024 aut
446 1984 617 2033 alterius,
646 1984 839 2024 interdum
865 1986 979 2024 etiam
1001 1986 1220 2038 conjettura
1243 1986 1379 2033 fretus,
1410 1990 1563 2031 recedit.

141 2039 253 2081 XVI.
287 2038 357 2079 Vir
378 2039 529 2079 Illustris
550 2039 710 2086 Isaacus
732 2039 957 2079 Newtomis
979 2041 1124 2094 scripsit
1149 2042 1310 2096 Anglice
1331 2043 1424 2083 duas
1445 2044 1633 2098 Epistolas
1654 2047 1703 2089 de
1721 2048 1824 2092 Vera

87 2096 272 2138 Lestione
295 2095 465 2135 locorum
501 2093 614 2146 1-J0.
647 2093 696 2133 V.
727 2096 822 2146 7,8.
855 2098 894 2134 &
929 2095 1074 2136 1.T2'm.
1103 2097 1170 2136 III.
1209 2103 1293 2146 16.‚
1324 2112 1372 2137 eo
1391 2099 1538 2152 judicio
1559 2102 1733 2154 Critico,
1763 2121 1825 2146 ea-

88 2165 162 2204 que
190 2150 407 2205 diligentia,
436 2150 613 2189 omnibus
645 2152 902 2190 monumentis
933 2151 1103 2204 undique
1135 2153 1376 2205 conquisitis,
1407 2155 1543 2208 quibus
1572 2172 1629 2198 res
1662 2170 1741 2199 tum
1777 2176 1823 2201 ex

89 2205 321 2253 Codicibus‚
352 2217 433 2245 tum
461 2217 506 2244 ex
538 2205 769 2245 versionibus
788 2235 799 2254 ‚
831 2217 911 2245 tum
940 2220 986 2245 ex
1007 2206 1177 2247 Patribus
1200 2208 1357 2248 Graecis
1382 2209 1625 2266 Latinisque,
1656 2214 1826 2270 denique

88 2275 134 2301 ex
155 2273 234 2301 tota
256 2259 426 2300 Historia
444 2259 686 2299 ecclesiastica
710 2259 883 2300 illustrari
900 2273 1050 2314 poterat
1066 2292 1076 2310 ‚
1105 2275 1144 2302 ut
1165 2277 1249 2302 eam
1271 2263 1291 2314 ζ
1294 2264 1401 2316 quod
1433 2265 1513 2306 fieri
1545 2269 1607 2308 vix
1637 2270 1742 2322 posse
1769 2274 1824 2313 vj-

89 2316 267 2366 debatur,
297 2319 335 2354 &
356 2315 512 2354 minime
542 2316 713 2354 omnium
733 2330 753 2354 a
778 2316 860 2355 viro
882 2317 920 2354 in
951 2317 1025 2355 alio
1057 2317 1265 2358 studiorum
1295 2333 1433 2373 genere
1462 2323 1677 2376 occupato)
1708 2340 1823 2378 quam

89 2372 262 2425 proxime
290 2370 339 2409 ad
359 2369 589 2410 evidentiam
613 2370 917 2410 mathematicam
949 2371 1162 2412 deduceret.
1220 2374 1303 2413 Has
1330 2375 1507 2427 epistolas
1525 2377 1594 2429 Jo.
1631 2379 1825 2432 Lockms,

90 2426 152 2466 sua
181 2440 295 2465 manu
328 2425 554 2478 descriptas,
586 2427 884 2465 communicavit
914 2440 999 2466 cum
1032 2426 1100 2478 J0.
1132 2428 1305 2478 Clerico,
1334 2433 1399 2482 qui
1428 2445 1556 2472 earum
1586 2436 1824 2478 mentionem

91 2480 181 2521 fecit
210 2484 274 2520 ΑΟ.
313 2481 415 2530 1708
459 2481 497 2519 in
520 2479 755 2532 praefatione
776 2481 830 2520 N.
852 2481 902 2520 T.
925 2481 1040 2520 Millii
1062 2497 1082 2521 a
1105 2483 1272 2523 Kuslero
1293 2484 1423 2524 denuo
1441 2487 1558 2537 editi,
1589 2489 1648 2529 his
1679 2493 1824 2533 verbis:

90 2566 115 2586 „
146 2536 210 2575 Est
231 2548 347 2589 penes
366 2549 426 2575 me
446 2535 597 2588 elegans
618 2535 838 2574 Disscrtatio
864 2536 1047 2590 Anglim,
1077 2551 1174 2590 quae
1196 2553 1216 2577 a
1237 2553 1315 2592 quo
1345 2539 1479 2593 scripta
1502 2542 1547 2582 fit
1568 2545 1695 2585 nescio
1718 2577 1728 2595 ,
1760 2547 1824 2588 sed

92 2619 117 2641 ‚‚
145 2591 195 2630 est
221 2606 242 2630 a
270 2592 415 2641 Ioanne
437 2591 606 2638 Lockic),
637 2591 720 2629 viro
747 2590 969 2636 clarissimo,
1000 2592 1092 2630 olim
1113 2592 1162 2632 ad
1181 2607 1242 2632 me
1262 2595 1491 2646 transmissh,
1521 2599 1560 2637 in
1588 2614 1663 2653 qua
1694 2600 1826 2642 defen-

91 2676 116 2696 „
145 2645 246 2685 ditur
262 2639 388 2685 >leffio
422 2645 608 2697 Vulgatae
641 2644 749 2696 quod.
807 2646 937 2700 Digna
963 2646 1053 2686 eslet
1073 2681 1083 2695 ‚
1113 2661 1210 2700 quae
1237 2648 1358 2688 lucem
1388 2651 1597 2705 adspiceret
1615 2686 1626 2705 ‚
1658 2659 1697 2694 ὃς
1727 2657 1826 2699 forte

91 2731 117 2750 „
148 2701 222 2749 iam
252 2700 494 2753 adspexisset,
525 2700 592 2738 nisi
624 2699 746 2739 fuiffet
777 2700 913 2740 Latine
943 2701 1164 2742 vertenda”.
1223 2703 1327 2743 Cum
1349 2719 1439 2744 vero
1460 2708 1545 2759 post
1567 2722 1731 2752 mortem
1764 2714 1827 2754 Cl.

91 2754 308 2795 Possessoris
327 2769 412 2794 cum
430 2754 605 2794 fasciculo
618 2755 808 2794 literarum
829 2755 877 2794 ad
896 2755 1015 2809 ipsum
1038 2756 1257 2807 scriptarum
1270 2760 1384 2799 etiam
1405 2760 1502 2801 duae
1522 2763 1612 2804 istae
1632 2767 1826 2819 epistolae,

93 2809 155 2848 sed
184 2810 296 2850 altera
326 2811 436 2849 initio
466 2810 578 2850 altera
601 2811 640 2849 in
661 2810 739 2850 fine
760 2811 914 2859 mutila,
946 2811 1040 2850 mihi
1062 2812 1180 2852 essent
1199 2813 1380 2862 traditae,
1410 2828 1451 2855 ut
1472 2817 1724 2861 bibliothecae
1747 2824 1827 2863 Re-

95 2865 382 2905 monstrantium
412 2864 659 2914 inferrentur,
690 2865 816 2905 multis
845 2865 909 2906 sed
941 2865 1070 2905 frustra
1091 2869 1183 2920 egi,
1215 2881 1256 2908 ut
1285 2869 1332 2908 ab
1360 2870 1584 2913 haeredibus
1613 2877 1827 2929 Rewtoni,

96 2919 197 2969 apud
218 2933 313 2971 quos
333 2920 411 2959 illas
433 2921 596 2971 integras
618 2933 698 2959 tum
719 2921 883 2974 Anglice
912 2932 994 2960 tum
1026 2922 1073 2960 ab
1097 2922 1276 2976 Hoptono
1297 2923 1440 2975 Hayne
1461 2927 1597 2969 Latine
1628 2933 1829 2973 conversas

96 2972 310 3013 delitescere
330 2966 570 3023 resciveram,
600 2975 707 3028 quod
729 2977 860 3015 nostro
889 2976 1094 3029 exemplari
1115 2976 1246 3018 deerat
1265 3009 1276 3027 ,
1307 2979 1559 3033 impetrarem.
1609 2983 1760 3027 Harum
1790 3003 1829 3028 e-

97 3027 313 3080 pistolarum
332 3030 564 3070 mentionem
587 3031 701 3069 etiam
722 3029 893 3071 fecerunt
924 3031 973 3069 G.
1006 3031 1225 3084 thistonus
1248 3038 1287 3072 &
1308 3034 1355 3084 J.
1377 3033 1597 3079 Berriman.

152 3080 285 3120 XVII.
317 3085 381 3121 ΑΟ.
416 3096 533 3134 1720.
567 3083 649 3123 Viri
673 3086 771 3126 Rev.
802 3085 1022 3125 Frjdericus
1045 3086 1272 3128 Battierius
1291 3091 1331 3127 &
1351 3088 1571 3131 Theodorus
1592 3094 1827 3145 Gernlerus,

98 3135 267 3176 Pastores
298 3136 540 3185 Bifilienses,
582 3153 668 3177 cum
699 3141 901 3194 privilegio
933 3141 1147 3182 Civitatum
1178 3144 1493 3197 Evangelicarum
1524 3147 1754 3199 Helvetiae,
1787 3153 1828 3189 ὃ(

101 3205 187 3231 cum
212 3192 488 3244 approbatione
517 3192 723 3234 Facultatis
741 3195 1008 3249 Theologicae
1038 3196 1147 3240 Basil.
1177 3196 1380 3239 ediderunt
1409 3200 1532 3242 Biblia
1557 3202 1715 3243 Lutheri
1741 3217 1830 3244 cum

1001 3250 1038 3291 A
1049 3264 1070 3290 a
1710 3257 1830 3301 Scho-
