1976 3519
172 194 232 243 *98
538 177 1529 227 PROLEGOMENA.

177 288 241 318 aut
262 276 415 316 alteram
435 271 747 318 annotationem,
777 266 842 308 sed
857 265 1071 307 universum
1087 279 1186 319 opus
1204 263 1438 318 expenderit.
1495 263 1561 304 Tu
1584 264 1680 306 mihi
1699 264 1843 307 otiosus
1863 278 1907 309 ac

178 332 333 385 supinus
364 330 465 369 hunc
488 339 551 367 aut
572 326 676 366 illum
700 325 828 367 locum
848 321 1054 375 expendis,
1083 324 1122 359 &
1142 321 1277 360 videris
1299 320 1368 361 tibi
1386 318 1576 372 copiosius
1598 334 1641 359 ac
1664 319 1814 361 dostius
1836 334 1908 362 tra-

180 388 282 427 stare
312 382 484 438 potuisse.
538 381 714 422 Poteram
746 382 784 417 δε
809 376 918 430 ipse,
958 375 983 416 si
1013 375 1146 416 decem
1174 374 1296 414 modo
1332 373 1483 414 fuissent
1502 375 1728 415 excutiendi.
1782 377 1827 415 ln
1850 388 1910 417 tot

180 441 343 481 millibus
361 440 460 479 hanc
481 436 665 492 praestare
685 432 923 486 diligentiam
942 430 1209 471 difficillimum
1228 429 1305 478 est,
1333 430 1428 469 mihi
1451 428 1537 469 sane
1555 428 1625 469 fuit
1633 460 1644 479 ,
1658 429 1815 471 feliciori
1827 445 1908 472 non

182 495 446 536 invidebimus.
1723 526 1726 530 ,

236 550 375 591 Nullus
407 549 416 588 i
449 548 521 589 itur
548 541 828 600 reprehendat,
853 541 880 581 si
909 551 1135 594 argumento
1166 539 1336 592 suscepto
1356 538 1581 592 respondeo.
1638 539 1742 580 Mihi
1762 539 1912 583 abunde

179 606 266 647 satis
295 606 372 654 est,
422 619 431 643 ι
464 601 585 642 nullus
607 612 694 640 ante
716 611 776 637 me
797 596 880 650 plus
902 596 1083 650 praestitit
1102 595 1142 634 in
1163 595 1238 634 hoc
1259 594 1384 647 scripti
1404 608 1551 647 genere.
1609 594 1718 647 Quid
1741 595 1804 635 alii
1824 609 1915 649 pos·

179 662 251 703 sint
285 673 348 701 aut
372 657 583 714 praestituri
607 655 702 704 sint,
732 652 883 699 nescio,
913 652 1032 691 Certe
1054 651 1220 703 optarim
1241 649 1396 689 existere
1416 650 1793 703 pci·1nultos,quime
1805 664 1913 703 pror-

180 717 238 758 sus
261 715 513 756 obscurarent.
572 712 658 751 Imo
680 707 737 750 vel
759 705 986 760 reprehendi
1003 704 1179 760 gaudebo
1195 735 1207 754 ,
1236 703 1263 744 fi
1284 704 1368 757 quis
1389 703 1569 744 industria
1590 704 1651 744 sua
1672 720 1750 745 rem
1772 717 1849 747 tam
1860 705 1914 746 saa.

180 785 304 820 cram,
325 768 354 810 'a
388 769 499 809 nobis
530 777 721 817 utcunque
749 773 954 811 tentatam,
984 760 1181 812 adjuverit.
1236 758 1345 799 Absit
1372 758 1493 798 modo
1531 760 1759 812 procacitas,
1797 774 1914 815 quam

182 825 336 867 foedam
359 828 398 864 ὃ(
419 822 640 863 indecoram
664 818 729 858 sibi
752 816 895 857 ducunt
914 819 952 855 ὅ(
975 815 1130 855 Ethnici
1154 813 1343 854 versantes
1368 813 1406 853 in
1427 827 1466 854 re
1487 813 1658 855 literaria.

239 879 464 922 Meminerit
496 878 549 926 is,
579 876 645 928 qui
673 871 1004 926 reprehensionem
1035 881 1164 923 parat,
1193 868 1228 910 se
1260 883 1416 922 quoque
1446 867 1642 909 hominem
1659 869 1756 919 esse,
1787 883 1914 924 neque
1962 869 1966 873 ’

183 937 308 986 minus
324 935 398 974 labi
417 932 523 987 posse
547 926 888 983 reprehendendo,
916 939 1030 979 quam
1052 925 1218 978 potuerit
1239 936 1347 963 autor
1366 924 1492 976 operis
1510 923 1718 965 scribendo.
1776 926 1912 979 Quan-

183 1004 298 1045 quam
330 990 445 1043 longe
477 986 560 1040 plus
594 984 727 1025 veniae
749 981 906 1022 debetur
926 981 985 1025 ei,
1015 981 1082 1034 qui
1102 978 1275 1033 prodesse
1298 977 1450 1018 studens
1470 979 1509 1017 in
1528 979 1675 1032 ingenti
1695 994 1810 1033 opere
1827 979 1918 1020 dor-

186 1045 334 1085 mitavit
357 1043 514 1091 alicubi,
542 1053 622 1080 non
645 1038 826 1078 assecutus
847 1034 953 1090 quod
972 1036 1114 1085 voluit,
1145 1048 1261 1089 quam
1282 1034 1339 1082 ei,
1361 1034 1427 1087 qui
1448 1033 1486 1073 in
1508 1033 1741 1074 alienolibro
1760 1037 1918 1087 cupiens

182 1098 400 1154 ingeniosus
430 1096 571 1145 videri,
600 1105 758 1135 venatur
787 1091 1066 1146 quod‘carpat,
1097 1094 1135 1130 &
1162 1101 1290 1130 tamen
1321 1089 1397 1128 hoc
1425 1088 1547 1141 ipsum
1573 1102 1770 1142 perperam
1805 1089 1916 1133 facit:

183 1155 353 1208 dumque
381 1152 491 1193 falsos
523 1152 683 1192 aliorum
712 1160 856 1188 errores
887 1146 1075 1199 exagitat,
1106 1144 1183 1198 ipse
1219 1144 1302 1184 suos
1322 1157 1432 1184 veros
1452 1143 1592 1196 prodit.
1651 1145 1773 1185 Porro
1795 1145 1918 1186 nullus

182 1211 236 1250 cst
268 1224 371 1250 error
404 1207 587 1257 foedior,
629 1217 745 1259 quam
773 1202 921 1242 animus
950 1200 1095 1254 spirans
1128 1199 1314 1241 invidiam
1357 1202 1396 1237 &
1425 1198 1484 1240 vel
1519 1199 1716 1240 reffissima
1737 1200 1921 1254 carpendi

183 1265 394 1311 libidinem.

235 1321 298 1360 Sic
330 1329 485 1373 oportet
516 1315 566 1358 ad
602 1315 737 1356 librum
763 1310 970 1367 legendum
1000 1309 1180 1351 accedere
1207 1309 1411 1357 letiorem,
1441 1320 1482 1349 ut
1504 1308 1596 1350 solet
1617 1309 1667 1349 ad
1681 1309 1922 1352 Convivium

118 1423 126 1431 ⁸
190 1376 355 1416 conviva
373 1373 503 1414 civilis.
563 1369 809 1411 Convivator
830 1367 1012 1406 annititur
1032 1365 1210 1405 omnibus
1229 1363 1457 1404 satisfacere:
1487 1367 1525 1403 ὃς
1549 1376 1675 1405 tamen
1696 1365 1724 1405 si
1747 1364 1839 1418 quid
1855 1379 1923 1418 ap·
1963 1387 1976 1402 «.

184 1431 362 1485 ponitur,
392 1427 501 1483 quod
532 1427 643 1480 hujus
672 1434 735 1465 aut
764 1423 861 1462 illius
892 1422 1019 1475 palato
1050 1434 1130 1460 non
1163 1418 1418 1473 respondeat,
1447 1420 1588 1460 urbane
1608 1419 1668 1461 vel
1690 1419 1922 1462 dissirnulant

183 1486 242 1527 vel
274 1486 437 1538 probant
467 1484 604 1531 etiam,
634 1494 682 1520 ne
711 1477 806 1532 quid
833 1476 1055 1517 contristent
1087 1475 1386 1515 convivatorem.
1444 1475 1545 1525 Quis
1565 1476 1771 1515 enimcum
1789 1475 1922 1515 convi-

186 1555 274 1582 vam
294 1539 410 1589 ferat,
441 1539 507 1592 qui
527 1549 675 1578 tantum
694 1533 770 1574 hoe
792 1533 922 1572 animo
944 1531 1071 1572 veniat
1091 1529 1140 1569 ad
1161 1528 1352 1580 mensam,
1383 1541 1425 1569 ut
1443 1543 1601 1583 carpens
1612 1544 1708 1584 quae
1719 1543 1921 1583 apponun-

184 1607 267 1641 tur,
297 1609 368 1635 nec
387 1595 556 1635 vescatur
579 1590 680 1645 ipse,
711 1602 781 1628 nec
803 1587 896 1627 alios
917 1585 1015 1626 vesci
1037 1585 1157 1626 sinat?

240 1652 290 1691 Et
321 1663 449 1692 tamen
481 1648 540 1688 his
558 1658 713 1700 quoque
733 1643 895 1696 reperias
915 1640 1164 1690 inciviliores,
1195 1640 1261 1693 qui
1285 1638 1409 1693 palam
1422 1666 1432 1685 ‚
1462 1639 1528 1693 qui
1549 1638 1626 1679 sine
1647 1639 1722 1680 fine
1734 1638 1919 1682 damnent

184 1721 228 1750 ac
256 1706 420 1745 lacerent
447 1715 567 1755 opus,
598 1698 706 1753 quod
736 1710 934 1750 nunquam
964 1696 1136 1749 legerint.
1191 1698 1322 1748 Atque
1355 1694 1430 1734 hoc
1463 1695 1550 1734 sane
1571 1694 1714 1734 faciunt
1738 1695 1922 1748 quidam,

185 1761 252 1815 qui
281 1759 316 1800 se
339 1758 578 1798 Christianae
605 1752 755 1808 pietatis
774 1751 953 1791 do&ores
974 1749 1224 1803 profitentur,
1254 1752 1293 1788 ὃς
1315 1749 1510 1804 religionis
1530 1749 1738 1795 antistites;
1767 1764 1854 1791 cum
1872 1749 1920 1791 sit

186 1816 270 1870 plus
295 1827 412 1868 quam
433 1809 771 1867 sycophanticum,
801 1805 982 1846 damnare
1002 1803 1111 1859 quod
1134 1802 1286 1844 nescias.
1899 1824 1902 1827 Α
1969 1801 1976 1806 “

239 1870 402 1912 Nomen
432 1865 627 1910 haereseos
657 1876 738 1917 quo
769 1862 921 1915 gravius
949 1860 1022 1906 est,
1054 1862 1093 1898 &
1125 1858 1279 1900 invisius
1299 1857 1526 1899 Christianis
1546 1859 1716 1909 auribus,
1746 1858 1822 1900 hoc
1841 1870 1919 1901 tur-

187 1927 271 1980 pius
293 1924 347 1966 est
374 1923 414 1965 id
446 1934 586 1963 temere
609 1919 787 1971 cuiquam
806 1915 1027 1969 impingere.
1084 1915 1139 1954 At
1158 1913 1218 1953 isti
1236 1913 1331 1953 nihil
1351 1914 1473 1967 magis
1494 1914 1633 1954 habent
1654 1915 1692 1954 in
1712 1929 1920 1968 promptu,

186 1995 258 2026 nec
287 1978 463 2019 dubitant
480 1974 661 2018 haeresim
682 1971 884 2013 inclamare
898 2000 910 2020 ‚
940 1970 1160 2024 priusquam
1180 1967 1504 2022 circumspiciant,
1534 1983 1609 2023 qua
1631 1969 1681 2010 de
1699 1984 1739 2010 re
1760 1969 1922 2023 loquan-

188 2047 259 2077 tur.
315 2034 365 2074 Et
387 2029 715 2087 quemadmodum
735 2039 816 2067 uno
835 2024 896 2065 sue
918 2024 1144 2079 grunniente
1166 2023 1374 2077 grunniunt
1393 2037 1550 2074 omnes,
1581 2025 1632 2064 ita
1654 2023 1703 2064 ad
1727 2024 1838 2076 hujus
1857 2036 1923 2067 aut

186 2091 284 2131 illius
304 2089 510 2129 clamorem
530 2097 665 2126 omnes
684 2080 856 2136 ejusdem
877 2079 1054 2121 faffionis
1074 2077 1220 2119 sodales
1240 2077 1496 2119 vociferantur
1518 2078 1708 2119 haerefim.
1764 2080 1822 2119 Ita
1843 2080 1921 2120 val-

187 2145 238 2186 de
260 2143 468 2185 Christiani
489 2140 609 2182 videri
632 2138 787 2187 volunt,
817 2135 844 2177 si
864 2136 906 2176 in
931 2134 1192 2175 Christianum
1217 2133 1288 2174 sint
1308 2132 1456 2174 fortiter
1479 2133 1753 2175 contumeliosi.
1797 2134 1923 2189 quue

188 2215 268 2256 quo
290 2197 428 2254 poffint
451 2198 630 2251 impune,
659 2193 876 2248 principum
897 2189 1091 2245 tyrannidi
1111 2188 1253 2230 favent.

243 2257 366 2296 Porro
399 2251 508 2307 quod
529 2251 652 2291 obiter
671 2247 944 2290 admonuimus
965 2243 1152 2299 quaedam
1165 2275 1176 2294 ,
1208 2258 1305 2298 quae
1325 2243 1502 2284 videntur
1525 2242 1714 2284 dissonare
1731 2258 1817 2284 cum
1835 2243 1916 2295 his,

187 2325 285 2366 quae
314 2308 514 2364 publicitus
544 2315 694 2359 recepta
725 2302 809 2343 sunt
831 2303 871 2342 in
892 2299 1062 2349 Scholis,
1094 2313 1165 2339 nec
1188 2299 1265 2340 sine
1285 2299 1392 2339 causa
1415 2298 1595 2350 fecimus,
1624 2313 1694 2340 nec
1714 2299 1847 2339 odiose
1868 2313 1923 2339 ta-

187 2380 289 2408 men.
347 2361 526 2404 Fortassis
547 2359 744 2415 expediret
762 2356 989 2412 reipublicae
1008 2355 1250 2395 Christianae
1273 2354 1377 2408 plura
1397 2353 1584 2404 convelli,
1614 2368 1711 2408 quae
1734 2369 1834 2394 nunc
1858 2368 1920 2395 ve-

188 2422 244 2463 lut
262 2418 412 2462 oracula
434 2416 583 2472 publice
602 2415 810 2456 docentur:
839 2426 928 2452 cum
951 2410 1128 2464 privatim
1149 2408 1358 2454 fateantur,
1388 2409 1423 2449 se
1443 2408 1630 2449 diversum
1655 2409 1799 2450 sentire.

244 2476 369 2518 Addit
381 2473 495 2514 Edit.
506 2472 576 2514 IV.
600 2472 659 2512 Ut
670 2471 782 2525 igitur
793 2466 957 2509 Causam
968 2479 1123 2506 omnem
1135 2464 1173 2504 in
1188 2475 1306 2517 pauca
1318 2463 1541 2504 contraham
1551 2495 1562 2513 ,
1575 2464 1749 2505 adversus
1759 2477 1825 2504 eos
1835 2498 1845 2514 ,
1855 2464 1924 2518 qui

190 2543 316 2572 toturn
328 2530 403 2570 hoc
415 2528 628 2569 institutum
639 2525 823 2566 damnant
832 2554 845 2574 ,
858 2521 995 2571 docui,
1005 2521 1112 2575 pium
1123 2518 1196 2560 esse
1208 2519 1429 2573 semperque
1441 2518 1605 2560 futurum
1616 2550 1628 2568 ,
1641 2519 1748 2559 sacris
1761 2519 1924 2559 Codici-

190 2586 259 2627 bus
276 2585 334 2626 vel
354 2584 522 2625 adimere
539 2580 719 2630 mendas,
747 2578 808 2620 vel
825 2576 968 2631 aliquid
989 2575 1081 2616 lucis
1101 2574 1263 2625 addere,
1295 2578 1334 2614 δε
1347 2575 1501 2627 Spiritui
1514 2575 1654 2614 Sansto
1667 2587 1814 2629 gratum
1828 2573 1916 2624 esse,

192 2640 378 2694 quicquid
399 2639 473 2680 huc
494 2651 565 2691 pro
586 2635 652 2677 suo
672 2635 832 2690 quisque
852 2630 1014 2673 modulo
1035 2629 1211 2670 attulerit.
1269 2630 1310 2672 Si
1330 2630 1415 2683 quis
1434 2630 1563 2669 animo
1585 2643 1672 2669 meo
1693 2629 1919 2669 calumniam

191 2697 318 2746 struit,
331 2694 424 2734 nihil
447 2691 549 2734 aliud
566 2690 864 2746 possum,quam
884 2685 1081 2727 Christum
1102 2685 1234 2725 testem
1245 2684 1387 2734 facere,
1400 2698 1460 2725 me
1480 2684 1576 2724 nihil
1598 2683 1698 2724 aliud
1719 2684 1920 2737 speshsse,

190 2765 307 2806 quam
337 2749 451 2803 ipsius
480 2748 640 2803 gloriam
653 2772 666 2791 ,
694 2749 733 2785 &
755 2742 966 2784 Christiani
981 2740 1115 2795 populi
1136 2739 1311 2781 frustum.
1366 2739 1407 2778 Si
1427 2739 1512 2793 quis
1530 2738 1698 2779 causatur
1717 2737 1922 2792 periclitari

188 2806 464 2859 Scripturarum
486 2802 746 2849 autoritatem,
759 2797 1035 2846 demonstravi,
1049 2795 1119 2835 hac
1139 2795 1320 2836 industria
1339 2808 1424 2835 eam
1446 2793 1690 2838 servari‚non
1716 2792 1918 2834 destruiSi

191 2863 276 2919 quis
298 2860 409 2914 fingit
430 2858 633 2899 tumultum
654 2869 701 2897 ex
722 2854 915 2902 novitate,
946 2865 1016 2892 nos
1037 2850 1228 2905 publicam
1245 2849 1449 2890 lethonem
1469 2849 1668 2888 autoritate
1677 2850 1821 2902 privata
1837 2862 1917 2888 non

191 2921 402 2963 mutamus,
431 2914 510 2953 imo
540 2926 589 2951 ne
616 2910 658 2950 id
687 2909 775 2960 fiat,
797 2909 910 2949 toties
942 2905 1213 2947 admonemus:
1244 2904 1270 2944 si
1291 2903 1385 2958 quid
1405 2903 1585 2945 tumultus
1606 2902 1698 2952 fuit,
1726 2917 1807 2943 non
1827 2902 1920 2944 istuc

190 2970 339 3025 peperit
362 2968 531 3017 novitas,
563 2965 627 3006 sed
649 2963 891 3019 quorundam
909 2960 1166 3015 intempestivi
1185 2960 1370 3000 clamores
1389 2957 1490 3012 apud
1514 2959 1728 3011 imperitam
1750 2957 1918 2998 multitu·-

190 3025 345 3073 ninem,
375 3023 442 3076 qui
468 3022 494 3062 si
526 3021 576 3062 de
603 3021 707 3073 vulgi
726 3018 806 3060 fece
825 3017 965 3066 essent,
996 3016 1159 3070 impingi
1181 3026 1351 3068 poterat,
1382 3012 1489 3067 quod
1510 3013 1770 3066 imprudenter
1787 3012 1922 3053 ansam

190 3079 291 3120 hanc
310 3076 557 3132 praebuissem
577 3074 727 3115 idiotis:
757 3086 860 3113 nunc
880 3072 1064 3125 quoniam
1086 3071 1124 3110 id
1145 3069 1287 3109 factum
1304 3070 1358 3109 est
1379 3083 1399 3108 a
1421 3067 1624 3121 sapientiae
1644 3067 1918 3116 columinibus,

189 3133 354 3177 accusari
381 3145 463 3175 non
490 3130 638 3180 debeo,
667 3129 695 3170 si
724 3143 747 3171 a
773 3127 908 3170 talibus
938 3127 1029 3168 viris
1045 3125 1119 3166 tale
1140 3124 1237 3165 nihil
1259 3124 1444 3166 oriturum
1466 3122 1669 3176 suspicatus
1687 3122 1776 3164 sum.
1833 3122 1919 3162 Ad-

1835 3189 1918 3216 ver-
