1976 3519
130 214 183 248 ῃ
485 195 1490 246 PROLEGOMENA.

129 290 357 340 -annotavit;
385 288 450 331 sed
467 289 583 330 etiam
603 290 697 330 alius
716 290 932 344 antiquior,
953 288 1020 342 qui
1038 288 1159 329 varias
1178 287 1381 329 Leffiones
1407 287 1528 328 obeh’s
1546 296 1661 343 atque
1689 289 1871 332 asteriscis

134 347 300 403 fignatas
321 347 361 386 in
380 345 620 386 Contextum
640 359 724 386 rece
754 345 806 395 it,
827 344 903 384 hoc
923 343 1006 397 ipso
1025 342 1178 384 Codice
1196 342 1480 394 Alexandrino,
1492 344 1560 397 qui
1578 343 1781 387 LeEtiones
1800 346 1872 386 fin*-

130 403 280 457 gulares
299 404 339 441 &
356 400 530 454 proprias
551 399 685 451 habet,
734 400 789 439 ui't
809 398 904 440 usus.

133 508 136 510 ‚
189 470 228 508 4.
258 455 433 510 Superest
462 455 655 509 praecipui
686 454 874 494 momenti
898 453 1069 509 quaestio
1090 452 1141 494 de
1172 454 1388 493 autoritate
1419 451 1468 498 ό
1480 452 1565 506 fide
1586 452 1699 507 hujus
1719 454 1876 496 codicis.

132 511 250 556 Nihil
271 509 429 565 quidem
451 521 516 551 aut
536 509 756 564 antiquitati
775 509 857 561 ejus
871 539 884 559 ,
911 521 976 550 aut
996 509 1209 563 elegantiae
1228 507 1485 549 charasterum
1498 540 1510 560 ‚
1568 509 1676 549 uibus
1705 519 1878 551 exaratus

131 567 210 619 est,
238 566 452 608 detraftum
475 564 688 606 volo:sunt
703 575 832 604 tamen
851 577 932 604 non
954 577 1084 617 pauca,
1100 577 1198 617 quae
1217 562 1382 616 pretium
1403 564 1485 617 ejus
1506 572 1555 605 va'
1568 563 1617 605 de
1635 564 1879 606 imminuunt.

132 623 193 665 Ea
213 635 337 672 nunc,
365 634 459 675 pace
477 620 647 661 virorum
666 619 772 659 aliter
794 617 1036 659 sentientium
1049 649 1060 667 ‚
1082 618 1159 658 sola
1179 618 1347 658 veritatis
1369 617 1446 660 five
1468 632 1536 672 per
1555 628 1656 660 certa
1675 618 1816 660 indicia
1835 619 1882 660 si·-

132 691 183 720 ve
212 691 280 731 per
312 675 551 729 conjesturas
582 673 796 729 probabiles
825 672 1075 728 inquirendae
1097 672 1223 713 studio
1247 686 1475 726 proponam.
1533 674 1664 714 Primo
1695 674 1880 728 plurimos

133 746 280 774 errores
300 733 341 772 in
361 729 561 772 scribendo
580 728 768 770 commisit
787 728 955 769 librarius
967 759 977 777 ,
989 727 1158 781 talesque
1175 728 1242 781 qui
1263 727 1322 768 vel
1344 727 1514 782 supinam
1535 728 1807 783 negligentiam
1818 728 1880 770 vel

135 789 336 843 ingenium
356 787 485 839 potius
507 784 697 825 luxurians
726 787 766 822 &
792 784 831 822 in
855 797 893 824 re
912 783 1004 824 seria
1024 782 1159 823 ludens
1190 781 1370 835 produnt.
1400 796 1432 823 e.
1461 797 1515 836 gr.
1540 785 1685 839 1.Reg.
1706 784 1821 824 XXI.
1844 796 1879 824 1.

134 839 279 896 'legerim
317 856 390 896 pro
417 837 545 879 Δαυῖδῖ
575 838 709 880 XXII.
746 838 807 877 18.
836 836 1034 889 ἀπεγράφη
1059 864 1071 883 ,
1101 850 1173 890 pro
1201 835 1399 887 ἐπεγράφη.
1428 838 1625 880 XXVIII.
1663 851 1724 889 14.
1756 837 1880 891 ’ὄρθςιον

133 912 208 952 pro
230 895 346 948 Zpffaov.
381 909 414 936 2.
434 895 536 947 Reg.
566 893 596 934 Ῑ.
630 895 692 933 18.
720 889 817 931 Ἰέδα.
841 907 914 947 pro
932 890 1082 944 Ἰσρειῆλ.
1113 892 1164 933 II.
1196 905 1261 945 30.
1291 889 1497 945 ἄπέτῖςεψεν
1527 906 1600 947 pro
1627 890 1810 944 ἀνέτρεψεν
1830 891 1881 934 V.

133 953 202 994 ult.
232 945 350 1008 γάζης
380 964 452 1004 pro
477 949 552 997 γῆς.
581 947 694 988 XIII.
725 960 760 998 7.
789 944 858 987 ἅδε
879 962 950 1002 pro
970 948 1090 987 αὐτοῦ.
1119 947 1235 987 XXI.
1267 961 1302 987 2.
1332 944 1487 995 αἵματος
1519 961 1592 1001 pro
1623 946 1879 995 ἐλλείμματος.

134 1007 293 1050 XXIII.
322 1018 362 1055 9.
390 1001 552 1050 &veCo'naev
570 1016 643 1071 pro
662 1000 818 1047 ἀνέζησεν.
850 1004 1002 1058 4.Reg.
1024 1001 1139 1044 XIV.
1156 1015 1189 1041 2.
1218 999 1361 1053 Ἰσραὴλ
1380 1016 1452 1056 pro
1472 1000 1702 1053 Ἱερουσαλῆμ.
1725 1003 1881 1045 XVIII.

136 1076 203 1104 21.
231 1059 391 1112 τρυγῆσει
422 1073 495 1114 pro
522 1074 643 1109 τρησει.
684 1058 822 1099 XXV.
858 1071 918 1110 14.
948 1055 1079 1106 ἱμάτια
1114 1068 1187 1110 pro
1219 1055 1320 1106 ἷοιμῖν.
1356 1058 1484 1099 1.Par.
1512 1058 1585 1098 IX.
1617 1070 1680 1111 37.
1709 1054 1882 1098 Μακεὲὦν

133 1133 207 1174 pro
227 1112 420 1156 Μακελῶθ.
450 1113 561 1156 VIII.
597 1126 657 1166 13.
686 1110 809 1161 Ἀἒοὶμ
829 1126 902 1167 pro
921 1110 1073 1161 Ἀιλοίμ.
1102 1112 1217 1154 XVI.
1251 1126 1286 1166 3.
1318 1109 1570 1164 &proma-mbr
1591 1126 1665 1167 pro
1686 1111 1882 1166 ἇςτοκοπι-

136 1181 214 1233 κόν,
235 1199 271 1221 κ.
299 1189 338 1219 λ.
367 1192 466 1233 quae
487 1177 742 1218 aberrationes
763 1191 810 1217 ex
840 1177 1052 1218 inflexione
1073 1176 1178 1218 vocis
1209 1176 1249 1216 in
1281 1176 1415 1226 aliam,
1443 1176 1550 1230 cujus
1576 1175 1705 1217 litera‘e
1724 1175 1883 1231 quidem

134 1238 222 1278 sunt
251 1235 409 1284 similes,
431 1246 539 1273 mens
559 1244 685 1273 autem
705 1231 760 1272 est
779 1231 1045 1281 diversissima,
1074 1232 1114 1272 in
1136 1231 1336 1271 hominem
1355 1231 1472 1272 libros
1493 1231 1638 1277 sacros,
1667 1231 1725 1272 uti
1747 1231 1884 1284 decet,

134 1291 309 1348 religiose
329 1290 554 1331 trafitantem
574 1288 639 1328 vix
659 1286 796 1327 cadere
814 1286 922 1341 posse
940 1286 1130 1328 videntur.
1184 1283 1308 1326 Porro
1329 1286 1498 1327 librarius
1518 1286 1645 1327 noster
1665 1285 1883 1337 Codicem5

134 1361 253 1402 quem
273 1357 354 1386 tam
372 1343 608 1398 negligenter
625 1341 841 1395 scripserat,
854 1355 934 1382 non
945 1375 957 1393 ‚
969 1351 1012 1383 nt
1023 1341 1208 1391 debebat,
1219 1355 1307 1382 cum
1328 1339 1544 1391 ἆυτογροίφῳ
1564 1341 1743 1382 collatum
1754 1355 1885 1382 emen-

134 1403 242 1444 davit
251 1432 264 1452 ,
283 1400 348 1441 sed
362 1399 486 1439 studio
497 1398 626 1452 potius
636 1408 719 1438 tum
729 1412 751 1437 a
762 1397 884 1450 prima
895 1411 1033 1448 manu,
1062 1402 1143 1446 'turn
1154 1396 1272 1451 priori
1291 1395 1472 1450 scriptura
1486 1396 1545 1438 vel
1568 1395 1712 1450 scalpro
1723 1396 1802 1437 rasa
1821 1388 1885 1438 vel

133 1457 298 1512 spongia
315 1454 440 1496 deleta
460 1452 591 1507 passim
612 1453 869 1506 interpolavit.
888 1451 1078 1506 Exemplo
1097 1451 1141 1492 sit
1155 1460 1259 1492 error
1279 1451 1320 1491 in
1340 1451 1506 1492 'numeris
1517 1450 1756 1492 Psalmorum
1775 1465 1884 1492 com-

133 1512 285 1561 missus,
314 1521 402 1551 cum
420 1509 526 1550 enim
545 1507 596 1548 ad
615 1507 805 1548 Psalmum
824 1507 1017 1548 LXXVI.
1039 1506 1217 1548 retulisset
1236 1520 1460 1556 numerum,
1489 1506 1557 1561 qui
1588 1506 1638 1547 ad
1669 1506 1884 1550 LXXVII.

133 1566 348 1623 pertinebat
361 1596 374 1614 ‚
401 1568 441 1604 &
459 1575 629 1605 errorem
645 1576 713 1617 per
733 1561 932 1616 sequentes
943 1562 1112 1603 Psalmos
1131 1561 1249 1615 usque
1267 1561 1316 1602 ad
1339 1560 1491 1603 XCIII.
1514 1560 1887 1612 continuasset‚tum

133 1623 293 1664 demum
315 1633 441 1662 errore
462 1617 703 1673 deprehenso
721 1631 809 1658 cum
828 1617 949 1658 nollet
969 1631 1149 1658 numeros
1169 1617 1328 1671 scriptos
1347 1616 1473 1658 delere
1491 1616 1552 1658 vel
1563 1618 1774 1671 corrigere,
1788 1615 1889 1666 Psal-j

133 1679 207 1721 mis
228 1676 378 1718 duobus
397 1673 565 1716 eundem
583 1685 785 1714 numerum
804 1672 999 1727 adscripsit
1017 1704 1029 1724 ,
1058 1684 1101 1714 ut
1119 1673 1160 1712 in
1174 1672 1353 1713 ordinem
1373 1672 1504 1726 aliquo
1518 1671 1640 1713 modo
1663 1671 1814 1713 rediret.

187 1730 337 1773 Verum
365 1728 470 1769 aliud
496 1728 551 1768 est
580 1727 689 1779 quod
713 1741 777 1767 me
796 1727 864 1767 diu
885 1727 1015 1776 torsit,
1046 1728 1227 1767 nimirum
1248 1727 1352 1767 istius
1372 1727 1517 1767 codicis
1547 1727 1664 1767 mirus
1681 1741 1770 1767 cum
1789 1726 1890 1769 Ver?

134 1788 241 1830 sione
273 1784 408 1826 Latina
439 1780 651 1823 consensus.
698 1780 740 1821 Si
767 1780 895 1831 enim,
922 1791 967 1821 ut
997 1793 1133 1821 omnes
1154 1779 1330 1831 Eruditi,
1359 1783 1596 1834 omnesque,
1624 1792 1784 1835 excepta
1814 1782 1890 1823 Ec-

137 1842 248 1883 clesia
271 1840 431 1888 Latina,
443 1836 755 1878 Christianorum
765 1834 974 1876 Societates
996 1829 1275 1884 credunt5libri
1294 1834 1387 1875 sacri
1408 1846 1456 1875 ex
1475 1835 1629 1877 Graeco
1649 1836 1690 1876 in
1706 1836 1890 1878 Latinum·

137 1897 355 1939 sermonem
374 1891 613 1946 negligenter
632 1889 865 1942 &imperite
884 1888 969 1929 sunt
1001 1889 1197 1940 converfi,
1225 1889 1307 1930 fieri
1328 1889 1434 1930 aliter
1453 1903 1502 1930 ne
1531 1891 1610 1941 uit,
1639 1891 1734 1945 quin
1752 1891 1889 1933 eadem

136 1951 313 1994 Censura
341 1957 494 1989 notetur
505 1943 647 1986 Codex
659 1944 831 1984 Graecus
842 1973 853 1994 ‚
865 1944 932 1997 qui
952 1945 1001 1983 ab
1012 1943 1191 1984 omnibus
1209 1954 1274 1985 aut
1292 1944 1478 1999 plerisque
1532 1947 1649 1987 raecis
1667 1945 1890 1989 dissentiens

137 2020 228 2049 cum
245 2004 384 2046 Latina
409 2000 582 2043 versione
602 1998 817 2041 consentire
835 1998 1146 2053 deprehenditur.
1190 1999 1297 2041 Cum
1318 2000 1432 2054 igitur
1450 2002 1490 2040 &
1510 2001 1634 2041 otium
1654 2003 1693 2041 &
1712 2001 1891 2044 codicem

138 2062 310 2110 editum,
342 2058 410 2112 qui
428 2056 616 2097 variantes
636 2053 888 2095 Alexandrini
918 2054 1126 2104 lestiones‚
1155 2069 1177 2094 a
1203 2054 1246 2094 P.
1267 2053 1390 2109 Junio
1417 2068 1506 2096 cum
1536 2056 1590 2096 H.
1618 2056 1762 2097 Grotio
1793 2057 1892 2099 olim

139 2114 463 2162 communicatas‚-
494 2109 657 2151 habebat
686 2109 914 2164 adscriptas,
944 2108 1091 2150 fuissem
1120 2110 1253 2150 nanus
1272 2144 1284 2160 ‚
1313 2124 1395 2151 rem
1414 2110 1530 2165 paulo
1561 2111 1786 2152 accuratiori
1805 2124 1892 2161 exa*

137 2173 235 2213 mini
256 2169 435 2223 subjicere
453 2166 572 2207 statui.
626 2164 820 2218 Obstupui
837 2173 964 2205 autem
979 2172 1067 2206 cum
1089 2165 1262 2206 viderem
1286 2163 1472 2207 summam
1494 2177 1794 2221 perpetuamque
1808 2168 1892 2209 Co-

139 2227 237 2268 dicis
260 2221 511 2266 Alexandrini
531 2234 620 2262 cum
637 2218 825 2260 Verfione
850 2219 944 2260 Itala
965 2220 1298 2269 convenientiam;
1325 2235 1411 2262 eam
1446 2222 1621 2277 intelligo
1651 2223 1889 2274 versionem,

141 2296 242 2336 quae
262 2281 302 2320 in
313 2277 465 2319 Codice
485 2275 792 2330 Cantabrigienss
816 2274 892 2316 s1ve
914 2276 1061 2326 Bezae‚
1091 2279 1131 2316 &
1152 2276 1192 2316 in
1205 2276 1424 2317 Oxonienfi
1434 2276 1636 2318 Laudiano
1656 2277 1764 2318 disto
1784 2288 1893 2332 repe-'-

140 2338 258 2387 ritur,
288 2345 479 2388 quamque
502 2331 789 2386 Hieronymus,
818 2331 1054 2384 temporibus
1075 2330 1211 2372 servire
1231 2333 1407 2382 coaesus,
1431 2332 1611 2386 magnam
1634 2342 1780 2386 partem
1804 2333 1893 2374 'reti-

140 2392 235 2433 nuit.
276 2389 356 2429 Vix
373 2401 449 2428 una
466 2386 521 2426 est
541 2400 589 2426 ex
615 2396 769 2426 centum
790 2384 952 2426 Codicis
972 2385 1222 2427 Alexandrini
1239 2385 1527 2428 Variationibus
1542 2418 1554 2438 ,
1583 2401 1681 2441 quae
1702 2401 1783 2428 non
1803 2391 1893 2429 cuni

138 2447 238 2488 Itala
268 2444 401 2485 faciat:
431 2441 537 2493 cujus
568 2440 596 2480 fi
626 2440 731 2494 plura
762 2443 802 2479 ὃ(
836 2441 1042 2496 integriora
1082 2441 1304 2482 haberemus
1333 2442 1562 2496 exemplaria
1583 2472 1595 2492 ‚
1625 2456 1760 2483 omncs
1792 2441 1894 2484 forte

142 2513 209 2543 aut
229 2500 426 2554 plerasque
462 2495 592 2536 saltem
610 2509 655 2536 ex
677 2496 721 2536 iis
741 2495 781 2534 in
799 2495 992 2537 Codicem
1015 2496 1186 2537 nostrum
1215 2496 1414 2538 defluxisse
1445 2496 1670 2538 videremus.
1727 2496 1893 2539 Codicis

141 2553 396 2597 Alexandrini
418 2551 599 2592 leffiones
619 2550 666 2590 ab
686 2549 800 2591 editis
819 2549 984 2592 diversas
1003 2565 1050 2591 ex
1070 2551 1164 2593 Itala
1185 2551 1358 2593 versione
1375 2563 1419 2593 ut
1446 2551 1651 2606 plurimum
1683 2550 1830 2593 fluxiffie
1848 2563 1891 2593 ut

143 2612 326 2659 statuam,
354 2621 435 2649 non
466 2619 543 2646 una
571 2619 632 2645 me
654 2617 787 2646 movet
806 2606 914 2647 ratio.
968 2607 1049 2647 Aut
1067 2607 1172 2647 enim
1191 2607 1286 2648 Itala
1308 2607 1432 2649 versio
1452 2606 1648 2647 Codicem
1663 2606 1892 2647 Alexandri-

144 2679 262 2716 num,
291 2674 356 2704 aut
386 2660 528 2702 Codex
560 2659 840 2701 Alexandrinus
869 2661 1081 2702 versionem
1113 2661 1248 2702 Italam
1276 2660 1463 2716 sequitur:
1493 2660 1586 2702 illud
1607 2662 1674 2716 qui
1704 2661 1893 2708 affirmat,

143 2722 249 2762 dicat
271 2717 390 2767 mihi,
419 2714 620 2770 quomodo
643 2714 723 2755 fieri
745 2716 935 2769 potuerit,
963 2728 1005 2756 ut
1022 2730 1103 2757 non
1123 2716 1241 2758 hodie
1260 2716 1381 2757 solum
1403 2716 1445 2756 in
1465 2716 1677 2770 plerisque,
1707 2716 1819 2771 saepe
1848 2718 1891 2757 in

144 2774 324 2817 omnibus
353 2770 567 2812 Codicibus
600 2770 759 2810 Graecis
781 2770 886 2811 aliter
915 2770 1121 2825 legeretur,
1150 2784 1282 2814 verum
1302 2772 1417 2813 etiam
1436 2783 1478 2813 ut
1510 2784 1639 2812 earum
1660 2771 1892 2822 leffionum3

146 2842 244 2885 quas
267 2827 408 2869 Codex
426 2824 707 2867 Alexandrinus
725 2824 899 2877 exhibet,
928 2826 1033 2879 apud
1052 2827 1182 2868 Patres
1203 2828 1374 2868 Graecos
1402 2840 1473 2867 nec
1493 2826 1581 2867 vola
1601 2839 1672 2867 nec
1690 2826 1892 2881 vestigium

148 2885 375 2939 appareret?
405 2882 445 2922 Si
469 2879 593 2920 codex
616 2879 897 2921 Alexandrinus
920 2894 1029 2921 verus
1051 2880 1139 2922 fons
1157 2882 1211 2922 est
1231 2913 1242 2932 ‚
1272 2883 1358 2936 quis
1377 2881 1483 2922 illum
1502 2880 1549 2921 ab
1571 2881 1749 2921 omnibus
1771 2882 1894 2922 Grae,

150 2942 206 2981 cis
234 2938 393 2987 avertit,
423 2940 462 2976 &
484 2934 533 2974 ad
552 2934 652 2974 solos
673 2935 832 2975 Latinos
853 2935 1040 2976 derivavit
1063 2939 1078 2976 ?
1108 2937 1224 2977 Dicat
1245 2951 1383 2990 porro,
1411 2949 1499 2977 cum
1529 2936 1670 2976 Latino
1693 2936 1893 2989 interpreti

148 2995 318 3037 solemne
338 2992 384 3032 fit
405 2989 563 3031 nomina
580 2990 734 3042 propria
746 2988 929 3031 Virorum
950 2994 989 3029 &
1001 2991 1169 3031 Urbium
1180 2993 1292 3033 variis
1312 2990 1438 3032 modis
1459 2991 1658 3031 immutare
1682 2993 1797 3044 atque
1808 2999 1895 3032 cor*

149 3061 349 3103 rumpere,
377 3046 444 3101 qui
466 3044 608 3086 factum
620 3075 632 3094 ‚
656 3056 698 3085 ut
720 3044 1000 3086 Alexandrinus
1019 3045 1143 3086 codex
1163 3047 1336 3101 negleEIa
1355 3046 1513 3087 veritate
1533 3056 1621 3085 cum
1641 3045 1782 3086 Latino
1799 3046 1895 3087 con-

152 3102 373 3158 spiraverit,
400 3104 440 3141 &
474 3098 617 3151 Lystra
648 3114 683 3139 V.
710 3114 765 3155 gr.
791 3113 839 3140 ex
855 3100 1052 3154 Lycaonia
1072 3101 1112 3140 in
1133 3101 1293 3155 Lyciam
1313 3105 1354 3142 δε
1375 3100 1425 3141 ad
1446 3114 1548 3140 mare
1567 3099 1793 3142 detraxerit?
1823 3101 1895 3141 Di-

155 3172 215 3203 cat
234 3157 422 3213 denique,
448 3155 514 3198 ubi
530 3156 715 3208 interpres
738 3154 894 3199 Latinus
914 3155 1051 3206 verba,
1081 3169 1179 3210 quae
1202 3155 1472 3198 emendatione
1493 3169 1604 3210 cgere
1623 3156 1804 3210 putabat,
1833 3156 1892 3215 ¹¹.ss

1814 3222 1891 3250 mia
