1976 3519
99 271 190 323 —316
468 264 1287 302 ETAPFEAION
1763 259 1815 302 v,

105 354 171 395 &e
206 350 283 393 τοὶς
309 345 507 397 uaedam&
546 343 635 395 ὑμῶν
673 344 764 393 μένον
781 377 792 397 ,
821 344 861 386 'ri'
889 343 1047 398 σεριοο-ὲν
1088 342 1236 390 πνοιεῖτες
1274 339 1352 394 οὐχὶ
1383 339 1454 382 ,καὶ
1483 340 1511 383 οἷ
1535 342 1680 384 ‘rosim
1708 344 1760 384 oil-

933 454 940 465 Ι
1791 417 1842 440 τω

874 463 1020 504 κφιλους

144 565 189 592 47.
206 551 352 593 ἐθελφοὶις]
371 550 455 586 φίλους
474 553 596 581 EKLM.
618 562 644 582 2.
662 562 690 588 4.
711 560 738 586 5.
757 552 784 578 6.
804 559 830 585 7.
851 549 878 577 8.
897 559 925 585 9.
950 560 991 577 ro.
1012 558 1055 577 21.
1077 558 1118 576 12.
1144 557 1185 582 ¹4.
1208 556 1250 581 ις.
1273 548 1315 576 16.
1339 556 1383 582 ²7-
1402 556 1446 584 34.
1469 547 1843 586 35.36.37.38.39.40.'42.‘

105 604 153 631 44.
171 603 219 630 45.
237 596 284 629 46.
303 603 350 628 47.
369 592 416 626 48.
435 602 483 628 49.
505 601 550 627 5¹-
570 600 616 627 52.
636 600 680 627 53.
700 599 745 624 54.
765 598 810 624 55.
829 589 931 624 5658.
950 598 993 623 59.
1011 591 1057 615 (ιο.
1078 591 1122 614 61.
1139 590 1185 614 62.
1204 589 1250 623 ⁶3·
1270 587 1315 614 68.
1336 596 1381 620 70.
1403 596 1448 617 72·
1470 589 1514 620 76.
1532 587 1578 621 78.
1595 586 1643 615 80.
1663 586 1710 614 82.
1730 587 1775 622 83.
1794 590 1840 623 84.

108 634 143 660 86
163 643 209 668 90.
230 642 275 667 9¹·
299 633 360 659 106.
381 632 484 668 Evang.
508 639 532 666 3.
552 640 580 666 4.
600 638 626 664 5.
645 638 670 664 7.
692 628 718 656 8.
738 637 766 661 9.
789 637 830 654 12.
855 637 895 662 ¹3·
918 636 957 661 14·
982 636 1023 661 ¹5·
1046 628 1087 653 16.
1112 635 1152 657 ¹7·
1172 634 1216 652 22.
1236 634 1280 659 ²4-
1302 625 1392 652 Editio
1407 627 1538 661 Compiut.
1555 629 1648 653 Genev.
1684 625 1780 653 Verfio
1796 631 1843 665 Sy-

105 681 136 700 ra
158 671 296 709 posterior.
316 668 393 706 Bassl.
415 671 486 706 Reg.
509 669 548 696 br.
570 678 631 702 124.
652 667 780 703 Theophyl.
817 665 932 703 Lucifer,
954 664 1095 701 Juvenrus.
1116 663 1233 697 Erasmus
1250 671 1358 694 tamen,
1379 663 1425 699 qui
1443 665 1552 690 testatur
1568 662 1709 700 plerosque
1724 665 1842 692 Graecos

107 711 222 738 Codices
246 710 341 737 habere
366 709 466 743 φίλους,
487 709 515 735 &
536 708 674 745 Stephanus
699 704 746 742 qui
769 705 855 739 <ptam
880 703 907 729 όν
929 704 1001 728 πάσι-ι
1020 703 1115 739 reperit
1131 723 1138 734 ‚
1165 701 1233 729 hauc
1253 701 1400 728 lectionem
1424 701 1514 728 nescio
1530 711 1582 739 qua
1597 702 1630 729 de
1647 701 1732 729 cauria
1753 702 1838 730 secuti

109 759 165 777 non
183 749 253 776 sunt.

144 787 269 820 τελῶναι]
292 780 381 814 ἐθνικοὶ
406 786 443 812 D.
467 795 488 812 t.
514 793 540 820 5.
569 782 612 810 28.
637 791 685 817 44.
706 781 800 808 Verso
823 781 897 816 Vulg.
916 785 981 808 sax.
1000 785 1074 816 Copt.
1094 783 1156 816 Syra
1170 777 1316 815 posterior,
1337 779 1452 816 AEthiop.
1470 777 1552 806 Arab.
1570 779 1707 816 Constitut.
1729 779 1796 807 v11.
1813 787 1840 808 ι.

105 826 270 856 chromatius
283 846 289 857 ,
303 823 391 860 chrys.
406 823 432 850 in
447 821 464 851 l.
486 825 513 851 &
532 825 569 850 H.
588 831 632 847 22.
650 822 758 857 Cypriam
773 820 809 846 T.

146 859 231 902 οὕτω]
250 861 278 889 τὶ
301 861 362 888 αὐτὶ
395 862 464 889 DM.
490 871 512 888 1.
667 855 673 859 '

55 940 58 944 .
108 903 231 947 Ethioph
248 901 336 938 Chrys.
360 903 480 937 cyprian.
498 896 582 934 Lucis.
600 899 734 926 Chromat.
754 895 858 931 Constit.

146 941 193 976 48.
212 940 315 975 ωσπερ]
337 937 365 969 ὦς
385 941 415 965 L.
435 941 548 974 Origenes
571 946 611 973 ap.
631 935 802 962 Theodoret.
821 933 848 960 in
864 937 923 961 Gen.
943 933 1011 960 XX.
1034 935 1060 961 δε
1079 942 1102 960 c.
1122 931 1192 960 Cels.
1211 942 1238 970 p.
1263 931 1323 959 180.
1345 941 1407 968 3¹9·

437 986 457 1000 εν
480 976 578 1010 οὑμνοῖς
607 975 642 1000 D.
663 983 676 1000 a
693 973 779 1010 prima
795 981 893 1003 manu,
914 972 926 997 ὁ
942 968 1041 1006 οὐράνιος
1054 981 1087 998 ex
1105 970 1242 998 emendat.
1262 971 1282 996 E
1300 980 1314 998 a
1330 970 1418 1007 prima
1433 980 1516 998 manu
1534 971 1569 999 L.
1589 981 1612 999 1.
1629 981 1659 1006 4.
1679 971 1706 999 8.
1729 981 1774 1007 33.
1792 981 1841 1009 53.

440 975 446 983 ⁵

146 981 158 1006 ὁ
180 979 200 1004 ἕν
223 980 271 1007 τοῖς
296 976 416 1012 οὐρανοῖς]

833 829 855 846 ι.
875 828 902 855 p.
924 828 984 845 212-
1004 816 1112 855 Lucifer.
1130 817 1207 851 Basil.
1229 818 1299 854 Reg.
1319 818 1391 844 brev.
1415 826 1476 852 ¹24.

532 871 559 896 5,
582 868 622 886 ιο.
647 868 688 892 ¹3-
710 859 754 884 28.
774 857 817 893 38.
839 866 883 893 39.
902 866 949 892 44.
965 866 1011 892 57.
1032 865 1066 890 59
1099 858 1145 883 60.
1169 856 1271 892 Evang.
1293 864 1318 891 3.
1341 864 1381 889 ¹5-
1403 865 1448 892 ²4-
1482 854 1577 884 Verfio
1599 860 1672 892 Copt-
1692 857 1764 893 Vulg.
1782 858 1841 894 Sjr.

1038 902 1129 921 totum
1147 903 1258 921 comma
1276 908 1331 914 ——-
1349 895 1396 928 64.

1571 934 1609 964 -1-
1627 933 1652 970 ος
1670 933 1774 971 Evang.
1796 941 1842 968 η’.

110 1026 157 1055 54.
177 1019 223 1054 63.
244 1016 290 1043 86.
310 1014 403 1042 Versio
419 1015 483 1049 Vulg
512 1018 575 1045 Syra
592 1012 724 1048 posterior
751 1010 853 1038 Pseudo
870 1025 919 1030 —-
943 1012 1057 1047 Ignatius
1081 1011 1113 1038 ad
1137 1007 1298 1046 Philippens.
1327 1011 1443 1045 Origenes
1468 1008 1493 1036 ll.
1518 1018 1560 1037 cc.
1579 1010 1689 1046 cyrillus
1710 1011 1772 1038 Cat.
1794 1019 1840 1045 50.

111 1055 189 1093 Basti.
205 1065 230 1084 c.
266 1054 387 1081 Eunom.
406 1054 429 1081 Ι.
456 1048 612 1090 εΧῑτ.’(ἰ“ι’]ν][.
629 1052 764 1090 NJffenus,
782 1050 923 1077 Theodora.
940 1049 1075 1087 Just'inuh
1097 1053 1234 1087 Cyprianus
1277 1062 1333 1069 —-
1348 1056 1392 1083 5¹·

103 1133 152 1172 jus
168 1129 284 1161 videtur
299 1129 439 1171 implere,
461 1127 559 1157 habita
577 1135 674 1156 tamen
692 1125 787 1157 officii
804 1133 867 1154 non
889 1133 952 1154 ma-

109 1174 189 1204 litiae
206 1172 325 1203 ratione.
367 1175 457 1202 Bava
477 1173 573 1200 Kama
600 1168 643 1199 X.
675 1178 702 1199 1.
731 1169 868 1208 pecunias
890 1176 951 1198 non

109 1223 278 1259 permutant
299 1223 334 1245 ex
364 1224 430 1244 arca
449 1212 698 1253 publicanorum.
720 1219 776 1240 nec
793 1209 861 1240 inde
877 1209 951 1239 elee-

110 1257 266 1299 mosynam
301 1256 464 1297 accipiunt,
505 1254 665 1285 Sanhedrin
688 1253 704 1284 f
731 1263 781 1292 29.
803 1252 834 1282 hi
853 1252 953 1282 homi-

111 1311 162 1332 nes
179 1300 242 1330 sunt
260 1299 405 1341 prophani
415 1307 449 1328 ac
467 1297 631 1338 illegitimi,
653 1296 783 1338 pastores
793 1296 900 1326 ovium
917 1304 951 1325 ac

111 1342 275 1384 publicani.
297 1342 321 1372 f.
342 1351 391 1380 25.
416 1350 445 1371 2.
464 1339 617 1381 publicani
632 1339 667 1369 ad
686 1337 889 1368 testimonium
905 1337 954 1367 di-

112 1385 242 1416 cendum
258 1394 319 1414 non
329 1384 534 1414 admittuntur.
580 1382 667 1413 Dixit
683 1381 724 1411 R.
741 1379 838 1420 Juda,
861 1379 954 1419 siquis

109 1428 280 1468 simpliciter
296 1426 337 1457 est
355 1423 753 1467 publicanus,legitimusest
764 1422 800 1453 ad
818 1421 953 1452 testimo-

112 1472 197 1501 nium
213 1468 385 1500 dicendum.
409 1468 495 1499 Pater
513 1468 555 1498 R.
578 1468 666 1498 Zirae
684 1466 742 1505 egit
759 1464 953 1505 publicanum

111 1523 163 1555 per
181 1512 270 1544 XIII.
291 1521 405 1551 annos3
424 1520 518 1550 quum
534 1518 674 1540 venturus
689 1517 748 1538 erat
766 1508 900 1548 princeps
910 1506 955 1536 lo-

113 1557 142 1587 ci
167 1555 263 1593 illius,
284 1555 367 1593 cujus
390 1553 516 1593 vectigal
542 1552 627 1583 fluvii
647 1559 716 1582 erat.
758 1548 916 1580 Bechoroth
933 1548 954 1579 f.

113 1608 162 1639 3-1.
187 1607 214 1628 1.
235 1595 374 1635 Tradunt
393 1595 537 1627 Rabbini.
577 1594 666 1626 Initio
683 1592 836 1623 dixerunt:
859 1590 956 1621 s1D0-

110 1640 177 1671 &or
193 1640 228 1671 fit
241 1640 378 1680 exactor,
401 1638 551 1678 depellunt
566 1646 634 1667 eum
652 1646 669 1666 a
680 1635 852 1666 Doctoratu
862 1633 922 1664 suo.
934 1634 955 1663 f.

114 1692 164 1725 39.
198 1692 224 1713 1.
265 1681 344 1713 Non
369 1680 412 1712 est
436 1679 547 1710 familia
572 1680 602 1708 in
628 1687 684 1718 qua
701 1677 743 1707 est
762 1676 957 1716 publicanus,

113 1727 186 1767 quin
202 1733 309 1755 omnes
331 1724 386 1754 smt
404 1721 572 1764 publicani:
590 1721 624 1752 ὃς
640 1729 702 1750 non
720 1717 761 1749 est
776 1717 885 1748 familia
897 1738 907 1754 ,
926 1718 957 1747 in

112 1778 171 1808 qua
195 1766 236 1797 est
257 1766 351 1803 latro,
372 1766 445 1806 quin
469 1772 575 1794 omnes
605 1763 660 1793 sint
675 1761 813 1792 latrones.
858 1760 959 1790 Neda-

112 1813 167 1840 rim
194 1808 250 1840 III.
269 1818 300 1849 4.
321 1807 352 1839 Si
376 1808 442 1847 quis
465 1807 584 1839 voverit
606 1802 768 1835 homicidis
785 1827 796 1844 ,
831 1802 958 1843 raptori-

111 1853 167 1884 b‘us
175 1871 185 1890 5
195 1851 359 1893 publicanis
367 1872 375 1887 ,
386 1851 475 1881 etiam
484 1857 556 1880 cum
569 1849 749 1888 juramento,
758 1855 821 1877 non
830 1853 956 1876 tenetur.

112 1896 224 1927 Schola
243 1893 369 1925 Hillelis.
416 1895 502 1921 Bava
525 1893 631 1920 Kama.
652 1890 674 1920 f.
702 1898 751 1928 94.
774 1898 803 1920 2.
833 1886 968 1926 Diffici-⁴

108 1938 143 1969 lis
161 1937 203 1968 est
217 1935 381 1968 admodum
397 1934 573 1976 poenitentia
583 1932 822 1973 publicanorum.
838 1933 959 1968 Targum

112 1979 255 2019 inJudic.
279 1977 314 2010 V.
339 1987 388 2008 11.
409 1976 444 2007 In
460 1977 532 2007 loco
551 1976 604 2005 ubi
618 1975 736 2005 fuerunt
754 1972 958 2014 opprimewes

111 2032 163 2054 eos
189 2023 222 2053 &
250 2022 386 2053 tollentes
407 2018 491 2060 quod
508 2019 538 2049 in
555 2017 690 2048 manibus
705 2025 828 2054 eorum,
849 2013 959 2045 domus

111 2064 300 2096 habitationis
324 2063 473 2094 latronum
499 2063 531 2092 &
556 2060 642 2091 locus
656 2057 805 2093 confessus
824 2056 958 2097 publica-

112 2117 223 2139 norum
248 2107 330 2149 super
353 2104 494 2137 cisternas
519 2102 668 2133 domuum
691 2100 867 2142 irrigationis
893 2108 958 2130 ma-

113 2160 162 2182 ΠΒ.

154 2202 204 2234 47.
226 2191 264 2222 iim
284 2191 449 2223 &moieno-92
472 2188 529 2222 ‘rolez
554 2188 642 2226 φίλους
664 2187 752 2228 ὓμιὲἶν]
775 2184 886 2227 Hefiod.
909 2185 958 2216 O·

115 2245 175 2277 per-
204 2236 227 2266 I.
259 2244 328 2276 351.
371 2234 410 2263 τὶν
434 2231 550 2268 <panim-oe.
574 2234 675 2269 φιλῶ,
703 2229 750 2257 καὶ
773 2231 808 2267 τῷ
831 2229 959 2267 προσιόντι

115 2283 238 2316 *forman
270 2277 316 2306 xxi
346 2276 418 2314 ἐτίμων
446 2275 514 2303 iia-zer
543 2273 577 2312 δῷ
594 2297 603 2313 2
629 2269 732 2308 aaliz&
756 2270 848 2308 δόμεν,
890 2269 960 2299 ’ἆυ-κεν

114 2323 150 2358 pah
181 2321 222 2360 och.
249 2323 378 2356 μισοῦντι
401 2316 501 2355 μία-ει,
536 2315 583 2344 nx)
613 2313 721 2351 φιλοῦνθ’
753 2312 883 2350 ὖπερφῖλει.
913 2315 959 2341 Se-

114 2373 171 2393 nec.
192 2363 228 2392 de
247 2362 385 2392 Clement
403 2359 424 2390 I.
449 2369 478 2398 9.
523 2356 723 2397 Interpellavit
739 2353 857 2385 tandem
875 2353 957 2384 illum

115 2405 203 2436 Livia
221 2405 357 2443 uxor‚&
379 2401 525 2438 admittis,
544 2400 658 2439 inquit,
680 2397 822 2428 muliebre
839 2397 958 2427 consili-

115 2448 197 2478 um?
220 2447 279 2477 Fac
306 2444 388 2486 quod
415 2443 523 2474 medici
544 2442 655 2479 solent,
677 2441 729 2471 ubi
747 2439 847 2470 usitata
862 2448 958 2469 reme-

114 2491 162 2521 dia
186 2500 248 2521 non
266 2487 449 2529 procedunt,
471 2494 583 2517 tentant
601 2483 754 2514 contraria.
795 2481 957 2512 Severitate

113 2531 187 2563 nihil
203 2532 299 2562 adhuc
315 2529 468 2571 profecisti
480 2553 489 2569 ‚
512 2545 539 2550 --
556 2537 635 2557 nunc
646 2534 723 2556 tenta
732 2534 851 2565 quoque
862 2534 958 2564 ‚quo-

116 2574 211 2605 modo
231 2574 284 2604 tibi
303 2572 385 2604 cedat
405 2571 567 2602 clementia.
592 2568 714 2609 Ignosce
733 2568 770 2598 L.
794 2567 916 2597 Cinnae.
927 2584 957 2589 --

115 2616 327 2648 amicissimum
344 2639 354 2654 ‚
383 2613 642 2651 fidelissimumque
668 2610 781 2640 habuit.
822 2608 953 2651 Qintil.

114 2659 244 2690 Declam
262 2657 322 2688 IX.
345 2656 484 2696 Ignosce,
497 2663 596 2696 pater,
617 2653 636 2683 si
653 2653 767 2693 penitus
776 2653 877 2682 animo
888 2661 954 2681 meo

116 2701 166 2732 hic
189 2700 291 2731 insedit
313 2699 434 2730 affectus
453 2709 459 2729 :
491 2706 588 2728 amare
613 2694 844 2726 misericordiam
869 2694 955 2724 miser

115 2744 216 2784 coepi.
258 2743 298 2773 At
323 2742 461 2771 inimicus
477 2764 486 2779 ,
516 2740 611 2779 inquit
630 2760 639 2775 ‚
670 2746 752 2768 meus
775 2736 825 2767 est.
868 2736 953 2766 Nam

116 2788 180 2827 quis
204 2795 260 2816 nos
294 2792 377 2815 tanto
409 2793 499 2823 opere
532 2782 686 2818 laudaret,
723 2787 821 2820 pater,
848 2778 867 2808 si
892 2777 952 2809 hoc

112 2831 214 2860 amico
233 2825 462 2870 praestaremus?
483 2823 567 2855 Haec
592 2823 633 2853 est
657 2820 827 2852 celebranda
842 2820 951 2862 virtus²

116 2873 233 2903 vincere
264 2870 336 2899 iram
353 2893 363 2908 ‚
402 2868 435 2898 &
459 2868 532 2896 inter
564 2864 720 2896 simultates
745 2873 865 2904 quoque
889 2873 953 2894 me-

113 2912 229 2945 minisse
257 2911 400 2942 hominis.
441 2911 551 2938 Plinius
575 2906 669 2946 Epist.
698 2906 754 2937 IX.
778 2915 826 2946 30.
869 2905 953 2936 Volo

112 2957 211 2995 enim,
233 2955 283 2994 qui
300 2954 332 2983 s1t
346 2961 414 2983 vere
431 2950 574 2988 liberalis,
594 2949 723 2979 tribuere
740 2950 863 2988 patriae,
881 2958 952 2988 pro-

111 2998 247 3041 pinquis,
268 2995 422 3032 affinibus,
444 2993 566 3028 amicIs‚
588 2990 634 3021 sed
656 2992 759 3020 amicis
785 2991 855 3020 dico
881 2999 948 3028 pau-

111 3041 244 3083 peribus:
267 3047 330 3068 non
355 3045 386 3068 ut
412 3036 478 3075 isti,
497 3035 547 3074 qui
566 3034 599 3063 iis
618 3032 804 3073 potiffimum
819 3032 951 3072 donant,

111 3084 162 3125 qui
186 3082 296 3112 donate
326 3080 454 3111 maxime
487 3075 615 3118 possunt.
664 3074 733 3105 Hos
757 3083 813 3115 ego
838 3072 952 3104 viscatis

108 3126 295 3163 hamatisque
312 3121 480 3153 muneribus
497 3129 558 3150 non
575 3119 622 3148 sua
637 3126 774 3157 promere
790 3115 879 3155 dico,
901 3116 948 3145 sed

110 3168 201 3199 aliena
224 3166 384 3208 corripere.
423 3163 499 3195 Sunt
514 3161 632 3203 ingenio
647 3158 753 3199 fimiti,
775 3159 845 3199 qui,
866 3157 948 3199 quod

1466 1046 1488 1072 ἦν
1503 1049 1550 1077 τοῖς
1564 1049 1661 1083 οὐρανοῖς
1677 1047 1758 1077 Colb.
1774 1049 1842 1083 duo,

992 1123 1063 1154 huic
1090 1123 1204 1155 donant
1220 1143 1230 1159 ‚
1263 1123 1400 1154 auferunt
1423 1122 1465 1153 illi
1481 1146 1491 1162 ,
1519 1122 1687 1161 famamque
1713 1123 1839 1154 liberali—

995 1167 1058 1197 tatis
1086 1168 1204 1197 avaritia
1230 1175 1340 1207 petunt.
1385 1165 1474 1196 Nihil
1500 1164 1612 1195 necesse
1631 1164 1673 1194 est
1693 1174 1726 1196 ut
1750 1166 1843 1197 iubt'r·

994 1208 1060 1239 liter
1084 1210 1140 1242 τὼς
1167 1211 1321 1243 hyan-§wrm
1347 1208 1379 1238 ὃ(
1405 1221 1451 1241 τες
1481 1208 1571 1245 epham<
1603 1207 1838 1249 distinguamus,

995 1250 1042 1281 sed
1068 1251 1223 1282 discrimen
1250 1251 1294 1281 est
1319 1253 1393 1281 inter
1412 1251 1520 1285 ἀγαπᾶν
1536 1251 1568 1279 &
1586 1250 1779 1289 &maigeo-imi,
1802 1250 1840 1282 il-

996 1293 1027 1324 lo
1043 1294 1189 1325 indicatur
1214 1293 1304 1324 animi
1322 1292 1443 1323 affectus
1480 1295 1552 1322 Lac.
1574 1291 1627 1322 Vl.
1662 1301 1710 1333 32.
1735 1301 1781 1333 33.
1805 1294 1840 1325 &c

996 1336 1079 1376 supra
1105 1345 1220 1367 comm.
1243 1345 1293 1375 44.
1325 1336 1384 1366 hoc
1401 1344 1472 1365 vero
1489 1343 1610 1365 externa
1630 1335 1690 1373 ejus
1705 1334 1843 1367 testifica-

1000 1380 1044 1408 tio
1065 1388 1115 1419 per
1133 1378 1268 1409 oldulum
1285 1381 1335 1408 Ro.
1360 1376 1447 1408 XVI.
1474 1378 1519 1407 16.
1543 1378 1662 1416 proprie
1677 1386 1776 1408 autem
1795 1378 1844 1409 di-

996 1422 1094 1459 citur,
1108 1421 1284 1460 ἀσπάζεσθαι
1301 1421 1373 1458 φίλων
1394 1429 1419 1461 3.
1440 1420 1493 1459 Jo.
1518 1428 1564 1458 15.
1586 1418 1659 1449 Hoc
1677 1419 1765 1459 facit,
1787 1422 1840 1459 qui

995 1464 1077 1504 prior
1093 1463 1209 1502 salutat,
1231 1465 1264 1494 ὃς
1279 1462 1401 1493 alterum
1417 1463 1532 1492 honore
1550 1462 1714 1502 praevenit:
1736 1461 1840 1503 posstx⁴

1000 1515 1066 1536 mus
1089 1515 1160 1546 ergo
1177 1516 1228 1546 per
1246 1507 1301 1538 τοὺς
1315 1508 1471 1540 sartari-&vra
1484 1514 1533 1534 eos
1548 1505 1636 1534 etiam
1655 1504 1839 1545 intelligere,

997 1557 1014 1578 a
1035 1548 1142 1587 quibus
1167 1547 1313 1578 beneficia
1338 1548 1507 1588 accepimus
1525 1569 1536 1586 ,
1566 1556 1618 1587 per
1636 1546 1723 1583 φίλους
1738 1555 1839 1580 autem

997 1600 1068 1633 em,
1089 1600 1105 1620 a
1130 1591 1236 1630 quibus
1259 1589 1400 1620 beneficia
1422 1589 1577 1630 speramus.
1618 1588 1717 1620 Altera
1741 1599 1841 1622 autem

999 1633 1098 1662 Ledffio
1123 1632 1163 1661 23⁸⁶,
1186 1631 1352 1664 οἱα-κάτησθε
1375 1632 1431 1664 τοὺς
1453 1631 1577 1669 ἀδελφοὺς
1599 1631 1632 1661 &
1651 1630 1771 1662 dubiam
1787 1633 1841 1665 ha*-

999 1674 1050 1704 bet
1073 1674 1336 1715 fignificationem,
1358 1675 1391 1705 &
1419 1673 1478 1704 five
1495 1673 1594 1703 fratres
1610 1674 1758 1714 uterinos,
1778 1674 1840 1707 five

999 1725 1160 1757 cognatos,
1181 1716 1239 1747 sive
1260 1715 1408 1755 Judaeum
1437 1715 1574 1756 quemvis
1591 1714 1733 1756 iutelligas
1749 1739 1760 1756 ‚
1780 1716 1838 1748 fal.

1000 1757 1028 1788 sa
1042 1758 1103 1798 est„
1125 1768 1195 1790 nam
1213 1768 1284 1788 curn
1297 1757 1336 1788 ab
1353 1758 1439 1789 omni
1454 1765 1587 1799 tempore
1609 1756 1734 1788 fratrum
1763 1768 1841 1800 quo-‘-

999 1810 1056 1841 que
1079 1802 1171 1842 gratia
1189 1811 1251 1832 rara
1265 1800 1372 1840 fuerit,
1383 1801 1446 1841 quis
1460 1799 1560 1831 credat
1577 1799 1753 1842 publicanos
1771 1794 1845 1833 orn-³

999 1844 1087 1874 nibus
1100 1843 1219 1882 ‚ludaeis
1230 1866 1239 1882 ,
1256 1852 1305 1874 aut
1314 1842 1412 1873 saltem
1428 1843 1569 1874 omnibus
1579 1843 1712 1884 cognatis
1719 1843 1773 1875 suis
1782 1867 1792 1884 ‚
1801 1844 1844 1876 se⁴

1000 1884 1027 1916 se
1049 1896 1151 1917 comes
1174 1895 1262 1927 atque
1285 1887 1399 1916 amicos
1414 1885 1526 1926 semper
1547 1885 1736 1927 praestitisse?
1775 1889 1845 1918 Tn-

1001 1927 1099 1958 bellius
1122 1927 1226 1959 Claud.
1249 1938 1278 1958 2.
1307 1929 1429 1959 Amavit
1444 1936 1596 1968 parentes,
1616 1928 1687 1968 quid
1704 1929 1841 1967 mirumg

1001 1972 1113 2002 amavit
1137 1972 1170 2002 δε
1189 1971 1298 2001 fratres.
1334 1971 1403 2010 Jatn
1420 1969 1520 2011 potest
1535 1970 1658 2011 dignum
1677 1971 1733 2001 effe
1752 1973 1843 2003 mira*

1002 2013 1082 2045 culo.
1125 2013 1248 2045 Amavit
1270 2014 1462 2054 propinquos.
1505 2012 1562 2043 Res
1578 2012 1684 2043 nostris
1697 2015 1844 2055 tempori·

1002 2055 1057 2086 bus
1074 2055 1273 2097 comparanda
1289 2055 1447 2086 miraculo.
1465 2056 1565 2096 Joma.
1587 2055 1610 2086 f.
1631 2065 1681 2086 22.
1706 2065 1725 2085 2
1756 2056 1843 2094 Quid

1000 2098 1055 2128 est:
1074 2108 1135 2128 non
1151 2097 1319 2130 ulcisceris?
1340 2097 1451 2137 &quid
1466 2097 1526 2128 est:
1538 2107 1600 2128 non
1617 2097 1758 2129 servabis?
1780 2100 1841 2128 Le-

1001 2143 1059 2171 vit.
1092 2140 1185 2172 XIX.
1212 2140 1258 2171 18.
1299 2139 1332 2170 Si
1356 2141 1419 2180 quis
1443 2139 1524 2171 alteri
1546 2139 1645 2178 dicat,
1673 2140 1839 2173 commoda

1002 2183 1077 2213 mihi
1106 2184 1213 2214 falcem
1231 2182 1389 2223 tuam‚ille
1407 2181 1597 2222 respondeat,
1617 2192 1679 2212 non
1697 2192 1841 2215 commo-

1000 2225 1078 2255 dabo
1095 2226 1163 2256 tib1:
1187 2226 1336 2256 Postridie
1356 2233 1454 2255 autem
1475 2225 1522 2255 ille
1537 2226 1587 2264 qui
1604 2224 1759 2265 rogabatur
1777 2228 1840 2267 pri-

1000 2267 1063 2307 die,
1085 2277 1169 2310 roget
1193 2268 1273 2299 hunc
1288 2268 1324 2298 ὅ(
1344 2267 1438 2297 d1cat:
1463 2267 1567 2308 quaeso
1582 2267 1745 2298 commoda
1762 2268 1839 2299 mihi

1001 2309 1127 2341 securim
1151 2320 1251 2348 tuam,
1273 2311 1323 2341 hic
1345 2317 1443 2340 autem
1469 2309 1654 2351 respondeat:
1677 2319 1739 2340 non
1750 2320 1839 2342 com·

1002 2353 1134 2383 modabo
1155 2354 1230 2390 tibi,
1253 2354 1322 2393 quia
1348 2353 1410 2383 heri
1434 2352 1522 2383 etiam
1540 2352 1615 2382 mihi
1629 2352 1736 2383 falcem
1754 2362 1838 2384 tuam

1000 2395 1120 2426 noluisti
1138 2395 1350 2434 commodare,
1371 2395 1443 2426 haec
1458 2394 1500 2424 est
1516 2394 1599 2425 ultio.
1650 2393 1728 2425 Non
1746 2394 1839 2427 servat

999 2447 1097 2468 autem
1114 2438 1174 2468 hoc
1193 2437 1286 2468 modo
1300 2447 1306 2466 :
1325 2437 1345 2467 si
1362 2436 1519 2478 quis'dicat
1528 2437 1623 2467 alteri:
1635 2436 1739 2477 quaeso
1750 2447 1838 2469 com-

1001 2479 1090 2511 moda
1108 2480 1182 2510 mihi
1198 2480 1323 2511 securim
1341 2488 1421 2510 tuam
1438 2504 1448 2520 ,
1469 2480 1517 2510 ille
1530 2487 1626 2510 autem
1644 2479 1833 2521 respondeat,

1000 2532 1062 2552 non
1090 2523 1295 2554 commodabo
1321 2522 1373 2552 tibi
1398 2522 1522 2552 securim
1547 2531 1668 2552 meam:
1695 2521 1837 2562 postridie

998 2564 1104 2596 deinde
1128 2566 1176 2595 hic
1203 2566 1253 2605 qui
1278 2565 1435 2605 rogabatur
1449 2565 1548 2595 veniat
1562 2565 1598 2595 ad
1611 2573 1696 2602 eum,
1716 2573 1765 2604 qut
1786 2574 1838 2606 pe-

1000 2609 1101 2650 tierat,
1122 2608 1205 2648 eique
1226 2608 1305 2638 dicat
1318 2632 1327 2647 ,
1348 2606 1450 2646 quaeso
1477 2605 1640 2637 commoda
1657 2605 1730 2635 mihi
1747 2608 1838 2638 indu-

999 2650 1073 2681 fiutn
1093 2660 1200 2689 tuum3
1221 2650 1271 2680 hic
1289 2658 1387 2680 autem
1396 2650 1490 2680 dicat:
1511 2658 1547 2678 en
1565 2648 1667 2678 habeas
1684 2649 1756 2688 tibi,
1778 2659 1835 2681 no-

998 2692 1027 2722 lo
1051 2703 1108 2735 ego
1124 2692 1179 2723 esse
1199 2694 1240 2723 tui
1258 2692 1375 2730 similis,
1396 2700 1429 2722 ut
1446 2690 1556 2721 servem
1572 2690 1716 2720 ultionem
1735 2691 1763 2728 in
1773 2693 1836 2722 ani·

998 2744 1051 2765 mo
1071 2745 1157 2770 meo,
1177 2734 1258 2775 quod
1275 2733 1366 2776 pridie
1383 2733 1504 2774 petitam
1522 2732 1646 2762 securint
1664 2733 1834 2763 mihicom-

998 2778 1119 2808 modare
1135 2777 1272 2807 nolueris.
1295 2776 1378 2806 Talis
1393 2775 1412 2806 fi
1430 2775 1550 2805 servaret
1569 2775 1712 2805 ultionem
1730 2774 1760 2805 in
1771 2776 1836 2807 ani-

998 2829 1052 2850 mo
1067 2819 1119 2850 suo
1130 2841 1139 2856 ,
1162 2827 1297 2858 peccaret
1312 2825 1417 2848 contra
1434 2817 1493 2847 hoc
1510 2816 1708 2848 interdictum.

1034 2862 1129 2903 fabum]
1153 2859 1238 2890 Plato
1256 2860 1325 2897 μόνον
1341 2860 1448 2889 ἐλθέτω.

1033 2904 1084 2943 48.
1105 2904 1209 2943 τέλειοι]
1231 2903 1301 2942 Jac.
1325 2901 1347 2932 1.
1368 2910 1398 2941 4.
1418 2901 1579 2940 explicatur
1598 2911 1648 2942 per
1663 2911 1695 2933 ea
1705 2911 1776 2942 quae
1785 2901 1837 2933 ad-

994 2946 1103 2977 duntur
1121 2950 1140 2974 ἐν
1163 2945 1246 2982 μηθενὶ
1266 2944 1408 2981 amatam„
1448 2942 1512 2978 Qui
1536 2944 1652 2976 nonnisi
1676 2946 1788 2975 amicos
1803 2954 1835 2975 a-

995 2998 1073 3025 mat,
1094 2987 1142 3019 ille
1157 2996 1218 3017 non
1242 2986 1373 3026 perfecte
1391 2985 1435 3016 sed
1451 2995 1487 3016 ex
1505 2995 1584 3026 parte
1601 2996 1715 3017 tantum
1738 2987 1836 3018 bonus

994 3031 1056 3068 est;
1078 3039 1149 3061 cum
1165 3028 1283 3058 deberet
1299 3027 1417 3068 diligere
1433 3039 1547 3060 omnes.
1590 3029 1685 3068 Qod
1704 3029 1722 3059 fi
1735 3029 1836 3064 faciat,

995 3073 1069 3104 nihil
1095 3071 1146 3113 iPfi
1171 3070 1258 3101 deest.
1282 3070 1400 3112 Ifilcr‘at.
1422 3070 1582 3102 Panathen.
1604 3071 1685 3105 τέτκς
1703 3071 1771 3109 φημιῖ
1790 3070 1836 3100 καὶ

997 3116 1127 3155 φρονίμους
1143 3113 1213 3146 εἶναι,
1236 3113 1281 3142 καὶ
1294 3114 1400 3146 τελείους
1415 3112 1518 3154 ἄνδρας,
1540 3113 1585 3143 καὶ
1601 3113 1695 3146 πάσαις
1711 3113 1773 3150 ’ἔχειν
1789 3111 1836 3146 τὰς

992 3156 1090 3198 afferat..
1130 3155 1234 3187 Vestra
1259 3155 1464 3188 benevolentia
1487 3155 1727 3189 benevolentiam
1751 3153 1839 3226 νιιῐὲ
