1976 3519
122 202 171 230 22
507 183 1507 228 PROLEGOMENA.

121 288 201 315 non
222 273 444 324 inveniunt,
474 274 539 328 qui
558 286 626 314 eos
644 271 822 321 laudant,
845 269 958 326 atque
969 270 1245 311 immodestiam
1258 283 1389 311 eorum
1403 268 1579 311 fiduciam
1591 268 1853 311 bonaecausae

120 334 159 370 &
193 330 317 370 zelum
345 343 418 383 pro
447 327 555 369 causa
586 328 663 369 Dei
683 326 873 382 appellare
894 340 975 366 non
992 328 1194 367 verentur?
1223 326 1377 366 Deinde
1400 324 1552 365 Censor
1573 336 1704 378 aperte
1723 334 1854 364 mutat

111 384 265 437 statum
287 382 560 435 ¹Quaestiom's,
588 395 686 437 quae
713 392 814 430 erat,
843 381 937 434 quid
956 381 1018 421 hic
1039 381 1077 420 in
1103 379 1254 420 Codice
1277 380 1550 420 Alexandrino
1567 393 1588 418 a
1608 380 1726 433 prima
1740 393 1857 420 manu

122 439 300 492 scriptum
331 438 499 493 legatur,
527 451 668 493 aqua,
697 449 784 477 meo
808 435 937 476 saltem
954 436 1124 489 judicio,
1153 434 1398 475 diverfislima
1418 435 1471 475 cst
1493 434 1699 488 Qiaestioz
1729 446 1855 474 utrum

121 494 257 534 Lestio
269 493 430 534 Codicis
440 492 708 535 Alexandrini
720 491 763 532 sit
772 504 858 530 vera
871 491 1020 532 Leffio?
1034 491 1211 544 Denique
1222 489 1324 530 haud
1335 488 1488 530 obscure
1501 488 1684 541 significat
1697 489 1858 536 Censor,

121 562 278 599 omnes,
306 560 501 602 quotquot
531 547 609 588 hoc
635 547 723 587 loco
752 559 833 585 non
853 545 983 600 legunt
1002 541 1086 586 Θεὲς
1108 541 1316 595 ἐφανερώθη,
1349 544 1624 584 Sociniam‘smi
1645 541 1692 587 όν
1719 543 1858 582 Liber-

123 606 280 643 tinismt'
307 603 498 658 suspectos
527 600 620 647 esse3
650 614 748 656 quae
775 599 934 654 suspicio
954 601 1007 641 est
1032 604 1071 639 ὃ(
1093 600 1277 639 falfiffima
1295 603 1334 639 &
1356 599 1594 653 iniquissima.
1649 598 1689 639 Si
1711 598 1859 638 ratione

122 673 235 714 agere
253 658 357 708 vult,
386 658 642 707 demonstret,
669 655 728 697 vel
752 668 819 709 per
833 656 1058 696 Leffionem
1081 651 1164 696 Θεές
1184 654 1410 708 opinionem
1432 655 1560 694 Socini
1575 685 1585 703 ,
1616 653 1674 693 vel
1697 667 1763 707 per
1784 651 1859 692 lec-

123 717 271 754 tionem
282 709 303 752 ¹2³
327 717 366 753 δε
387 709 426 755 ‘225
447 712 672 754 sententiam
691 709 950 751 orthodoxam
970 710 1112 751 everti:
1143 724 1218 763 ego
1237 709 1387 749 interim
1411 709 1635 749 testimoniis
1659 708 1859 763 pugnabo,

123 771 164 808 &
196 782 374 823 quaeram
406 782 452 809 ex
470 782 543 818 eo,
573 766 669 822 quid
685 764 936 819 judicandum
960 765 1004 805 sit
1027 764 1077 805 de
1098 776 1180 806 tota
1208 763 1371 805 Ecclesia
1393 764 1570 813 Latina,
1602 765 1698 814 Syra
1720 766 1760 802 &
1778 761 1861 806 AE-

117 826 333 879 gyptiaca‚
363 822 413 863 de
444 824 506 864 M.
539 821 739 871 Luthero‚
771 834 857 861 cum
881 821 1045 874 primam
1067 819 1291 859 Editionem
1315 819 1368 859 N.
1397 819 1447 860 T.
1481 819 1703 859 Germanici
1724 831 1861 871 procu-

124 891 244 928 raret,
274 878 323 918 de
354 878 459 919 Viris
489 877 694 918 Illustribus
726 874 784 916 H.
815 876 954 915 Grotio
974 879 1015 915 ὅ(
1036 873 1085 927 J.
1117 873 1318 913 Newtono
1338 875 1539 927 multisque
1559 874 1663 923 aliis,
1692 875 1759 927 qui
1778 887 1860 913 non

123 929 202 975 θεὸς
218 933 281 974 sed
302 934 360 974 vel
373 929 411 975 “os
431 932 491 972 vel
506 929 528 971 ¹¹0
545 933 741 986 legerunt?
771 929 847 971 Sed
867 931 973 985 piget
994 929 1230 983 ineptiarum.
1263 928 1297 966 V
1302 929 1462 969 eriffime
1474 927 1734 981 CicerotQui
1741 926 1861 977 sbmel

124 988 383 1029 verecundiae
413 987 562 1027 limites
592 985 812 1038 transterit,
840 999 925 1025 eum
955 983 1045 1024 bene
1080 982 1129 1028 ῥ’
1151 986 1311 1023 naviter
1333 993 1479 1037 oportet
1504 984 1572 1036 effi?
1592 984 1861 1037 impudentem.

127 1067 131 1070 -
179 1043 400 1083 Redeamus
430 1041 480 1082 ad
508 1055 598 1082 rem.
656 1040 792 1081 Millto
820 1040 1094 1094 adstipulantur
1113 1051 1194 1080 tum
1217 1038 1416 1079 Henricus
1439 1038 1667 1086 Waltonns,
1698 1038 1737 1077 in
1757 1039 1862 1079 notis

123 1098 175 1139 ad
197 1098 409 1138 Clementis
434 1096 601 1137 Romani
620 1095 797 1150 epistolas
818 1098 885 1136 ΑΟ.
923 1096 1041 1147 1718.
1069 1093 1183 1135 editis
1206 1108 1242 1148 p.
1277 1105 1337 1145 27.
1390 1125 1417 1145 ‚,
1445 1094 1490 1134 In
1517 1094 1591 1133 hoc
1620 1092 1861 1147 Manuscrip-

124 1194 150 1215 „
181 1174 223 1204 to
253 1162 350 1214 (scil.
379 1159 537 1212 ALEx.)
567 1160 686 1200 dubio
717 1160 849 1214 procul
879 1159 1025 1214 semper
1047 1158 1240 1213 legebatur
1264 1159 1348 1199 ΘΟ
1369 1156 1566 1210 ἐφανερώθη,
1594 1157 1863 1212 quod‚s1quis

126 1244 153 1269 „
181 1232 269 1259 eum
289 1216 581 1258 accuratioribus
600 1217 719 1256 oculis
737 1215 960 1269 inspexerit,
988 1215 1022 1254 ei
1045 1213 1154 1254 facile
1172 1214 1382 1264 constabit,
1410 1212 1497 1255 licet
1516 1214 1581 1253 illo
1600 1214 1639 1253 in
1650 1213 1737 1253 loco
1749 1245 1760 1264 ,
1789 1227 1861 1253 nec

125 1304 150 1324 „
181 1288 261 1314 non
288 1274 328 1313 in
358 1272 439 1312 aliis
468 1270 571 1311 haud
603 1271 754 1324 paucis,
777 1270 939 1324 junius,
976 1268 1175 1324 diligentia
1206 1270 1363 1310 minime
1391 1268 1610 1323 probanda,
1651 1270 1862 1309 recentiore

124 1359 149 1379 ,‚
179 1328 328 1369 calamo
358 1328 537 1381 utrinque
567 1326 705 1366 lineam
737 1325 886 1366 duxerit
897 1327 942 1365 '':
972 1336 1053 1365 tum
1075 1323 1145 1377 Jo.
1174 1323 1383 1364 Berriman
1416 1324 1604 1364 Diss‘ertat.
1638 1324 1675 1363 in
1712 1323 1862 1364 1.Tim.

124 1384 195 1424 111.
235 1388 293 1422 16.
333 1383 496 1437 Anglice
528 1384 592 1422 ΑΟ.
630 1393 748 1433 1741.
779 1380 916 1435 scripta
934 1393 971 1435 p.
1005 1392 1098 1432 155.
1141 1410 1168 1430 ,‚
1197 1379 1393 1421 Omnibus
1412 1379 1470 1420 his
1489 1379 1725 1420 testimonius
1737 1377 1859 1429 addo,

125 1469 151 1490 „
183 1453 245 1479 me
276 1439 397 1492 ipsum
428 1437 544 1478 etiam
566 1436 733 1489 saepius,
773 1435 889 1490 idque
920 1446 1095 1476 accurate
1115 1435 1219 1476 hunc
1239 1434 1544 1488 Manuscriptum
1565 1433 1755 1474 Codicem
1774 1447 1862 1473 exa-

127 1520 153 1540 „
183 1494 360 1542 minasse,
392 1497 428 1532 &
452 1492 539 1532 licet
558 1492 672 1532 nudis
692 1491 812 1532 oculis
832 1503 1030 1544 nunquam
1051 1491 1243 1545 potuerim
1264 1489 1552 1544 deprehendere
1575 1489 1687 1529 ullam
1709 1499 1858 1541 partem

124 1575 152 1600 ‚,
183 1549 320 1589 veteris
347 1548 468 1588 lineae
499 1545 750 1595 transversae,
780 1560 852 1586 nec
888 1545 950 1585 alii
977 1545 1044 1599 qui
1064 1559 1125 1586 me
1144 1557 1252 1586 erant
1271 1544 1582 1599 perspicaciores,
1612 1545 1713 1584 vitro
1731 1555 1860 1584 tamen

124 1634 152 1656 ,‚
182 1603 354 1658 adjutum
370 1634 380 1652 ,
408 1606 446 1642 &
468 1602 583 1642 radiis
603 1601 690 1642 solis
711 1601 847 1642 librum
867 1600 1105 1650 illustrantis,
1136 1611 1282 1655 partem
1302 1600 1440 1641 veteris
1462 1600 1583 1641 lineae
1603 1598 1652 1639 ad
1674 1598 1859 1639 sinistram

125 1685 151 1710 „
182 1673 307 1700 novae
338 1659 438 1699 intra
467 1657 647 1697 circulum
669 1655 799 1698 videre
820 1655 1006 1709 potuisse,
1037 1654 1142 1696 idem
1161 1669 1310 1696 mecum
1331 1655 1509 1696 viderunt
1528 1654 1666 1695 eodem
1685 1665 1859 1707 tempore

124 1740 152 1764 ,‚
183 1714 264 1754 duo
294 1713 379 1763 alii,
407 1725 572 1766 quorum
601 1712 695 1751 alter
723 1724 806 1750 non
827 1710 876 1749 ad
899 1710 1083 1750 sinistram
1102 1722 1250 1763 partem
1272 1710 1392 1750 solum
1412 1723 1542 1750 verum
1562 1711 1677 1749 etiam
1699 1709 1746 1748 ad
1770 1709 1862 1748 dex-

127 1797 153 1820 „
182 1780 279 1809 tram
304 1768 441 1808 veteris
469 1766 591 1806 lineae
619 1765 776 1818 vestigia
805 1765 977 1804 invenire
1005 1766 1173 1817 potuit''.
1230 1764 1341 1804 Haec
1371 1777 1457 1805 cum
1487 1763 1675 1818 legissbm,
1706 1765 1745 1802 δε
1772 1775 1863 1804 ante

125 1824 323 1864 biennium
345 1821 525 1877 Angliam
553 1820 803 1873 repedissem,
835 1818 969 1873 rogavi
989 1819 1152 1859 amicum
1175 1830 1416 1869 veterem‚ut
1437 1832 1498 1859 me
1517 1820 1557 1858 in
1582 1818 1859 1859 Bibliothecam

126 1879 295 1933 Regiam
318 1877 544 1924 deduceret,
574 1874 682 1928 quod
701 1887 789 1914 cum
813 1872 977 1923 fecisset,
1006 1877 1047 1912 &
1067 1874 1170 1913 hunc
1190 1873 1353 1914 Codicis
1369 1871 1637 1914 Alexandrini
1657 1874 1784 1913 locum
1804 1887 1861 1915 at·

127 1945 237 1975 tento
269 1933 405 1982 oculo,
436 1944 518 1971 non
547 1928 655 1970 nudo
688 1928 831 1978 solum,
853 1941 985 1968 verum
1006 1927 1120 1968 etiam
1142 1928 1248 1968 vitris
1266 1927 1367 1968 haud
1388 1929 1499 1968 unius
1520 1929 1667 1983 generis
1688 1941 1857 1973 armato,

126 1986 398 2044 perlustrasset,
428 1984 719 2040 pronunciavit,
750 1997 771 2022 a
799 1982 922 2036 prima
955 1995 1071 2022 manu
1093 1995 1288 2037 nunquam
1311 1982 1415 2022 aliter
1445 1984 1508 2022 hic
1543 1983 1718 2037 scriptum
1755 1982 1861 2024 ruifle

126 2057 242 2098 quarn
263 2042 366 2083 OC:
395 2055 470 2097 ego
491 2054 585 2080 vero
602 2038 782 2079 lineolam
801 2036 905 2077 illam
927 2036 1057 2077 Millit‘
1080 2040 1118 2076 &
1133 2037 1383 2078 Berrimannz
1394 2052 1576 2092 quaerens
1587 2038 1642 2077 ad
1659 2037 1860 2089 sinistram,

127 2098 260 2139 inveni
279 2096 459 2152 quidem,
489 2094 553 2135 sed
577 2108 664 2135 curn
685 2106 770 2134 eam
788 2093 912 2133 amico
933 2091 1192 2133 demonstrare
1214 2093 1369 2144 vellem,
1397 2107 1476 2133 non
1501 2094 1608 2146 pomi
1622 2124 1631 2138 ,
1664 2094 1752 2147 quia
1773 2107 1861 2134 eva-

126 2165 260 2194 nuerat
299 2152 481 2205 Cumque
501 2150 653 2190 alternis
676 2148 738 2189 illa
756 2147 895 2189 lineola
915 2147 1037 2188 modo
1055 2148 1638 2201 appareret,mododisparerctq
1651 2162 1686 2188 et
1699 2163 1772 2202 ego
1785 2148 1860 2189 hoc

126 2209 324 2263 phasmate
347 2220 426 2247 non
448 2219 581 2260 parum
593 2203 831 2258 percelleret,
848 2202 1002 2243 Amicus
1014 2216 1139 2253 mem,
1170 2217 1244 2257 qua
1255 2214 1335 2243 erat
1345 2203 1722 2258 sagac{*ate‚causam
1735 2203 1860 2245 statim

127 2263 348 2317 indagavit,
376 2260 621 2314 ostenditque
643 2259 746 2299 illam
768 2258 945 2298 lineolam
970 2271 1046 2297 non
1072 2259 1109 2297 in
1131 2271 1173 2298 ea
1194 2260 1332 2314 pagina
1357 2260 1418 2298 ubi
1441 2260 1499 2307 leg·
1519 2255 1621 2299 rurs«.
1647 2257 1858 2308 ἓφανερώῇη,

128 2319 193 2360 sed
222 2319 260 2358 in
293 2316 420 2357 aversa
451 2316 590 2372 pagina
619 2315 683 2355 ubi
710 2313 845 2368 legitur
865 2315 953 2352 κατ’
972 2311 1127 2352 εὐσέέειαν
1155 2312 1299 2354 1.T1·m.
1330 2314 1399 2353 Vl.
1435 2328 1451 2366 3
1497 2313 1570 2353 effe
1592 2314 1786 2366 scriptam,
1819 2318 1860 2354 «Sc

127 2373 356 2415 constituere
387 2384 534 2426 partem
554 2371 683 2410 literae
702 2370 846 2421 primae
867 2385 879 2407 e
899 2369 1004 2408 vocis
1022 2365 1190 2408 εὐσέίξειοιν.
1247 2369 1414 2418 Quoties
1435 2370 1535 2408 enim
1560 2369 1654 2409 libro
1674 2383 1711 2407 in
1733 2369 1860 2414 mensa

128 2429 256 2484 posito
286 2427 443 2472 folium,
473 2425 581 2480 quod
615 2423 967 2469 considerabamus,
997 2422 1098 2463 foliis
1119 2423 1358 2478 sequentibus
1380 2424 1431 2463 ita
1453 2423 1658 2472 impositus:
1689 2437 1788 2474 erat,
1818 2435 1860 2464 ut

128 2495 253 2524 totum
285 2483 418 2523 folium
450 2481 665 2536 proximum
697 2479 937 2532 contingeret
965 2490 1079 2532 atque
1107 2491 1250 2533 tegeret
1269 2510 1279 2529 ‚
1320 2479 1457 2519 lineola
1484 2479 1545 2519 illa
1577 2479 1745 2533 conspici
1778 2493 1858 2519 non

129 2550 303 2594 poterat,
331 2538 420 2591 quia
439 2536 658 2575 membrana
677 2545 756 2575 erat
776 2547 917 2588 opaca:
949 2547 1063 2587 quam
1087 2534 1251 2587 primum
1275 2548 1365 2574 vero
1384 2533 1517 2574 folium
1528 2533 1620 2573 illud
1632 2535 1682 2575 ita
1692 2534 1861 2588 erigeba-

128 2606 210 2643 tur,
227 2597 264 2633 &
284 2608 306 2633 a
326 2591 566 2645 sequentibus
593 2590 828 2644 separabatur
841 2616 851 2634 ‚
882 2600 924 2629 ut
943 2601 1101 2642 utraque
1125 2590 1263 2642 pagina
1281 2589 1363 2629 luce
1383 2589 1638 2639 illustraretur,
1670 2602 1749 2629 non
1763 2588 1858 2629 haec

129 2660 278 2691 tantum
303 2649 462 2702 paginae
484 2644 632 2686 aversae
654 2644 813 2692 lineola,
843 2657 974 2684 verum
996 2644 1164 2698 integrae
1185 2645 1313 2684 literae
1334 2648 1371 2683 δε
1389 2657 1503 2684 voces
1523 2657 1590 2697 per
1601 2644 1859 2685 membranam

129 2702 357 2758 pellucidam
379 2700 718 2754 conspiciebantur.
749 2700 893 2748 Porro,
924 2698 949 2738 s1
972 2712 1079 2743 arcus
1100 2699 1231 2739 literae
1256 2705 1287 2750 Ε
1306 2729 1317 2748 ,
1338 2713 1435 2752 quae
1455 2709 1556 2739 extat
1568 2699 1605 2738 in
1617 2698 1742 2738 aversa
1754 2699 1861 2753 pagi-

129 2773 200 2807 na,
232 2768 402 2798 accurate
425 2755 608 2796 incideret
628 2755 666 2794 in
685 2754 864 2794 circulum
886 2753 1003 2793 nostri
1023 2760 1082 2804 O,
1111 2765 1202 2794 tunc
1222 2754 1320 2794 linea
1332 2753 1540 2794 transversa
1564 2752 1860 2806 repraesentaret

128 2813 357 2854 diametrum
376 2811 507 2851 nostro
526 2817 560 2849 O
583 2809 820 2862 inscriptam,
851 2808 977 2861 sicque
1003 2810 1053 2857 G}
1082 2807 1268 2850 efficeret:
1299 2823 1384 2849 cum
1407 2822 1499 2849 vero
1521 2822 1626 2848 arcus
1649 2807 1710 2848 ille
1730 2808 1860 2848 literae

134 2869 167 2913 Ε
190 2867 335 2908 incidat
366 2866 405 2906 in
436 2877 609 2906 centrum
639 2864 757 2904 nostri
788 2870 846 2913 O,
874 2863 972 2904 linea
993 2862 1054 2902 illa
1073 2875 1221 2905 tantum
1242 2863 1411 2917 conspici
1433 2863 1558 2917 potest
1578 2864 1617 2902 in
1641 2873 1747 2916 parte
1760 2861 1861 2913 fini-

117 2921 229 2976 stra,
257 2923 346 2962 licet
365 2921 461 2961 ultra
481 2920 663 2960 circulum
682 2919 917 2973 aliquantum
940 2917 1238 2972 protendatur.*
1295 2919 1407 2959 Haec
1425 2917 1478 2959 est
1498 2917 1560 2957 illa
1581 2917 1755 2967 Helena,
1786 2931 1859 2971 pro

127 2992 204 3033 qua
232 2975 537 3032 digladiabantur
566 2973 750 3028 Phrygii.
808 2973 1009 3027 Perpende
1027 2971 1122 3014 haec
1141 2987 1314 3026 mecum,
1343 2973 1484 3016 Lestor
1504 2972 1709 3023 benevole,
1740 2973 1860 3012 &mi-

127 3046 231 3085 rare,
260 3042 388 3073 tantos
409 3030 546 3071 flu&us
563 3029 603 3069 in
625 3028 787 3083 fimpulo
806 3028 961 3070 excitari
981 3027 1154 3083 potuisse.

1705 3083 1750 3124 Β.
1778 3082 1856 3122 Co-

234 3194 261 3224 *
289 3193 321 3240 Ε
408 3186 428 3205 ⁰
447 3190 523 3223 Vide
540 3197 644 3222 notam
660 3190 781 3231 paginae
799 3186 1043 3234 213subjest'am.
