1976 3519
98 207 148 235 20
479 186 1481 232 PROLEGOMENA.

95 313 121 334 „
149 282 197 323 rit
216 277 441 327 scribarum,
471 275 690 331 praesertim
722 275 1004 323 festinantium;
1033 273 1124 314 hinc
1145 273 1325 314 facillimo
1341 287 1468 314 errore
1487 277 1713 317 natumOE.
1743 276 1838 318 Cer-

96 368 123 389 „
153 349 192 378 te
219 334 378 390 quidem
401 334 442 373 in
471 332 679 386 exemplari
711 329 986 372 Alexandrino
1018 329 1170 379 nosti-0,
1198 329 1297 370 linea
1325 329 1394 369 ista
1414 329 1621 370 transversa
1644 344 1760 384 quam
1780 332 1838 372 lo·

97 424 125 445 ,‚
155 405 253 446 quor
278 388 377 430 adeo
407 388 512 428 exilis
535 401 579 428 ac
598 386 712 441 plane
732 384 895 426 evanida
916 385 995 435 est,
1024 396 1065 425 ut
1085 384 1212 438 primo
1234 383 1374 425 intuitu
1395 383 1499 424 haud
1524 383 1728 425 dubitarim
1747 387 1841 440 ipse,

97 475 126 499 ‚,
153 447 333 500 scriptum
363 447 438 484 ΟΣ
451 474 463 493 ,
483 441 590 497 quod
620 440 785 496 proinde
807 443 846 479 &
881 440 921 480 in
940 439 1128 480 variantes
1147 439 1351 479 Leuiones
1372 439 1612 493 conjeceram
1626 470 1637 489 ,
1652 439 1841 494 (maxime

98 534 125 555 ‚,
155 499 263 556 quod
282 498 458 540 audaculi
485 497 614 538 nescio
645 497 751 550 cujus
771 506 886 549 atque
906 493 1156 535 orthodoxifi
1169 494 1292 548 placet
1312 507 1468 535 manum
1487 493 1747 546 offenderam,
1775 497 1844 551 qui

100 586 127 609 „
156 555 265 611 quod
285 554 465 595 lineolam
487 553 595 593 istam
616 563 770 592 tenuem
790 549 894 590 haud
913 549 1160 599 observasset,
1190 549 1384 603 pinguiori
1405 550 1477 589 alia
1500 550 1539 589 in
1561 549 1693 591 medio
1715 551 1845 593 literae

98 641 126 665 „
156 612 295 661 ducta,
325 608 548 664 vii-gulaque
578 606 737 661 superna
763 616 977 664 atramegto
1005 603 1280 658 aliquantulum
1310 604 1526 655 incrassata,
1556 606 1701 646 curavit
1731 617 1773 646 ut
1800 619 1841 647 e-

100 707 127 728 „
159 673 338 715 mendate
368 672 555 726 legeretur
584 670 624 709 in
645 668 837 723 posterum
858 667 957 720 Θο.)
986 681 1119 708 verum
1140 666 1270 721 postea
1290 666 1515 720 perlustrato
1538 669 1719 709 attentius
1740 668 1845 720 loco,

101 763 130 783 „
158 730 343 778 lineolae,
374 741 472 781 quae
502 726 665 780 primam
686 725 807 765 aciem
828 722 996 778 fugerat,
1025 722 1162 763 ductus
1180 721 1368 776 quosdam
1391 736 1434 762 ac
1459 722 1616 778 vestigia
1636 722 1721 763 satis
1743 735 1846 764 certa

103 818 130 838 ,‚
158 782 420 839 deprehendi,
449 780 667 835 praesertim
689 778 739 819 ad
761 791 908 833 partem
928 777 1113 818 sinistram
1128 791 1225 830 ,qua
1239 777 1634 831 peripheriamliterae
1645 779 1845 834 pertingit,

101 873 129 893 „
158 839 407 881 luculentiora
429 836 551 876 multo
573 835 787 885 habiturus,
817 833 886 873 nisi
908 833 1074 873 obstaret
1093 832 1203 872 litura
1224 845 1340 886 quam
1361 832 1527 873 diximus
1549 832 1762 884 hodierna,
1803 834 1847 874 li-

159 895 293 936 neolae
311 889 688 945 isti-superindusta’'.

155 951 366 1004 Postquam
385 961 478 987 vero
501 949 541 984 ὃ(
560 943 662 998 ipse,
688 944 767 998 jam
787 955 875 984 ante
896 943 969 984 hos
988 943 1145 997 triginta
1171 941 1268 983 duos
1286 956 1428 989 annos,
1449 941 1644 983 Codicem
1665 942 1847 984 Alexan-

101 1007 255 1047 drinum
278 1000 536 1057 inspexissem,
555 1011 593 1040 et
610 1000 709 1040 inter
729 1000 873 1039 amicos
893 1009 1069 1054 rogatus,
1101 1011 1183 1046 me,
1198 997 1307 1051 quod
1329 997 1476 1038 Millius
1498 997 1534 1038 se
1554 997 1727 1039 secundis
1746 999 1846 1040 curis

103 1059 238 1103 vidisse
266 1058 364 1098 dixit
376 1056 528 1106 ‚videre
545 1069 624 1094 non
644 1054 806 1108 potuisse
825 1052 1067 1103 indicassem,
1095 1053 1272 1094 inventus
1291 1052 1345 1093 est
1363 1052 1521 1093 tandem
1534 1066 1754 1104 nonnemo,
1776 1055 1844 1108 qui

101 1116 229 1158 libello
261 1110 493 1154 Germanice
518 1109 627 1150 edito
658 1124 720 1150 me
753 1109 870 1150 dente
890 1109 1080 1149 maledico
1103 1119 1274 1161 carperet
1296 1107 1357 1148 his
1377 1107 1523 1149 verbis:
1554 1109 1625 1149 An
1644 1117 1774 1148 certus
1795 1107 1847 1161 cst

105 1171 281 1212 Codicem
306 1165 624 1209 Alexandrinum
645 1167 707 1204 ita
728 1163 889 1219 legiffe?
919 1163 1132 1219 Episcopus
1155 1162 1362 1203 Waltonus
1383 1171 1503 1218 atque
1525 1162 1737 1204 Milliusin
1747 1163 1848 1205 Ale-

102 1226 296 1267 xandrino
329 1223 502 1276 legerunt
537 1215 643 1268 Θεὸς,
676 1218 724 1265 &⁴
748 1219 909 1260 Millius
931 1218 1108 1273 quidem,
1133 1216 1334 1273 postquam
1350 1216 1473 1258 locum
1494 1219 1670 1273 repetitis
1690 1217 1847 1259 vicibus

104 1281 152 1329 dy
184 1277 463 1329 accuratzffi'me
497 1276 694 1331 inspexit:
724 1274 790 1314 hic
820 1283 951 1314 autem
981 1273 1105 1324 dicit,
1124 1274 1173 1326 st’
1199 1273 1246 1313 id
1262 1286 1337 1313 non
1359 1274 1422 1313 ita
1443 1272 1667 1328 comperzffe.
1726 1273 1847 1314 Utris

102 1337 296 1377 credemus
308 1365 319 1383 ‚
349 1347 400 1373 an
420 1331 544 1371 doctis
564 1330 647 1370 illis
671 1329 822 1384 Anglis
852 1343 903 1368 an
929 1342 1030 1369 novo
1051 1328 1144 1368 huic
1161 1326 1330 1368 Editori
1341 1327 1364 1369 ,Ρ
1394 1327 1438 1368 Si
1455 1327 1500 1368 de
1520 1327 1697 1369 doHrina
1717 1340 1849 1382 agere-

104 1402 193 1442 tur,
211 1389 340 1445 facile
371 1387 547 1443 expediri
568 1383 713 1439 poffet,
742 1386 826 1425 utri
846 1383 938 1438 effet
959 1382 1211 1424 credendum:
1241 1382 1323 1425 Sed
1336 1383 1471 1438 agitur
1493 1385 1604 1423 unice
1620 1383 1664 1423 de
1681 1383 1848 1437 testimo-

103 1450 166 1488 nio
187 1445 378 1486 oculorum
401 1451 519 1497 atque
539 1440 634 1491 fide,
667 1438 715 1485 ὠ
737 1439 829 1479 inde
847 1439 1000 1495 quidem
1008 1438 1123 1491 stant
1142 1437 1215 1478 duo
1241 1439 1327 1479 viri
1344 1437 1849 1494 accuratiffi'mi,qui,quo-

102 1505 183 1543 ties
213 1499 423 1544 volebant,
454 1496 594 1537 librum
627 1495 813 1550 inspicere
847 1493 895 1539 ἄν
920 1494 1155 1545 considerare
1170 1501 1385 1547 potuerunt
1398 1512 1412 1539 3
1442 1493 1535 1534 hinc
1553 1506 1649 1533 vero
1671 1507 1768 1534 unus
1782 1494 1849 1549 ju-

102 1558 219 1598 venis
239 1554 393 1603 audax,
422 1554 490 1608 qui
521 1550 688 1590 codicem
701 1580 713 1600 ,
741 1558 786 1590 ut
808 1551 871 1589 ita
892 1549 1043 1599 dicam,
1071 1562 1147 1589 non
1167 1550 1235 1588 niz
1256 1550 1299 1588 in
1321 1547 1488 1602 tranfitu
1508 1548 1632 1589 vidit.
1688 1548 1851 1590 Demus

100 1621 231 1654 autem
260 1623 337 1651 rem
366 1612 429 1649 ita
448 1607 495 1660 se
513 1604 651 1646 habere
671 1608 735 1645 uti
755 1603 880 1655 dicit,
912 1602 961 1650 ὅ)
981 1612 1135 1645 tenuem
1151 1602 1187 1643 il
1199 1617 1263 1644 am
1280 1602 1463 1644 lineolam
1484 1606 1636 1644 omnino
1666 1617 1742 1644 non
1761 1617 1846 1645 con-

100 1668 198 1723 spici
229 1665 295 1720 (in
326 1678 366 1703 eo
398 1665 500 1703 enim
531 1663 642 1700 unice
663 1661 848 1714 vetfiztur
867 1658 982 1699 cardo
999 1657 1280 1711 controversiae
1294 1689 1306 1709 ,
1336 1667 1470 1699 utrum
1484 1658 1561 1713 sub
1582 1671 1689 1698 nova
1706 1658 1849 1699 lineola

101 1719 258 1778 aliquid
284 1719 438 1760 veteris
463 1715 627 1756 lineolae
648 1719 893 1768 promineat,
921 1713 1026 1769 quod
1039 1713 1245 1753 contendit
1263 1713 1450 1766 Millius)
1479 1712 1578 1753 unde
1585 1713 1692 1766 scire
1704 1714 1828 1768 potest
1837 1744 1852 1765 ,

100 1777 165 1819 ubi
188 1788 293 1817 nova
315 1771 458 1813 lineola
479 1771 736 1825 conspicitur,
758 1771 877 1824 prius
898 1768 1020 1808 aliam
1038 1766 1086 1813 ὀ
1106 1780 1207 1807 nunc
1228 1767 1482 1807 obliteratam
1491 1781 1564 1808 non
1577 1766 1752 1821 extitiffe
1765 1781 1854 1820 ,cu-

92 1833 169 1890 jus
191 1829 298 1872 nihil
313 1827 483 1882 amplius
504 1832 690 1880 appareat
705 1854 716 1875 ,
745 1825 839 1878 quia
861 1836 968 1863 nova
990 1822 1093 1862 linea
1103 1821 1386 1876 superinduCt‘a
1408 1821 1489 1874 est?
1519 1822 1640 1872 unde,
1668 1824 1852 1879 inquam,

90 1889 199 1941 scire
224 1882 379 1939 potest,
397 1882 462 1921 hic
492 1893 568 1920 non
587 1880 786 1932 scriptum
806 1877 931 1932 fuiffe
958 1873 1044 1918 Θεὸς
1065 1877 1141 1931 fid
1160 1870 1192 1919 ὃς
1206 1897 1220 1923 ,-
1254 1877 1299 1918 Si
1321 1890 1382 1916 res
1398 1879 1461 1917 ita
1470 1877 1520 1930 ste
1538 1877 1693 1917 haberet
1706 1887 1751 1918 ut
1764 1880 1852 1925 ait,

103 1943 128 1984 i.
157 1957 189 1984 e.
206 1940 250 1992 st
263 1937 367 1980 nihil
384 1934 551 1989 amplius
571 1934 723 1973 veteris
744 1931 868 1972 lineae
885 1932 1188 1985 conspiceretur,
1216 1931 1299 1971 ideo
1317 1940 1533 1972 tamennon
1544 1931 1748 1987 legendum
1762 1933 1854 1987 effet

104 1993 159 2048 ὃς,
182 1995 259 2050 sed
274 1993 391 2034 codex
414 1987 717 2032 Alexandrinus
738 1988 891 2028 omnino
901 1984 1169 2042 seponendus,
1198 1985 1247 2032 ὠ·
1268 1987 1310 2027 in
1328 2000 1367 2026 eo
1389 2000 1459 2027 nec
1478 1986 1594 2027 lec‘lio
1614 1996 1770 2044 recepta
1781 2002 1852 2028 nec

104 2053 188 2093 alia
216 2050 306 2105 efflet
337 2043 579 2103 quaerenda,
597 2041 791 2098 siquidem
812 2042 916 2097 sciri
936 2054 1011 2082 non
1022 2041 1171 2096 posset,
1201 2050 1335 2083 utrum
1346 2041 1424 2096 sub
1447 2041 1520 2082 illa
1541 2042 1684 2083 lineola
1701 2042 1860 2099 aliquid

101 2110 291 2162 scriptum
310 2104 467 2157 fuerit,
497 2113 549 2140 an
570 2098 679 2140 non?
707 2099 796 2152 „Qui
826 2096 946 2138 aliter
958 2096 1170 2151 judicaret
1189 2131 1201 2149 ,
1229 2106 1302 2138 aut
1312 2097 1553 2153 profundam
1577 2100 1853 2153 criticesigno-

110 2164 309 2210 rantiam,
338 2170 454 2214 quam
477 2155 556 2210 ipst
576 2167 773 2207 nunquam
788 2152 1007 2206 fatebitur,
1035 2160 1130 2199 aut,
1159 2153 1266 2210 quod
1278 2166 1395 2194 unum
1405 2151 1601 2209 fitperest,
1624 2153 1856 2208 fingularem

109 2218 163 2259 ad
179 2217 375 2270 opiniones
390 2212 618 2265 peregrinas
641 2210 874 2251 Socinianas
894 2217 1015 2264 atque
1037 2206 1270 2249 Libertinas
1285 2207 1468 2262 proderet
1482 2207 1773 2264 propenfionem.

169 2273 278 2315 Haec
307 2269 362 2309 est
389 2266 579 2308 elaborata
607 2267 646 2306 8(
666 2263 868 2304 decantata
888 2263 950 2304 illa
968 2262 1109 2314 Crisis,
1137 2262 1179 2304 in
1199 2277 1275 2318 qua
1292 2274 1353 2304 tot
1374 2277 1474 2318 pene
1494 2265 1731 2318 reperiuntur
1754 2278 1858 2306 erro-

110 2337 285 2382 res'quot
306 2323 431 2365 verba.
488 2321 620 2361 Primo
642 2319 738 2359 nihil
760 2318 889 2360 causae
911 2317 1005 2369 fuit,
1036 2317 1281 2369 Waltonum,
1310 2319 1378 2373 qui
1412 2318 1535 2359 Biblia
1557 2319 1779 2374 Polyglotta
1792 2334 1859 2360 an-

111 2397 149 2425 te
178 2381 324 2430 edidit,
355 2391 472 2432 quam
496 2375 547 2416 ad
576 2373 842 2429 Episcopalern
877 2374 1107 2429 dignitatem
1127 2373 1372 2425 eveheretur,
1402 2374 1592 2428 appellare
1610 2374 1858 2431 Episcopum,

111 2438 180 2480 nisi
213 2449 254 2478 ut
284 2448 346 2475 me
378 2431 528 2473 Censor
558 2429 789 2485 petulantiae
815 2429 1067 2480 insimularet,
1095 2430 1163 2483 qui
1185 2428 1381 2484 Episcopo
1403 2429 1664 2470 contradicere
1682 2443 1765 2471 non
1789 2430 1859 2471 sim

112 2494 264 2535 veritus.
322 2489 433 2530 Haec
460 2501 552 2527 vero
581 2484 769 2526 accusatio
799 2485 840 2524 in
869 2496 984 2538 caput
1015 2484 1130 2538 ipsius
1162 2483 1308 2525 recidit.
1375 2484 1486 2526 Nam
1519 2498 1581 2525 me
1612 2485 1658 2524 ab
1688 2496 1861 2536 errante,

114 2549 232 2590 etiam
252 2545 299 2586 ab
320 2542 536 2597 Episcopo,
559 2540 753 2581 dissentire
774 2539 830 2581 fas
853 2542 892 2578 ὃ(
913 2541 997 2594 jura
1017 2540 1164 2581 sinunt:
1194 2551 1233 2580 at
1251 2539 1437 2581 nonlicet
1459 2539 1523 2580 ulli
1532 2539 1860 2590 homini,nedum

112 2602 333 2658 Episcopo,
361 2598 610 2652 opinionem,
642 2596 816 2649 inprimis
843 2609 1065 2646 erroneam,
1092 2593 1295 2649 affingere,
1327 2593 1435 2648 quod
1459 2593 1609 2635 Censor
1620 2594 1722 2635 facit.
1779 2596 1862 2635 Aut

114 2658 307 2714 proferat,
339 2653 366 2694 fi
386 2652 532 2706 potest,
561 2651 822 2691 testimonium
846 2650 1029 2691 Waltoni
1043 2681 1056 2701 ,
1087 2649 1136 2690 ad
1157 2663 1271 2705 quem
1294 2650 1334 2689 in
1354 2649 1427 2690 hac
1447 2649 1556 2690 causa
1583 2660 1662 2689 tam
1683 2648 1862 2690 audacter

115 2723 317 2768 provocat.
374 2708 414 2749 Si
444 2707 548 2747 dicat
577 2706 617 2746 in
649 2705 763 2746 editis
796 2720 817 2746 a
850 2705 1045 2746 Waltono
1068 2705 1182 2747 variis
1202 2704 1430 2746 lectionibus
1460 2704 1602 2745 nullam
1623 2704 1792 2758 conspici
1811 2704 1863 2744 ad

115 2770 221 2810 hunc
249 2767 379 2807 locum
406 2776 453 2803 ex
482 2761 636 2802 Codice
664 2759 929 2801 Alexandrino
952 2760 1201 2809 adnotatam;
1231 2758 1326 2814 quid
1346 2758 1422 2799 hoc
1443 2758 1493 2799 ad
1516 2759 1762 2810 Waltonum,
1792 2760 1861 2814 qui

116 2825 158 2865 in
177 2828 368 2877 apparatu
389 2818 490 2859 ultro
511 2816 589 2871 ipse
611 2815 769 2865 fatetur,
802 2829 882 2856 non
902 2815 939 2856 se
960 2826 1024 2856 aut
1037 2815 1316 2869 Episcoporum
1330 2814 1492 2868 aliquem
1507 2844 1519 2864 ,
1551 2812 1615 2854 sed
1645 2814 1863 2864 „Alexan-

114 2909 143 2931 „
171 2878 284 2918 drum
316 2872 502 2926 Huiffum
532 2872 568 2912 S.
598 2870 651 2912 T.
682 2871 726 2911 B.
755 2870 921 2911 Eclesiae
953 2868 1198 2911 Cathedralis
1229 2869 1435 2910 Wellensis
1453 2868 1790 2922 praebendarium,
1820 2884 1861 2911 e-

117 2960 146 2987 „
174 2930 346 2986 xemplar
366 2928 451 2970 MS.
487 2924 791 2967 Alexandrinum
813 2939 901 2966 cum
921 2926 975 2967 R.
1003 2924 1190 2979 Stephani
1208 2924 1266 2965 N.
1283 2923 1334 2964 T.
1364 2923 1536 2964 editione
1554 2923 1753 2965 contulisse
1766 2955 1780 2974 ,
1797 2939 1865 2966 va-

119 3019 148 3041 „
177 2989 394 3039 riantesque
415 2982 622 3031 lectiones,
649 2994 748 3035 quae
769 2979 922 3035 singulis
942 2980 1093 3036 paginis
1113 2989 1382 3034 apponuntur,
1423 2978 1625 3034 diligenter
1637 2979 1863 3034 collegisle'’.

119 3042 266 3098 Neque
294 3052 423 3082 tamen
451 3052 498 3079 ex
519 3036 668 3078 silentio
692 3034 828 3086 Huiffi
854 3035 1122 3090 consequitur,
1154 3033 1349 3075 Codicem
1380 3033 1683 3074 Alexandrinum
1703 3049 1725 3074 a
1744 3035 1866 3089 prima

121 3113 239 3140 manu
269 3093 477 3138 exhibuisse
496 3093 724 3142 lectionem,
753 3105 851 3145 quae
874 3104 977 3131 nunc
1000 3101 1152 3144 recepta
1171 3089 1236 3130 est.
1291 3089 1396 3129 Cum
1418 3089 1523 3129 enim
1543 3089 1615 3129 isto
1637 3089 1790 3130 Codice
1806 3088 1867 3130 fu-

122 3155 195 3197 erit
223 3152 331 3205 usus,
357 3149 562 3208 postquam
590 3147 646 3198 P,
674 3145 800 3201 Junii
830 3159 988 3189 manum
1005 3144 1303 3189 emendatricem
1321 3143 1412 3186 esset
1431 3142 1575 3198 passus,
1606 3143 1865 3199 deprehendit

1737 3198 1865 3240 Lecti·

102 928 128 950 ³²
