1976 3519
346 967 354 976 „
380 956 391 970 ν
458 933 570 973 Um
601 932 681 973 duo
711 933 912 994 praecipue
945 947 966 973 a
997 931 1104 972 bono
1134 932 1347 987 Interprete
1367 936 1625 997 requirantur,
1658 915 1784 995 primo
1803 939 1846 987 ut

393 1022 399 1030 x
435 989 481 1039 ,²-
512 989 624 1028 verba
643 988 870 1042 Scriptoris,
901 1002 1015 1042 quem
1036 987 1102 1027 sibi
1123 987 1235 1028 sumit
1243 1002 1426 1041 ,verm-is,
1440 991 1582 1034 deinde
1592 998 1846 1042 utverborum

372 1037 386 1054 ‘⁸
474 1038 482 1073 “,
513 1041 829 1098 fignificationem
851 1057 924 1097 pro
943 1043 1043 1085 virili
1064 1055 1188 1088 eruat;
1216 1045 1257 1083 in
1268 1055 1431 1099 utroque
1444 1046 1480 1086 se
1490 1049 1597 1089 multi
1609 1057 1846 1109 eorum,qui

318 1089 323 1099 “
367 1106 373 1113 ·
425 1104 481 1151 “2³3
516 1100 555 1138 jn
575 1096 739 1139 Novum
763 1098 918 1140 Foedus
938 1099 1208 1152 annotationes
1228 1099 1386 1143 scribere
1407 1101 1492 1142 sunt
1512 1106 1754 1158 aggrcssi,ita
1764 1125 1848 1164 ges·

356 1174 366 1182 -
386 1172 401 1181 w
513 1154 660 1203 serunt,
690 1165 731 1194 ut
760 1154 1034 1208 exspectationi
1053 1153 1261 1194 Ledorum
1281 1168 1412 1207 parum
1432 1156 1688 1202 satisfecerint.
1720 1165 1845 1219 Qiod

350 1256 362 1260 „
382 1248 387 1255 Ι
430 1242 448 1259 ³„
473 1212 479 1257 ᾲ
514 1210 616 1249 enim
648 1209 783 1248 attinet
804 1209 852 1248 ad
872 1208 1098 1249 Leffionem
1118 1223 1244 1249 veram
1264 1209 1363 1250 inter
1382 1222 1443 1251 tot
1462 1216 1502 1251 δε
1523 1225 1647 1256 tantas
1663 1218 1846 1263 librorum

154 1274 476 1311 ‹2³,2
512 1264 744 1313 variationes
770 1263 1065 1313 inveniendam,
1096 1275 1173 1304 tam
1201 1277 1333 1317 parum
1363 1265 1412 1305 de
1432 1281 1476 1306 ea
1498 1267 1649 1312 fuerunt
1673 1273 1846 1328 solliciti,

104 1334 148 1362 ut
169 1321 226 1361 vel
248 1320 298 1361 de
319 1320 395 1360 fide
415 1319 701 1376 typothetarum
724 1318 860 1368 securi,
890 1332 1159 1372 eaque,quam
1183 1318 1260 1359 fors
1270 1320 1481 1371 obtulerat,
1502 1323 1675 1368 editione
1685 1343 1847 1372 conten-

105 1377 156 1424 ti,
187 1376 309 1416 statim
331 1375 635 1429 interpretationi
658 1373 732 1414 sese
751 1375 1017 1427 accingerent,
1047 1373 1106 1413 vel
1129 1374 1246 1430 longe
1267 1376 1473 1416 maximam
1496 1378 1699 1423 variarum
1720 1385 1846 1428 Leffl-

105 1445 247 1481 onum’
276 1444 369 1484 quas
389 1445 479 1484 prae
505 1429 678 1469 manibus
697 1428 910 1477 habebant,
940 1440 1087 1482 partem
1112 1427 1412 1483 supprimerent,
1443 1446 1607 1486 quorum
1624 1434 1719 1478 illud
1740 1441 1802 1481 vix
1824 1458 1846 1484 a

104 1487 362 1541 negligentiae
387 1486 497 1539 culpa
529 1483 670 1524 absolvi
690 1484 837 1538 potest,
867 1482 966 1523 istud
986 1497 1078 1523 vero
1100 1482 1352 1538 suspicionem
1375 1488 1553 1539 praebet,
1582 1488 1654 1533 a'cfi
1678 1494 1737 1534 vel
1761 1510 1848 1550 par-

104 1544 202 1582 tium
225 1540 349 1581 studio
370 1541 429 1582 vel
452 1539 598 1581 invidia
619 1552 761 1579 merces
781 1538 862 1579 suas
883 1537 986 1579 nude
1005 1550 1120 1592 atque
1131 1551 1261 1592 aperte
1273 1539 1497 1593 spestandas
1508 1557 1726 1599 proponere
1736 1554 1848 1594 veriti

105 1595 278 1637 fuissent:
308 1596 373 1640 Ad
398 1595 555 1636 Sensum
586 1608 678 1635 vero
710 1593 935 1647 scriptorum
956 1594 1231 1648 exponendum
1254 1609 1391 1638 omnes
1411 1600 1588 1641 omnium
1608 1605 1848 1658 conjeeturas

105 1663 220 1705 atque
252 1652 458 1705 opiniones
488 1651 528 1690 in
560 1649 730 1690 medium
756 1649 1023 1699 contulerunt,
1052 1648 1171 1703 idque
1191 1650 1250 1691 vel
1272 1662 1379 1693 tanta
1400 1654 1605 1703 brevitate,
1635 1669 1677 1699 ut
1698 1660 1848 1705 obscuri

106 1707 264 1756 fierent,
291 1706 349 1747 vel
378 1717 485 1746 tanta
515 1718 640 1745 rerum
669 1708 709 1743 &
738 1705 946 1745 -verborum
977 1704 1090 1756 copia
1111 1737 1122 1753 ,
1162 1715 1205 1745 ut
1225 1705 1378 1746 lestoris
1407 1709 1578 1750 animum
1619 1712 1846 1770 obruerent,

105 1762 305 1814 multoque
337 1759 540 1800 redderent
574 1758 836 1807 incertiorem,
873 1771 989 1811 quam
1009 1757 1132 1797 fuerat
1152 1758 1311 1800 dudum.
1353 1761 1553 1816 Utrinque
1574 1765 1690 1820 igitur
1708 1771 1848 1815 vitatu-

106 1830 168 1857 rus
199 1816 333 1855 vitium
354 1842 366 1861 ‚
407 1817 446 1853 ὃς
477 1814 684 1853 accuratius
703 1843 716 1862 ,
754 1825 870 1866 quam
902 1811 1084 1852 hasten&
1119 1807 1262 1873 fastum
1289 1813 1344 1854 est
1364 1844 1377 1864 ,
1416 1817 1590 1871 undique
1622 1825 1848 1878 conquifitis

105 1871 334 1913 Leffiomm
367 1868 608 1910 varietatibus
624 1897 636 1916 ,
674 1880 798 1906 meam
827 1866 877 1906 de
894 1866 966 1905 illis
985 1865 1209 1906 sententiam
1231 1878 1285 1906 ita
1303 1867 1456 1910 decrevi
1476 1870 1624 1924 dicere,
1654 1888 1697 1917 ut
1716 1890 1847 1924 tamen

104 1927 224 1967 cuivis
254 1924 303 1965 de
335 1939 378 1965 ea
404 1937 444 1963 re
472 1923 661 1978 integrum
679 1920 914 1974 liberumque
934 1918 1186 1974 relinquerem
1201 1921 1414 1974 judicium,
1444 1927 1485 1964 &
1506 1926 1608 1969 illam
1630 1941 1780 1975 tantum
1799 1951 1847 1979 ex

103 1979 281 2022 omnibus
311 1979 464 2034 seligere
493 1976 872 2030 interpretationem,
914 1989 1013 2030 quae
1043 1974 1139 2015 mihi
1159 1987 1224 2016 aut
1255 1977 1367 2019 unice
1397 1994 1486 2020 vera
1515 1993 1580 2023 aut
1611 1988 1847 2033 verosimilli-

104 2050 167 2076 ma
197 2035 405 2076 videbatur,
460 2032 568 2075 Prius
597 2042 724 2073 autem
753 2045 869 2086 quam
899 2030 1009 2087 operi
1038 2042 1100 2071 me
1117 2031 1316 2088 accingam
1336 2063 1350 2084 ,
1390 2035 1579 2089 quaedam
1602 2041 1764 2094 praefari
1780 2060 1846 2089 ne-

101 2090 197 2133 cesse
223 2089 288 2131 est.

206 2202 274 2243 DE
309 2202 566 2242 Comcnms
603 2202 810 2241 GRAEcls
843 2200 1208 2241 Mmumnpns
1232 2201 1364 2242 Nov1
1387 2202 1734 2258 Tt-:sumnm

506 2269 764 2307 nonumque,
790 2268 891 2295 CUM
917 2256 1077 2296 Emns
1098 2256 1425 2298 CoLLATIONE.

111 2383 145 2410 1,
280 2367 428 2409 Odices
456 2368 595 2423 partim
627 2367 712 2409 sunt
741 2365 1018 2408 membranacei
1040 2398 1052 2418 ,
1084 2368 1222 2421 partim
1250 2366 1466 2412 chartacei.
1517 2373 1749 2420 Membrana
1782 2382 1844 2423 vel

176 2369 279 2478 C
307 2424 361 2463 est
391 2438 554 2478 purpura
576 2423 736 2473 inscita,
764 2420 824 2462 vel
846 2421 900 2462 sui
919 2422 1083 2471 coloris3
1112 2423 1325 2477 eademque
1344 2426 1403 2465 vel
1425 2429 1578 2469 tenuior
1598 2431 1658 2472 vel
1680 2434 1843 2479 craffior.

161 2481 309 2521 Charta
340 2479 430 2519 item
460 2479 519 2519 vel
539 2478 593 2519 est
614 2478 846 2531 bombycina
869 2477 928 2519 vel
948 2478 1186 2528 communis,
1216 2492 1338 2533 eaque
1357 2481 1479 2523 rursus
1501 2484 1561 2525 vel
1581 2484 1767 2544 laevigata
1788 2502 1846 2538 at-

108 2549 182 2590 que
202 2534 392 2588 expolita,
423 2534 481 2574 vel
504 2546 618 2574 notae
637 2533 845 2574 deterioris-

165 2590 328 2630 Codicis
357 2589 395 2628 in
427 2589 647 2629 membrana
681 2601 871 2643 purpurea
902 2586 1080 2643 descripti
1109 2587 1189 2629 duo
1220 2600 1369 2631 tantum
1391 2591 1588 2647 supersunt
1608 2596 1847 2655 fragmenta}

108 2645 279 2686 Londini
310 2657 450 2694 unum,
480 2644 657 2685 Viennae
686 2643 867 2693 alterum,
896 2642 947 2683 de
966 2645 1102 2698 quibus
1121 2642 1219 2684 infra
1238 2647 1447 2689 accuratius
1465 2661 1619 2703 agetur,
1648 2668 1747 2708 quae
1765 2657 1845 2699 fine

107 2701 227 2740 dubio
268 2699 353 2740 sunt
381 2697 633 2753 antiquissima
654 2733 664 2748 ‚
715 2702 751 2738 &
786 2697 1033 2752 descriptioni
1063 2698 1394 2754 Hieronymianae
1424 2705 1556 2746 exaae
1583 2708 1841 2763 respondent,

107 2756 174 2810 qui
200 2753 315 2808 praef,
345 2755 384 2794 in
408 2753 499 2807 Job.
534 2784 560 2804 „
591 2754 776 2804 habeant,
806 2754 955 2808 inquit,
983 2754 1050 2808 qui
1077 2753 1234 2805 volunt,
1275 2769 1422 2799 veteres
1441 2758 1558 2801 libros
1578 2764 1637 2804 vel
1661 2766 1702 2805 in
1722 2780 1843 2807 mem-

106 2841 134 2861 „
163 2810 289 2850 branis
318 2809 515 2864 purpureis
543 2824 635 2850 auro
654 2821 891 2864 argentoque
911 2808 1147 2863 descriptos,
1176 2810 1237 2850 vel
1257 2812 1486 2863 uncialibus,
1517 2827 1559 2856 ut
1580 2818 1696 2873 vulgo
1711 2821 1842 2874 ajunt,

107 2895 134 2915 a,
163 2865 279 2906 literis
311 2878 428 2905 onera
454 2864 574 2917 magis
599 2876 749 2904 exarata
779 2877 896 2918 quam
916 2864 1112 2915 Codices,
1140 2863 1360 2907 dummodo
1380 2868 1477 2909 mihi
1495 2872 1666 2927 meisque
1686 2878 1843 2928 permit-

108 2949 135 2970 „
163 2931 267 2969 tant,
298 2932 480 2973 pauperes
500 2919 637 2960 habere
658 2919 878 2969 schedulas,
907 2921 947 2959 &
968 2933 1049 2960 non
1069 2931 1147 2960 tam
1169 2920 1349 2974 pulchros
1370 2923 1563 2973 Codices,
1587 2942 1703 2982 quam
1713 2945 1843 2972 emen-

111 3004 138 3024 „
167 2975 311 3014 datos”.
367 2974 606 3028 Hujusmodi
624 2988 780 3028 quoque
800 2974 1042 3015 membranae
1063 2988 1274 3029 purpureae
1296 2977 1354 3018 vel
1377 2978 1531 3021 chartae
1562 2984 1746 3035 puniceae
1765 2986 1842 3027 five

113 3028 303 3069 violaceae
332 3029 552 3082 inscriptum
581 3029 663 3069 vidi
691 3029 914 3070 Psalterium
947 3030 1163 3079 Graecum,
1192 3033 1232 3069 ὃς
1251 3031 1353 3073 aliud
1382 3034 1586 3088 Latinum,
1616 3052 1779 3093 quorum
1798 3041 1842 3080 il-

106 3082 173 3123 lud
203 3083 341 3136 Tiguri
369 3085 410 3125 in
442 3083 682 3126 Bibliotheca
719 3084 880 3136 Civica,
909 3084 987 3126 hoc
1016 3099 1109 3127 vero
1137 3085 1288 3127 Parisiis
1306 3087 1347 3128 in
1366 3089 1566 3133 Coenobio
1585 3092 1624 3134 S.
1653 3094 1842 3136 Germani

105 3137 318 3181 asservatur.
1001 3195 1038 3237 Α
1792 3202 1815 3245 1

1816 3218 1842 3247 n
