1976 3519
132 231 214 270 214
487 211 1489 256 PROLEGOMENA.

134 302 343 349 accusaret,
373 300 482 356 quod
503 303 627 341 etiam
643 303 818 353 integros
827 301 967 355 sacros
988 299 1143 340 ordines
1164 296 1356 337 cavillari
1385 295 1563 350 religioni
1583 297 1681 338 mihi
1700 312 1773 340 non
1790 299 1860 340 du-

136 362 261 399 xerim
284 381 294 406 3
325 371 411 398 cum
434 360 471 396 δε
494 357 561 397 iste
581 356 680 397 ordo
701 355 800 396 sacer
819 371 898 396 non
921 356 1011 396 esset
1034 358 1203 408 integer,
1234 356 1273 393 &
1296 352 1373 393 dux
1393 354 1474 406 ejus
1494 353 1584 394 esset
1611 366 1711 394 certe
1741 364 1865 394 extra

135 414 310 454 ordinem
333 428 340 451 τ
372 427 442 452 nec
462 410 724 466 dubito,quin
746 411 823 463 ipse
844 410 915 450 Vir
935 409 1110 459 Illustris,
1139 410 1254 449 etiam
1271 408 1385 448 altera
1406 419 1510 462 parte
1529 407 1656 448 audita
1676 409 1859 463 causaque

135 469 314 522 cognita,
344 467 388 507 fit
412 469 752 520 pronunciaturus,
782 465 881 505 hanc
902 466 1119 506 societatem
1140 477 1218 503 non
1241 463 1416 503 ordinem
1439 462 1583 503 sacrum
1603 475 1667 503 aut
1693 478 1862 504 conven-

135 536 217 565 tum
238 522 561 568 Ecclesiasticum,
592 521 655 561 sed
677 521 1006 562 conventiculum
1026 520 1153 572 potius
1174 522 1213 557 &
1234 516 1369 558 Σύνοὸον
1398 518 1560 568 >inq-pinzi
1581 517 1696 558 fuiss‘e.
1752 517 1864 571 Qud

136 578 244 633 quod
267 579 333 618 iste
354 578 583 617 Conventus
604 575 881 616 Ecclefiasticus
902 577 953 616 ita
973 575 1098 615 ἀίξὶυε
1121 574 1192 615 fuit
1214 573 1341 626 regula
1372 572 1528 624 Lesbia,
1558 572 1595 613 se
1616 572 1694 627 ipsa
1716 573 1868 613 alternis

136 634 289 687 longior
319 636 354 672 &
386 632 535 672 brevior
554 659 566 678 ‚
596 645 681 671 cum
714 630 828 670 libelli
862 631 1048 684 supplices
1077 628 1321 683 Magistratui
1341 629 1487 684 ingenti
1523 642 1683 669 numero
1703 627 1866 668 exhibiti

140 689 263 730 modo
285 703 306 728 a
329 687 547 737 sex,modo
567 701 588 726 a
612 686 804 739 quinque,
836 686 957 725 modo
980 700 1000 725 a
1021 683 1338 738 quatuor,modo
1358 698 1378 723 a
1399 684 1515 724 tribus
1534 715 1546 733 ,
1577 683 1699 724 modo
1729 698 1750 723 a
1771 682 1871 724 duo-

138 747 208 786 bus
221 771 230 789 ,
260 743 381 783 modo
402 743 448 782 ab
470 755 548 782 uno
562 773 573 792 ,
603 740 725 780 modo
752 755 773 779 a
795 741 946 781 nemine
967 739 1279 780 subscriberentur
1292 766 1302 784 ‚
1315 742 1353 777 &
1374 738 1638 792 subscriptores
1658 738 1868 792 aliquando

139 800 304 855 graviter
336 797 558 838 testarentur
578 828 588 846 ,
617 795 730 835 etiam
752 809 819 835 eos
840 797 905 851 qui
936 810 956 835 a
976 795 1187 834 Conventu
1215 793 1434 845 abfuerant,
1465 797 1503 833 &
1524 794 1712 835 Libellum
1741 809 1812 834 nec
1837 792 1874 833 lc

139 866 273 912 gerant
295 868 365 893 nec
394 851 568 892 viderant
588 881 599 899 ,
631 850 735 889 illum
754 863 881 891 tamen
902 864 968 904 per
987 850 1118 889 omnia
1140 848 1352 902 approbare
1372 852 1388 888 ?

194 910 232 949 Si
259 909 325 962 qui
359 907 486 947 adhuc
513 905 605 945 falso
637 905 867 946 Conventus
897 905 1143 945 Ecclefiastici
1175 904 1333 944 nomine
1352 934 1364 954 ,
1398 907 1436 943 &
1468 904 1614 958 ingenti
1628 903 1872 945 ‘confidentia

140 963 339 1016 Theologi
358 961 647 1002 extraordinarii
667 960 838 1000 volentes
860 960 1123 1014 decipiuntur,
1145 958 1406 1012 decipiantur;
1427 958 1583 999 videant
1602 970 1750 1009 tamen,
1763 973 1811 1000 ne
1830 960 1870 1000 in

141 1021 226 1060 illos
256 1016 416 1071 quadret
437 1015 641 1070 Apologus
665 1013 841 1069 Jothami
872 1016 921 1055 de
943 1016 1105 1055 rhamno
1134 1013 1271 1066 Judt'c.
1301 1013 1373 1054 IX.
1405 1014 1485 1053 Hic
1516 1029 1607 1054 vero
1637 1026 1760 1055 tacere
1789 1028 1871 1054 non

141 1075 286 1122 debe0,
301 1072 486 1125 plurimos
509 1071 751 1111 autoritatem
771 1070 874 1110 illam
894 1069 1194 1111 adversariorum
1217 1083 1389 1109 meorum
1407 1072 1445 1108 Sc
1462 1069 1523 1122 jus
1542 1069 1738 1120 divinum,
1767 1068 1877 1124 quod

143 1130 180 1169 se
201 1129 339 1168 habere
356 1127 504 1179 Ja&ant
523 1156 534 1176 ‚
564 1124 822 1175 contemsisse,
853 1130 892 1165 &
913 1125 962 1165 de
984 1138 1046 1165 me
1067 1125 1192 1178 deque
1212 1124 1283 1164 illis
1305 1124 1420 1179 longe
1442 1125 1548 1165 aliter
1568 1127 1607 1163 &
1628 1125 1765 1166 restius
1794 1124 1874 1165 sen-

142 1183 233 1225 fiffe.
263 1182 430 1222 Primum
446 1180 619 1234 produco
640 1180 892 1236 quadraginta
914 1192 990 1221 tres
1009 1192 1133 1233 patres
1155 1179 1316 1219 familias
1336 1194 1381 1220 ex
1403 1191 1514 1220 coetu
1535 1180 1753 1229 me0,inter
1775 1193 1874 1234 quos

142 1250 250 1280 erant
271 1249 434 1291 quatuor
453 1237 675 1285 Senatores,
707 1237 772 1290 qui
794 1234 972 1289 scriptum
993 1235 1174 1275 horribile
1202 1235 1242 1274 in
1264 1248 1325 1275 me
1344 1233 1472 1275 triduo
1501 1247 1589 1276 ante
1617 1235 1781 1290 praelegi
1809 1249 1874 1274 au-

142 1295 341 1340 diverant,
372 1292 433 1332 sex
455 1291 662 1332 ducentum
683 1292 776 1341 viri,
807 1293 900 1346 quin
929 1294 969 1330 &
991 1288 1070 1344 ipse
1090 1289 1214 1330 affinis
1243 1289 1306 1329 Cl.
1326 1290 1447 1344 Frey,
1463 1289 1536 1329 fori
1551 1289 1740 1343 judicialis
1769 1289 1875 1330 asses-

143 1350 215 1390 sor.
272 1348 327 1388 Hi
348 1360 481 1387 omnes
502 1346 621 1387 officii
652 1346 703 1387 sui
734 1347 807 1386 esse
837 1346 1118 1396 existimarunt,
1149 1358 1191 1387 ut
1213 1344 1391 1385 affectum
1412 1359 1501 1398 erga
1533 1356 1729 1398 parentem
1756 1357 1871 1398 atque

141 1419 204 1445 me
226 1403 326 1443 illico
348 1402 570 1443 testarentur
600 1402 676 1441 hoc
694 1401 821 1442 libello
845 1401 1002 1455 supplici
1031 1400 1068 1442 d,
1103 1413 1166 1452 17.
1197 1401 1291 1440 Dec.
1329 1412 1448 1452 1729.
1477 1401 1660 1440 exhibito.
1716 1430 1742 1450 „
1772 1400 1874 1440 Non

142 1491 168 1511 „
199 1459 275 1499 fine
296 1457 430 1497 dolore
451 1457 703 1497 intelleximus
723 1490 734 1507 ,
764 1457 984 1497 Diaconum
1017 1455 1187 1496 nostrum
1215 1454 1265 1495 de
1285 1455 1404 1495 Libro
1433 1454 1602 1509 quodam
1629 1455 1802 1505 Graeco,
1834 1457 1874 1493 &

146 1547 172 1566 ‚,
203 1512 428 1568 quibusdam
451 1524 539 1552 ante
559 1512 774 1565 complures
795 1525 916 1551 annos
937 1526 959 1551 a
980 1509 1152 1551 studiosis
1171 1510 1339 1564 exceptis
1368 1510 1744 1563 interpretationibus
1768 1508 1873 1562 apud

140 1598 166 1622 ‚,
200 1567 480 1622 Amplissimum
501 1566 678 1607 ordinem
700 1568 863 1622 graviter
881 1566 1094 1607 accusatum
1110 1592 1121 1611 ,
1149 1564 1324 1619 adeoque
1345 1565 1392 1605 ab
1413 1565 1532 1606 officii
1553 1564 1606 1605 sui
1636 1564 1873 1605 administra-

141 1655 167 1677 „
199 1626 305 1665 tione
336 1622 461 1675 (salvo
497 1633 625 1662 tamen
646 1621 797 1662 honore
830 1621 921 1674 suo)
951 1621 1132 1675 tantisper
1161 1632 1351 1660 remotum
1372 1619 1509 1661 fuisse:
1538 1634 1635 1674 quae
1654 1634 1712 1660 res
1743 1634 1879 1673 paren·

145 1707 171 1727 „
200 1691 277 1719 tem
296 1678 399 1731 ejus,
413 1677 607 1717 Pastorem
629 1677 798 1716 nostrum
811 1703 821 1721 ‚
840 1677 893 1715 ita
914 1676 1082 1716 affecerit
1102 1686 1144 1715 ut
1164 1675 1240 1715 hoc
1260 1688 1383 1715 rerum
1401 1676 1497 1715 statu
1513 1689 1670 1715 munere
1695 1674 1761 1724 suo
1790 1674 1874 1716 fun—

143 1766 170 1786 „
199 1734 238 1788 gi
259 1746 341 1772 non
366 1730 487 1784 possit.
545 1730 658 1771 Nulli
681 1730 839 1784 quidem
867 1730 1083 1771 dubitamus
1102 1760 1114 1780 ,
1145 1729 1357 1770 accusatum
1375 1760 1388 1780 ,
1419 1743 1535 1784 quam
1567 1730 1730 1783 primum
1755 1730 1791 1770 se
1809 1729 1877 1770 de-

141 1821 168 1841 „
201 1786 385 1829 fendendi
410 1785 479 1840 ipsi
495 1784 584 1825 data
609 1784 721 1826 fuerit
740 1785 918 1836 facultas,
941 1785 1174 1826 inocentiam
1195 1784 1296 1825 suam
1317 1785 1415 1825 clare
1434 1783 1874 1826 demonstraturumzsed

146 1876 172 1896 „
202 1842 458 1898 gravissimum
481 1840 592 1880 nobis
614 1839 690 1891 est,
719 1841 872 1881 interim
894 1855 965 1881 nos
988 1844 1027 1880 &
1048 1840 1185 1880 liberos
1206 1840 1357 1881 nostros
1377 1844 1416 1879 &
1445 1852 1622 1895 aegrotos
1651 1841 1790 1894 privari
1818 1842 1876 1880 in-

144 1931 170 1951 „
203 1899 425 1946 ssruffione,
457 1895 748 1940 admonitione,
778 1898 818 1935 &
839 1895 974 1936 solatio
996 1896 1194 1936 amborum
1216 1895 1319 1935 verbi
1340 1894 1462 1935 divini
1483 1896 1738 1936 ministrorum
1762 1896 1873 1936 nobis

145 1986 170 2006 ‚‚
201 1952 493 2000 carissimorum‚
508 1950 574 2004 qui
596 1951 646 1990 ita
659 1949 836 1990 omnibus
856 1950 967 1990 nobis
986 1949 1244 1990 satisfecerunt
1260 1981 1272 2000 ,
1293 1961 1334 1990 ut
1355 1964 1470 1991 nemo
1494 1951 1650 1996 habeat,
1663 1951 1769 2004 quod
1781 1964 1874 1990 con-

145 2041 171 2061 „
203 2018 389 2063 queratur.
419 2005 591 2059 Ideoque
612 2004 880 2058 suppliciter&
894 2004 1085 2046 humiliter
1105 2005 1426 2059 petimus,velitis
1444 2005 1588 2046 distum
1603 2006 1768 2046 nostrum
1783 2007 1876 2046 Dia-

145 2095 171 2116 „
199 2076 340 2104 conum
361 2063 411 2101 ita
433 2061 643 2109 restituere,
656 2071 697 2100 ut
718 2062 873 2101 munere
886 2060 952 2101 suo
972 2061 1108 2102 iterum
1129 2059 1238 2115 fungi
1257 2059 1517 2114 posfit,utque
1537 2060 1634 2101 adeo
1652 2074 1724 2101 nos
1739 2060 1874 2101 festum

145 2151 171 2175 „
201 2119 341 2159 instans
361 2116 449 2156 laeti
471 2119 509 2155 δε
529 2114 742 2155 concordes
762 2115 972 2165 celebrare,
1011 2119 1051 2157 ὃς
1073 2129 1217 2157 annum
1236 2116 1276 2156 in
1298 2129 1390 2169 pace
1411 2114 1584 2156 claudere
1604 2114 1818 2169 possimus'’.

208 2187 240 2213 2.
273 2176 374 2213 Cum
397 2185 489 2211 vero
510 2169 710 2210 adversarii
729 2171 805 2211 mei
825 2170 1115 2224 triumphassent
1144 2171 1195 2224 (si
1224 2171 1386 2210 omnino
1416 2171 1511 2211 bella
1537 2171 1725 2225 ejusmodi
1743 2171 1878 2212 Theo·

145 2230 270 2284 logica
292 2227 507 2281 triumphos
527 2225 665 2266 habere
686 2225 890 2280 possunt,)
923 2226 1207 2280 effecissentque
1228 2238 1270 2267 ut
1289 2226 1416 2267 locum
1436 2240 1563 2266 meum
1595 2227 1687 2266 alius
1713 2241 1879 2279 occupa-

148 2298 204 2326 ret
219 2320 227 2334 ‚
252 2281 395 2323 disceffi
417 2284 455 2322 in
468 2281 644 2335 Belgium
663 2281 843 2321 invitatus
862 2296 883 2321 a
901 2281 1075 2335 cognatis
1094 2282 1260 2330 meis3in
1279 2296 1442 2336 quorum
1463 2281 1689 2336 bibliopolio
1701 2296 1785 2322 cum
1800 2280 1876 2325 for-

146 2352 184 2380 te
205 2337 414 2379 incidissem
436 2338 474 2376 in
494 2337 687 2376 Pastorem
711 2336 907 2377 Seniorem
934 2336 1292 2377 Remonstrantium
1313 2336 1744 2381 Amstelodamensium,
1772 2336 1810 2376 is
1831 2350 1878 2377 ue

150 2395 282 2435 audito
307 2420 316 2439 ‚
348 2393 449 2445 cujas
469 2392 604 2441 estem,
635 2391 941 2432 moderationem
959 2392 1114 2432 celebris
1133 2390 1332 2447 Theologi
1365 2391 1575 2432 Basilienfis
1611 2352 1878 2446 praedicasset,

147 2465 208 2490 me
237 2462 328 2489 vero
358 2458 504 2501 praeter
531 2446 852 2500 exspectationem
874 2461 955 2486 non
977 2446 1196 2501 applaufiss'e
1226 2447 1381 2488 miratus
1402 2446 1526 2487 fuisset
1544 2478 1556 2498 ,
1586 2459 1628 2488 ut
1657 2448 1743 2501 post
1770 2448 1880 2487 meri-

147 2505 252 2545 diem
274 2502 322 2543 ad
343 2502 463 2555 ipsum
487 2502 733 2542 convenirem
752 2533 763 2552 ,
791 2503 966 2556 rogavit3
996 2501 1105 2556 quod
1127 2504 1164 2540 &
1192 2500 1286 2553 feci,
1308 2505 1370 2552 &,
1399 2502 1551 2556 qualem
1580 2502 1637 2542 vir
1658 2502 1719 2542 ille
1750 2502 1880 2542 mode-

149 2560 337 2599 rationem
360 2557 455 2596 mihi
477 2556 721 2607 exhibuisset,
741 2557 869 2597 multis
890 2558 1171 2611 narravi-,quae
1191 2571 1278 2598 cum
1298 2557 1367 2611 ipfi
1390 2556 1626 2598 incredibilia
1646 2556 1879 2608 viderentur,

149 2613 303 2668 promisi
315 2626 375 2652 me
392 2613 486 2652 Asta
508 2612 605 2664 ipsa,
620 2612 867 2667 aTheologis
887 2612 958 2652 illis
979 2612 1206 2666 propediem
1225 2611 1377 2653 edenda
1389 2644 1400 2664 ‚
1416 2626 1530 2666 quam
1552 2613 1716 2665 primum
1734 2627 1780 2653 ex
1794 2626 1883 2665 pro-

148 2670 259 2709 ximis
291 2667 472 2707 nundinis
494 2665 871 2708 Francofortensibus
891 2668 1131 2721 accepissem,
1163 2681 1249 2707 cum
1268 2667 1351 2721 ipso
1368 2669 1745 2707 communicaturum.
1775 2667 1882 2706 Post-

150 2738 265 2778 quam
288 2736 378 2762 vero
401 2722 461 2760 illa
486 2723 583 2761 Aeta
605 2722 703 2761 vidit
726 2752 737 2771 ,
766 2722 891 2762 statim
912 2737 956 2763 ea
979 2726 1019 2761 ὃ(
1039 2736 1126 2762 cum
1149 2721 1322 2776 Collegis
1350 2722 1669 2772 communicavit,
1700 2725 1739 2760 ὃ(
1761 2722 1886 2762 Rote·

151 2779 352 2820 rodamum
374 2788 487 2829 atque
511 2776 765 2830 Ultrajeffihim
790 2776 912 2821 milit,
943 2780 983 2816 &
1005 2776 1054 2817 de
1075 2791 1160 2822 me,
1191 2776 1298 2830 quod
1319 2777 1448 2830 postea
1467 2775 1597 2816 rescivi
1618 2807 1629 2826 ,
1659 2787 1701 2816 ut
1722 2777 1761 2816 in
1781 2776 1886 2816 serni-

150 2834 259 2873 natio
282 2831 638 2873 Remonstrantium
660 2831 845 2872 studiosos
864 2831 1138 2886 Philosophiae
1159 2830 1546 2881 docerem,&virum
1569 2830 1727 2885 C1.JO.
1759 2832 1884 2872 CLE-

152 2887 374 2935 RICUM,
404 2886 530 2925 labore
550 2889 587 2924 &
606 2886 710 2926 senio
733 2898 812 2926 tum
835 2901 956 2940 prope
975 2887 1134 2927 frafimm
1154 2898 1268 2940 atque
1288 2886 1544 2936 debilitatum,
1557 2885 1786 2927 sublevarem
1799 2917 1810 2937 ,
1828 2886 1882 2927 se-

150 2945 209 2983 rio
225 2943 392 2998 cogitare
414 2941 565 2994 coepit,
594 2942 797 2995 effecitque
817 2943 973 2982 tandem
996 2954 1038 2983 ut
1061 2940 1307 2982 Cl.Clericus
1327 2941 1453 2982 mense
1466 2941 1587 2994 Junio
1615 2955 1687 2995 173
1703 2956 1733 2982 1.
1764 2942 1885 2982 hone-

151 2999 246 3038 stam
279 2995 490 3035 miffionem
525 3006 670 3048 peteret
691 2997 954 3050 acciperetque
967 3024 977 3042 ‚
999 3012 1073 3050 ego
1094 3012 1187 3037 vero
1206 2998 1246 3037 in
1266 2997 1347 3050 ejus
1368 2996 1493 3037 locum
1515 2996 1736 3051 surrogarer.
1767 2995 1885 3037 Simul

151 3064 278 3093 autem
298 3051 392 3090 mihi
413 3049 670 3103 significarunt
691 3051 867 3104 Delegati
891 3051 992 3091 Rev.
1015 3053 1229 3093 societatis
1247 3050 1599 3103 Remonstrantium
1611 3053 1670 3102 ,se
1686 3051 1883 3092 consilium

154 3106 311 3162 quidem
338 3119 464 3146 meum
485 3106 525 3144 in
550 3105 840 3159 Prolegomenis
867 3106 1081 3159 expositum
1110 3118 1273 3159 utroque
1292 3107 1430 3161 pollice
1460 3107 1618 3160 probare
1637 3138 1648 3157 ,
1678 3107 1742 3147 sed
1761 3105 1888 3159 legisse

156 3164 272 3204 etiam
291 3161 402 3204 Aera
425 3159 721 3214 Theologorum;
752 3160 841 3201 licet
863 3175 955 3202 vero
988 3161 1039 3202 de
1070 3162 1292 3204 innocentia
1321 3175 1405 3203 mea
1427 3165 1465 3202 ὃς
1486 3162 1662 3203 futilitate
1691 3161 1894 3220 accusatio-

1825 3226 1884 3254 nis
