1976 3519
424 219 1414 267 PROLEGOMENA.
1726 237 1802 265 211

78 311 105 362 ,ᾗ
132 319 317 363 quaerunt
339 335 350 354 ‚
379 307 454 349 esse
474 308 552 349 fide
572 308 711 364 dignos
723 308 759 347 ”.
815 320 861 348 ex
879 306 950 346 alia
969 306 1138 350 eiusdem
1161 308 1330 362 Epistola
1349 311 1507 351 nornine
1528 309 1715 352 Ecclesiae
1734 311 1806 351 Ti-

75 367 230 420 gurinae
256 365 395 417 scripta
417 378 436 403 2
453 378 480 404 7.
513 364 612 416 Maji
637 376 683 415 ¹7
693 376 754 416 33.
792 393 817 412 ,‚
848 361 1009 402 Doffiff.
1037 362 1156 402 filium
1179 375 1284 403 tuum
1307 365 1345 403 in
1364 379 1533 406 errorum
1553 366 1804 420 suspicionem

75 447 101 466 ,,
130 420 226 460 bene
251 418 450 460 fundatam
471 418 572 471 apud
594 432 665 457 nos
684 415 856 457 incidisse
876 451 886 466 ,
920 417 1004 470 quis
1024 418 1217 457 mirabitur
1234 450 1245 468 ,
1277 416 1302 457 fi
1330 419 1517 472 imprimis
1534 422 1804 475 perpenderit,

74 505 101 526 „
131 489 188 515 res
209 471 276 515 has
295 490 316 514 a
347 473 578 513 Venerando
598 472 647 511 ad
669 472 860 512 causarum
886 470 1142 525 religiosarum
1173 474 1438 526 cognitionem
1459 475 1641 516 ordinato
1662 480 1698 517 δε
1722 489 1804 517 tum

72 560 100 580 „
127 530 284 584 quidem
305 528 507 581 temporis,
535 539 740 580 antequam
759 526 929 567 discessio
957 525 1080 567 fuisset
1110 526 1208 567 fasta
1230 555 1241 574 ‚
1272 529 1423 582 integro
1455 530 1636 584 Collegio
1655 559 1666 578 ,
1695 532 1805 572 omni

74 612 101 635 „
129 585 299 625 adhibita
329 597 416 623 cura
443 581 634 635 longaque
657 582 840 634 temporis
869 591 977 621 mora
996 582 1237 635 investigatas
1257 586 1296 622 &
1319 583 1516 624 nobiscum
1546 588 1804 627 communica-

73 666 100 689 2,
129 652 185 681 tas
205 639 311 681 fuisse
329 638 344 678 ?
373 637 518 678 Verum
539 649 624 676 cum
641 635 797 688 *ludices
815 638 853 676 in
873 635 980 676 causa
1010 636 1082 675 hac
1115 649 1229 691 atque
1248 637 1496 691 Inquisitores
1522 653 1648 694 neque
1667 640 1802 692 fimus,

72 725 100 745 ,‚
131 708 255 748 neque
274 692 348 733 ess‘e
366 689 525 732 velimus
543 722 554 740 ,
583 688 722 731 fastam
739 690 818 743 jam
850 688 982 731 causae
1008 692 1274 746 cognitionem
1298 707 1369 733 nec
1398 708 1578 735 revocare
1599 710 1669 735 nec
1704 697 1803 749 inju-

72 779 98 802 „
130 749 247 789 stiriae
266 761 420 801 arguere
432 760 503 786 nos
523 745 638 786 diffiti
660 745 852 800 possumus
865 767 877 792 ‚-
900 760 997 800 quae
1016 745 1124 786 causa
1142 760 1297 801 quoque
1317 748 1429 788 nobis
1445 748 1593 803 semper
1613 749 1758 796 fuit‚ut
1780 766 1803 792 a

70 831 98 854 ‚,
127 803 370 858 singularibus
389 800 480 841 inde
497 802 592 841 ortis
610 801 833 856 agitatisque
847 797 1128 855 quaestionibus
1142 802 1361 855 judicandis
1380 805 1531 857 penitus
1551 819 1623 846 nos
1642 806 1804 847 abstinc-

66 889 94 910 „
122 872 162 898 re
181 889 192 907 ,
222 859 262 896 ¹&
291 870 415 897 rerum
446 856 580 896 harum
604 856 889 910 inquisitionem
923 857 1102 910 legitimis
1132 858 1280 898 arbitris
1308 857 1520 912 relinquere
1543 860 1655 903 satius
1685 863 1802 919 longe

70 940 97 962 ,,
125 912 342 953 duxerimus
359 915 392 952 ’'.
447 912 561 964 Qae
587 910 614 950 sl
643 911 740 951 bene
769 911 943 965 intelligo
960 941 973 961 ,
1005 911 1219 965 significant
1239 944 1250 963 ,
1281 926 1361 953 non
1392 927 1441 954 eo
1473 915 1633 957 confilio
1651 932 1718 960 eos
1748 921 1801 960 ita

69 965 247 1021 scripsisse
270 994 281 1013 ,
310 979 351 1007 ut
373 980 434 1006 me
464 977 664 1020 gravarent
686 997 697 1015 ,
727 965 791 1006 sed
820 967 948 1019 potius
978 977 1020 1007 ut
1042 965 1109 1006 fibi
1137 966 1305 1008 laborem
1338 968 1379 1008 in
1408 969 1681 1022 respondendo
1701 975 1801 1016 leva-

67 1034 153 1064 rent
173 1044 184 1070 ς
216 1022 334 1062 facilis
352 1022 456 1062 enim
475 1024 513 1061 &
531 1020 708 1074 expedita
741 1020 794 1060 est
813 1020 1008 1074 responsio
1027 1051 1039 1071 ‚
1070 1021 1133 1062 ubi
1153 1023 1255 1076 prius
1279 1023 1436 1076 ponitur
1465 1024 1506 1065 id
1536 1027 1646 1079 quod
1674 1030 1728 1070 est
1758 1032 1800 1071 in

67 1078 286 1132 quaestione
308 1091 316 1116 z
346 1088 385 1116 at
417 1075 616 1116 ridiculum
640 1080 679 1115 &
701 1074 853 1115 stultum
883 1076 973 1117 esset
995 1104 1008 1122 ,
1038 1075 1110 1116 hac
1130 1078 1357 1118 conditione
1378 1078 1499 1132 posita
1529 1082 1588 1121 vel
1612 1085 1801 1137 quaestio-

67 1147 156 1173 nem
176 1131 285 1173 alicui
305 1145 522 1186 proponere
540 1161 551 1178 ‚
582 1130 640 1171 vel
662 1129 858 1170 consilium
882 1142 1021 1184 petere.
1051 1132 1169 1172 Simul
1190 1133 1304 1173 etiam
1325 1132 1424 1174 clare
1443 1147 1571 1187 patet,
1602 1139 1682 1180 Eos
1701 1139 1800 1182 frau-

67 1187 119 1228 de
140 1187 337 1242 Theologi
358 1185 646 1227 extraordinarii
662 1185 846 1238 deceptos
875 1198 990 1239 atque
1009 1187 1291 1228 circumventos
1319 1188 1543 1230 existimasse
1561 1225 1572 1242 ‚
1604 1204 1684 1234 tum
1712 1209 1800 1237 cau-

66 1240 142 1289 sam
163 1256 287 1282 meam
310 1256 331 1281 a
357 1242 569 1282 Conventu
590 1240 850 1280 Ecclesiastico
872 1240 979 1281 fuisse
999 1242 1193 1294 cognitam
1207 1276 1217 1292 ,
1248 1255 1330 1283 tum
1351 1243 1456 1283 illum
1474 1243 1726 1290 Conventum
1745 1251 1799 1291 es-

65 1296 104 1337 se
123 1298 295 1337 omnium
315 1296 505 1337 causarum
529 1293 868 1336 Ecclesiasticarum
889 1294 965 1336 sive
987 1296 1428 1352 religiosarumJudicem
1450 1299 1663 1354 legitimum
1682 1308 1721 1344 ὃς
1742 1306 1798 1346 sua

64 1364 258 1407 premum,
281 1366 444 1406 quorum
467 1362 668 1405 utrumque
692 1351 746 1390 est
770 1350 1009 1391 falfiffimum.
1373 1396 1375 1399 ,

121 1408 224 1447 Ante
245 1407 375 1447 omnia
397 1406 588 1447 sciendum
602 1406 650 1456 ,si
667 1406 896 1460 Theologus
917 1406 1236 1447 extraordinarius
1260 1408 1435 1450 voluisset
1454 1424 1602 1452 morem
1627 1417 1668 1454 &
1687 1415 1798 1456 disci-

64 1462 230 1517 plinam,
249 1476 362 1516 quam
383 1477 404 1502 a
426 1461 632 1514 majoribus
653 1462 888 1514 accepimus,
920 1472 1048 1502 tenere
1062 1489 1072 1508 ‚
1092 1462 1258 1503 debuisse
1277 1477 1365 1503 eum
1386 1478 1464 1504 rem
1487 1465 1536 1507 ad
1549 1468 1798 1510 Conventztm

62 1518 228 1557 o‘mnium
249 1519 291 1557 in
311 1516 398 1557 urbe
420 1516 712 1569 Ministrorum‚
742 1518 809 1570 qui
832 1515 984 1570 singulis
1006 1517 1193 1557 mensibus
1212 1517 1489 1571 celebrabatur,
1503 1521 1662 1575 referre,
1693 1527 1798 1567 &ibi

64 1586 126 1613 me
156 1571 318 1612 fraterne
345 1575 384 1611 &
411 1570 557 1625 saepius
587 1585 744 1611 monere
766 1593 776 1618 3
818 1571 892 1611 hoc
915 1585 1112 1625 nunquam
1142 1572 1231 1612 fecit
1252 1603 1263 1622 ,
1281 1573 1357 1619 *sed
1381 1574 1479 1615 viam
1512 1591 1655 1619 novam
1678 1583 1716 1619 ὃ(
1747 1581 1799 1622 ad

62 1626 369 1681 consequendam
387 1627 585 1667 vistoriam
605 1625 812 1667 faciliorem
834 1630 871 1665 ὅ(
889 1628 1090 1668 certiorem
1110 1628 1280 1678 invenit,
1309 1628 1471 1671 assumto
1504 1634 1663 1676 nomine
1686 1635 1797 1676 Con-

61 1694 196 1724 ventus
219 1681 473 1722 Ecclefiastici.

115 1737 347 1776 Conventus
361 1734 648 1787 Ecclcfiasticus
667 1735 769 1789 apud
795 1751 866 1776 nos
877 1737 930 1777 est
940 1736 1160 1791 Collegium
1174 1737 1446 1793 Delegatorum
1467 1754 1631 1796 quatuor
1650 1745 1797 1788 aS'ena-

63 1802 126 1841 tu,
156 1791 176 1843 ζ
180 1791 246 1845 qui
273 1790 357 1831 sunt
375 1791 489 1830 etiarn
511 1791 716 1831 Curatores
754 1791 1042 1845 Academiae‚)
1071 1804 1234 1846 quatuor
1262 1794 1362 1834 urbis
1384 1795 1603 1846 Pastorum,
1617 1803 1656 1839 ὃ(
1679 1803 1794 1843 trium

65 1846 307 1900 Theologiae
327 1844 582 1886 Professorum
603 1876 614 1894 ‚
655 1847 734 1898 jam
764 1848 828 1886 ΑΟ.
864 1859 982 1896 1529.
1012 1848 1258 1888 constitutum
1278 1879 1289 1898 ,
1319 1863 1482 1902 quorum
1510 1853 1563 1892 est
1593 1855 1796 1898 Ministros

63 1901 168 1942 verbi
187 1901 308 1941 divini
328 1914 452 1940 creare
472 1900 547 1940 sive
568 1900 746 1940 ordinare
764 1923 775 1948 3
804 1900 867 1941 ubi
888 1902 1015 1954 pastor
1033 1902 1168 1956 aliquis
1187 1903 1225 1941 in
1247 1917 1340 1957 agro
1370 1917 1433 1944 aut
1452 1918 1624 1949 mortuus
1651 1924 1716 1951 aut
1744 1912 1795 1952 ad

61 1957 174 1997 aliam
202 1955 328 1996 sedem
353 1955 550 1996 translatus
572 1954 648 2004 est,
678 1955 740 1995 sex
760 1954 1005 1996 Candidatos
1037 1957 1277 2011 Magistratui
1308 1972 1526 2012 proponere
1549 1992 1560 2011 ,
1592 1975 1634 2003 ut
1654 1980 1701 2005 ex
1722 1967 1796 2008 illis

60 2025 178 2053 unum
198 2011 334 2065 eligam
357 2009 440 2050 lites
460 2011 718 2050 ministrorum
738 2008 883 2063 sopire,
902 2010 955 2050 ita
977 2022 1104 2051 tamen
1126 2023 1167 2052 ut
1187 2011 1236 2052 de
1256 2014 1365 2052 omni
1388 2028 1427 2054 re
1448 2016 1622 2069 graviore
1644 2020 1694 2060 ad
1707 2022 1794 2062 Ma-

61 2066 255 2120 gistratum
275 2062 478 2115 referrent,
508 2068 548 2104 &
571 2076 633 2114 ut,
646 2064 673 2105 fi
694 2065 761 2118 qui
782 2065 965 2106 sententia
987 2066 1217 2107 Conventus
1242 2066 1277 2108 se
1298 2067 1416 2110 laesos
1436 2071 1713 2127 existimarent,
1743 2077 1793 2118 ad

59 2120 325 2176 Magistratum
345 2135 411 2161 ceu
435 2119 605 2173 judicem
623 2119 853 2174 superiorem
873 2121 1062 2174 appellare
1092 2120 1252 2176 possent.

115 2176 196 2217 Hic
216 2176 270 2216 est
300 2189 409 2216 verus
444 2175 679 2216 Conventus
707 2175 995 2216 Ecclefiasticus.
1043 2176 1150 2216 Audi
1166 2177 1246 2230 jam
1265 2205 1276 2223 ,
1307 2177 1458 2233 qualem
1490 2181 1641 2226 finxerit
1669 2184 1718 2238 J
1741 2187 1792 2228 L.

62 2230 169 2283 Frejy.
215 2231 344 2271 Primo
365 2239 529 2285 quatuor
549 2229 772 2284 {Delegatos
785 2258 795 2276 ‚
826 2232 897 2285 qui'
912 2229 1024 2284 primi
1046 2231 1216 2273 solebant
1235 2233 1460 2276 sententiam
1479 2241 1605 2292 rogari
1626 2272 1636 2289 ‚
1666 2245 1705 2281 &
1726 2239 1794 2297 qui

61 2286 110 2327 ad
131 2286 214 2327 lites
228 2286 409 2327 Ministro
429 2286 649 2334 intentatas,
676 2285 795 2339 qualis
817 2286 909 2326 haec
930 2298 1029 2332 erat,
1042 2289 1332 2341 componendas
1351 2291 1543 2333 necessarii
1563 2308 1671 2337 erant
1698 2298 1792 2350 (nisi

61 2342 89 2382 fi
117 2341 220 2381 dicas
239 2372 250 2391 ‚
279 2340 496 2395 Religionis
516 2341 758 2381 Christianae
783 2340 955 2382 interesse
979 2351 1020 2382 ut
1049 2342 1132 2383 lites
1160 2342 1234 2383 fint
1260 2345 1478 2398 aeternae),
1509 2348 1721 2393 Conventu
1751 2358 1791 2394 δε

59 2397 237 2451 suffragio
266 2396 417 2436 exclusit
444 2410 452 2435 :
492 2399 531 2435 &
563 2396 755 2436 sexcentas
785 2398 944 2450 paginas
973 2398 1184 2451 complevit
1207 2410 1248 2438 ut
1278 2401 1456 2452 probaret
1479 2433 1490 2452 ,
1548 2435 1572 2454 ‚‚
1602 2421 1660 2447 res
1688 2422 1791 2449 mere

60 2453 88 2504 ,‚
113 2450 374 2505 Theologicas
393 2466 414 2490 a
436 2450 522 2491 solis
548 2451 765 2506 Theologis
786 2452 860 2491 effe
885 2450 1152 2504 dijudicandas
1171 2484 1182 2502 ,
1211 2453 1295 2494 illos
1322 2453 1422 2497 solos
1449 2457 1614 2500 idoneos
1640 2463 1714 2503 esse
1731 2462 1791 2516 ju-

74 2537 86 2558 ,
115 2506 238 2555 dices,
268 2521 289 2546 a
322 2520 484 2560 quorum
503 2506 650 2559 judicio
672 2506 853 2560 appellari
881 2516 960 2545 non
990 2506 1131 2560 possit3
1171 2507 1368 2551 Christum
1401 2511 1525 2554 claves
1556 2518 1664 2569 regni
1683 2519 1791 2559 Coe-

57 2588 86 2615 „
115 2575 196 2602 rum
215 2561 286 2601 illis
305 2561 390 2601 solis
409 2561 623 2610 tradidisse3
654 2565 693 2600 &
714 2575 828 2614 quem
852 2559 1082 2601 haereticum
1109 2566 1364 2617 pronuncient
1380 2596 1392 2616 ,
1422 2566 1526 2608 illum
1558 2560 1608 2609 eo
1635 2573 1718 2625 ipso
1739 2574 1790 2616 de

60 2648 88 2670 „
116 2616 234 2670 gradu
264 2615 522 2656 Ecclesiastico
554 2624 634 2656 non'
664 2616 784 2656 solum
805 2616 942 2670 dejici,
973 2616 1037 2656 sed
1068 2631 1224 2658 munere
1244 2620 1359 2659 etiam
1381 2621 1488 2674 quod
1515 2626 1614 2677 gerit
1640 2629 1787 2675 orbari,

59 2702 87 2723 „
115 2673 194 2711 imo
216 2674 254 2711 &
272 2671 333 2724 jus
353 2671 515 2713 civitatis
536 2673 718 2712 amittere.
748 2671 886 2712 Laicos
907 2686 986 2712 non
1007 2671 1113 2726 posse
1130 2673 1308 2714 ordinare
1325 2675 1568 2729 Ministrum‚
1599 2696 1686 2723 cum
1706 2698 1789 2724 non

61 2757 88 2778 ,‚
117 2726 255 2779 poffint
277 2726 367 2766 dare
388 2725 494 2780 quod
515 2741 595 2766 non
618 2727 809 2775 habeant,
825 2725 1045 2779 scripturam
1066 2731 1104 2767 &
1126 2727 1309 2769 Canones
1329 2730 1517 2773 Ecclesiae
1536 2738 1571 2774 δε
1595 2738 1790 2779 conscien-

63 2811 90 2832 „
118 2781 208 2820 tiam
229 2781 330 2821 suam
351 2795 429 2821 non
452 2782 690 2836 permittere,
720 2792 761 2822 ut
780 2796 866 2822 cum
886 2782 1010 2822 Laicis
1038 2781 1088 2822 de
1116 2783 1224 2824 rebus
1242 2784 1506 2827 Ecclefiasticis
1525 2789 1565 2828 in
1591 2805 1670 2832 uno
1693 2793 1791 2833 Col-

63 2866 89 2886 „
116 2834 215 2889 legio
227 2835 448 2879 consideant
466 2848 579 2891 atque
599 2835 1125 2877 deliberentzordinationem
1148 2853 1169 2878 a
1190 2838 1255 2878 tali
1269 2839 1450 2895 Collegio
1470 2844 1592 2884 mixto
1610 2846 1684 2887 effi:
1704 2848 1789 2888 nul-2

62 2917 89 2940 ,2
121 2889 193 2928 lam
207 2923 216 2938 ‚
238 2893 342 2930 &c'’.
398 2892 511 2944 Quae
533 2893 664 2932 omnia
683 2906 758 2946 ego
779 2894 818 2931 8<
837 2891 1040 2945 sophistica
1058 2923 1070 2942 ‚
1101 2896 1140 2932 &
1172 2893 1454 2935 antichristiana
1474 2901 1513 2937 &
1533 2899 1707 2941 seditiosa
1735 2903 1791 2943 es-

62 2944 98 2983 se
120 2942 261 2996 semper
285 2945 502 2998 existimavi.
559 2947 660 3000 Quis
692 2946 831 3000 quaeso
861 2961 1030 3000 unquam
1056 2947 1222 2999 audivit,
1255 2948 1529 2993 Professoribus
1546 2954 1703 2996 Theolo
1733 2958 1790 2998 iae

63 2997 302 3039 Academicis
331 3000 389 3039 vel
419 3014 440 3040 a
462 3001 620 3041 Christo
643 3003 711 3051 'vel
740 3002 786 3041 ab
815 3001 981 3042 Ecclesia
1010 3001 1104 3049 ulla,
1126 3003 1291 3054 Veteri,
1318 3005 1518 3047 Pontificia
1535 3039 1546 3057 ,
1577 2971 1793 3052 Protessan-

61 3065 100 3093 te
121 3065 277 3105 regnum
301 3052 403 3105 fuisse
424 3055 638 3096 concessum
658 3059 673 3097 ?
704 3060 744 3096 ὃς
766 3056 793 3096 s1
815 3055 951 3096 alicubi
977 3057 1018 3096 id
1038 3058 1228 3099 obtineret
1250 3085 1260 3104 ‚
1291 3061 1448 3100 minime
1468 3064 1641 3104 omnium
1673 3066 1713 3105 id
1734 3067 1789 3105 lo-

63 3122 149 3148 cum
177 3106 313 3155 habere
331 3110 453 3161 potest
474 3109 658 3157 Basileae‚
686 3112 792 3164 cujus
811 3109 995 3152 confessio
1021 3126 1100 3152 non
1115 3144 1126 3162 ,
1157 3125 1198 3153 ut
1218 3114 1310 3154 aliae
1334 3129 1491 3165 omnes,
1511 3132 1533 3156 a
1552 3118 1693 3167 Clevo,
1723 3118 1791 3159 sed

64 3176 85 3202 a
105 3162 246 3203 Senatu
265 3161 366 3202 edita
389 3163 464 3214 est,
495 3165 645 3205 initium
670 3165 814 3217 habens
837 3181 845 3206 :
877 3165 965 3260 ἐξ]
988 3167 1182 3221 Adelberg
1201 3169 1335 3221 Meyer
1367 3170 1513 3222 Consul
1534 3180 1654 3225 atque
1672 3173 1792 3212 Sena-

992 3234 1011 3260 2
1726 3235 1793 3267 tus
