1976 3519
416 226 1416 278 ,PROLEGOMENA
1718 250 1795 298 193

63 323 409 371 Amstelaedamum
428 322 605 370 venisset,
633 322 674 360 ὃ(
696 317 914 373 propofitae
934 317 1027 357 olim
1055 316 1110 357 N.
1132 314 1181 377 T:
1210 317 1393 360 editionis
1420 324 1658 369 mentionem
1687 327 1794 370 fecisi-

64 383 138 428 (εἰ,
167 381 262 422 serio
292 390 473 433 rogarunt
499 376 656 431 adgnati
684 373 946 427 Bibliopolae,
974 384 1015 432 ut
1034 383 1115 411 tum
1135 371 1282 426 aliquot
1301 373 1480 418 foliorum
1501 379 1690 433 specimen
1710 398 1794 430 tum

65 438 180 479 totius
197 436 323 490 operis
343 434 618 488 Proiegomena
647 441 945 488 componerem
974 426 1140 480 1pfis<1⁰e
1169 441 1286 490 quam
1319 431 1485 490 Primum
1516 449 1603 477 cum
1634 443 1794 484 eruditis

65 491 193 546 Belgis
212 486 530 531 communicanda
549 486 749 525 mitterem.
807 486 941 524 Annui
958 481 1138 522 honestae
1152 494 1358 543 petitioni,
1386 488 1609 545 consiliique
1637 499 1713 537 mei
1741 499 1792 551 J.

66 543 119 588 L.
148 545 267 600 frey,
296 555 336 585 ut
356 542 539 591 solebam,
568 538 849 593 diligentissime
868 538 1068 578 certiorem
1088 535 1182 582 feei,
1213 539 1280 592 qui
1309 553 1391 580 non
1418 556 1466 582 ex
1495 545 1557 586 sua
1585 548 1706 592 solum
1730 554 1796 594 Bi-

66 596 257 642 bliotheca
276 599 516 639 Clementem
536 594 862 641 Alexandrinum,
892 594 952 633 cui
972 591 1126 632 notulae
1148 593 1336 645 quaedam
1357 601 1531 640 avunculi
1561 606 1637 644 mei
1664 610 1796 662 magni

66 650 117 709 J·
146 653 304 705 Rodolfi
326 650 525 703 Wtstenii
542 681 554 701 ,
582 649 825 703 Theologiae
854 646 1076 688 Professoris
1093 647 1299 707 *adspersae
1328 663 1436 692 erant
1453 685 1465 704 ‚
1495 667 1537 697 ut
1556 661 1596 697 ὃς
1618 660 1798 704 Bafilium

68 709 359 756 Seleucjensem,
390 719 520 747 verum
535 705 651 746 etiam
670 719 717 745 ex
738 703 976 744 Bibliotheca
997 701 1145 756 publica
1167 705 1451 760 Manuscriptos
1471 708 1642 754 Codices
1673 719 1797 758 Atha-

69 766 182 815 nafij,
208 761 473 811 Theodoreti,
501 759 811 815 Theophylasti‚
842 756 1291 818 GregoriinNazianzeni
1313 764 1353 801 &
1376 761 1541 818 Nysseni
1561 770 1727 813 eundem
1755 775 1798 815 in

69 815 186 861 finem
204 819 361 858 libenter
374 815 642 869 suppeditavit.
698 815 850 868 Qibus
878 814 1077 867 inspeetis,
1107 827 1155 853 ne
1184 815 1417 869 quidquam,
1447 821 1556 872 quod
1582 824 1692 867 alicui
1718 830 1800 870 usui

71 874 145 915 effe
170 873 316 928 postet,
342 872 595 926 negligerem,
625 870 751 924 primo
777 868 989 910 editionem
1019 867 1337 921 Complutensem
1366 874 1558 926 consului,
1591 881 1676 932 post
1705 884 1801 926 Edi-

71 931 196 971 tjones
222 941 357 967 omnes
385 926 553 976 Erasmi,
585 926 689 966 Rob.
717 924 962 977 Stephani&
982 922 1060 963 Th.
1090 923 1218 965 Bezae
1246 926 1342 965 mihi
1370 934 1611 984 comparavi,
1642 939 1800 983 tandem

73 995 197 1026 totum
223 982 464 1024 Variantium
493 981 722 1021 Lectionum
751 979 956 1019 exercitum
983 977 1134 1018 lustravi
1163 992 1278 1034 atque
1306 982 1506 1033 ordinavi,
1536 1002 1662 1043 eoque
1685 997 1802 1047 pasto

73 1039 211 1088 multa,
242 1051 339 1091 quae
358 1048 469 1076 antea
488 1050 594 1076 meos
621 1036 857 1088 aliorumque
882 1033 1016 1074 oculos
1035 1032 1230 1088 fugerant,
1260 1050 1342 1077 non
1363 1037 1441 1080 fine
1469 1042 1668 1097 voluptate
1697 1049 1803 1093 haud

74 1093 202 1149 paullo
219 1093 351 1133 clarius
375 1092 587 1144 reffiusque
605 1090 698 1132 vidi·

133 1149 329 1188 Hastenus
347 1145 610 1200 conspeximus
629 1145 691 1186 Cl.
712 1143 809 1197 Frqy
818 1158 956 1198 magna
967 1143 1458 1191 moderatione&libertate
1467 1162 1657 1208 utentem,
1671 1173 1806 1204 contra

76 1203 317 1259 tyrannidem
346 1201 603 1242 decertantem
623 1231 635 1251 ‚
665 1203 704 1240 ὃ(
735 1214 877 1240 nomen
908 1212 1022 1252 atque
1053 1199 1281 1253 dignitatem
1310 1203 1507 1260 Theologi
1536 1210 1806 1260 Latitudinarii

78 1258 227 1313 egregie
245 1268 424 1299 tuentem.
462 1256 570 1297 Audi
589 1270 680 1297 vero
699 1256 832 1295 miram
855 1258 893 1294 ὃς
914 1254 1085 1294 miseram
1108 1255 1276 1297 hominis
1295 1260 1583 1315 catastrophen:

350 1312 431 1353 Hei
451 1311 566 1362 mihi,
597 1311 717 1366 qualis
735 1311 828 1351 erit!
860 1321 1045 1364 quantum
1066 1322 1231 1352 mutatus
1249 1313 1297 1353 ab
1316 1313 1383 1354 illo

304 1416 307 1418 ‚
353 1367 547 1408 Heaoref
1426 1372 1428 1375 ι

79 1418 189 1467 Nam
208 1423 314 1464 fimul
334 1434 447 1476 atque
463 1422 647 1464 intellexit
665 1437 728 1464 me
750 1426 789 1462 ὃς
805 1421 943 1475 sponte
960 1435 1045 1463 mea
1061 1437 1106 1463 ac
1126 1424 1316 1477 promiffis
1346 1427 1440 1468 meis
1469 1429 1545 1471 hoc
1567 1437 1726 1489 negotio
1757 1440 1809 1481 ita

82 1481 314 1533 implicatum
331 1479 592 1532 irretitumque
609 1477 704 1527 este,
734 1489 775 1518 ut
796 1477 873 1517 fine
897 1478 1043 1530 jastura
1070 1478 1195 1532 aliqua
1228 1479 1352 1521 famae
1381 1494 1496 1537 atque
1522 1488 1811 1536 existimationis

82 1534 221 1590 pedem
239 1533 330 1575 inde
349 1533 484 1574 ref-esre
502 1547 581 1573 110„
603 1533 771 1586 possem,
801 1532 925 1573 subito
955 1532 1066 1572 aliam
1097 1534 1298 1587 personam
1328 1536 1477 1588 induit;
1507 1556 1550 1581 ac
1580 1547 1706 1598 primo
1727 1551 1812 1603 qui-

82 1591 195 1640 dem,
223 1603 311 1630 cum
342 1589 436 1629 mihi
464 1589 504 1628 in
535 1588 773 1631 Bibliotheca
803 1588 953 1642 publica
979 1602 1193 1630 occurreret
1211 1621 1222 1639 ,
1251 1591 1355 1632 velut
1372 1606 1412 1632 m
1434 1596 1673 1651 prolusione,
1707 1618 1814 1657 prae->

81 1641 185 1687 sente
206 1645 267 1685 Cl.
298 1643 345 1695 J.
376 1644 573 1695 Grsrnaeo,
603 1644 794 1696 objcerare
813 1644 964 1696 coepit,
994 1643 1156 1684 Novam
1183 1645 1407 1687 Editionem
1435 1651 1543 1691 istam
1572 1659 1702 1710 magni
1722 1675 1814 1701 con-

84 1701 276 1749 stituram,
306 1698 559 1739 Profefforum
581 1710 705 1738 autem
737 1697 924 1751 stipendia
941 1697 1016 1738 effe
1034 1699 1199 1739 modica.
1248 1701 1454 1755 Respondi
1474 1706 1574 1748 hanc
1593 1724 1721 1753 curam
1743 1729 1816 1756 nec

85 1768 149 1799 me
169 1768 342 1807 tangere,
373 1754 439 1806 qui
458 1753 554 1792 nihil
573 1752 805 1801 venderem,
834 1766 959 1806 neque
977 1751 1124 1805 ipsum,
1153 1755 1220 1808 qui
1238 1754 1346 1796 dives
1363 1757 1475 1799 eflet:
1504 1774 1738 1808 caeterorum
1752 1785 1817 1811 ve-

85 1824 132 1851 ro
151 1810 342 1849 neminem
362 1808 411 1847 ad
433 1806 638 1848 emendum
657 1808 832 1848 coactum
849 1808 906 1848 iri.
963 1807 1162 1860 Qaesivit
1181 1808 1273 1850 dein
1293 1841 1306 1860 ,
1336 1822 1462 1853 utrum
1491 1827 1684 1872 putarem,
1717 1823 1817 1867 hanc

86 1863 310 1904 Editionem
330 1863 379 1902 ad
404 1862 707 1916 promovendam
727 1862 887 1916 gloriam
910 1862 986 1902 Dei
1009 1864 1287 1918 hominumque
1315 1865 1553 1912 honestatem
1575 1878 1614 1913 ὃς
1635 1878 1816 1929 pietatem

87 1919 247 1960 multum
265 1917 521 1959 collaturam?
537 1918 673 1958 3305oe
694 1917 763 1970 ipfi
784 1915 969 1970 professus
987 1916 1089 1967 sum,
1122 1932 1183 1958 me
1202 1920 1355 1973 optimo
1375 1924 1506 1965 animo
1533 1932 1663 1970 omnia
1693 1933 1818 1976 fecisse

88 1985 203 2027 atque
218 1972 362 2022 facere,
390 1983 568 2013 eventum
591 1973 630 2011 in
642 1973 717 2012 Dei
741 1971 928 2025 potestate
945 1971 1041 2021 esse,
1070 1974 1135 2026 qui
1157 1973 1256 2014 solus
1275 1975 1478 2019 hominum
1499 1994 1645 2025 mentes
1663 1986 1819 2032 flectere

86 2028 220 2082 poffit:
249 2026 450 2081 quomodo
471 2038 594 2068 autem
610 2027 818 2067 accuratior
838 2037 954 2080 atque
972 2027 1212 2068 emendatior
1231 2028 1287 2070 N.
1309 2030 1358 2071 T.
1391 2032 1531 2076 Graeci
1550 2038 1674 2082 editio
1703 2045 1820 2086 virtu·-

88 2083 186 2124 tibus
213 2083 355 2133 obstet,
385 2096 447 2122 me
473 2096 553 2122 non
580 2081 720 2123 videre.
774 2081 833 2121 Eo
861 2080 1029 2135 denique
1063 2083 1258 2137 prolapsus
1277 2086 1355 2137 est,
1385 2099 1427 2128 ut
1447 2089 1664 2147 sustineret,
1695 2110 1819 2141 totam

89 2139 224 2179 Artem
245 2138 431 2177 Criticam
452 2151 590 2177 vanam
610 2149 724 2191 atque
744 2136 916 2177 fallacem
934 2136 1029 2185 ess'e3
1057 2152 1101 2178 ea
1122 2138 1342 2182 hominibus
1363 2142 1557 2198 scrupulos
1578 2162 1693 2205 atque
1713 2154 1823 2196 dubi·

90 2193 251 2234 tationes
265 2193 391 2246 injici,
420 2192 522 2232 nulla
541 2193 624 2233 dari
643 2204 744 2232 certa
763 2193 933 2242 criteria,
963 2193 1100 2246 quibus
1119 2206 1221 2235 aetas
1241 2195 1458 2246 Codicum,
1478 2203 1582 2244 unde
1600 2220 1732 2249 eorum
1754 2226 1821 2252 au-
1838 2218 1840 2220 ’

91 2248 222 2288 toritas
250 2247 434 2301 pendeat,
466 2247 640 2301 dignosci
669 2247 804 2301 posfit;
836 2247 983 2288 Millius
1012 2249 1115 2289 verbi
1143 2250 1264 2290 causs‘a
1283 2282 1295 2302 ,
1327 2252 1378 2293 fic
1408 2258 1589 2310 pergebat
1607 2288 1619 2311 ,
1650 2265 1821 2308 nostrum

91 2303 280 2343 Codicem
302 2301 595 2357 Evangeliorum
617 2303 743 2344 statuit
763 2302 1028 2343 Alexandrino
1048 2316 1170 2345 aetate
1190 2319 1320 2359 parem
1338 2309 1435 2355 este,
1466 2323 1506 2352 tu
1537 2328 1629 2356 vero
1658 2332 1823 2372 quatuor

91 2369 155 2401 aut
184 2359 352 2411 quinque
380 2357 508 2398 seculis
533 2358 747 2411 juniorem,
777 2358 851 2398 utri
879 2372 954 2413 ego
984 2359 1162 2406 credam,
1191 2361 1408 2404 Dostorine
1427 2365 1639 2425 Theologo
1660 2388 1708 2414 an
1728 2377 1824 2418 tibi?

92 2415 132 2451 &
154 2414 237 2466 quis
259 2413 362 2452 litem
384 2412 490 2452 istam
512 2413 691 2454 dirimet?
720 2412 915 2466 Reposui‚
945 2413 1019 2454 effe
1039 2415 1207 2469 regulas,
1238 2418 1374 2470 quibus
1402 2420 1583 2465 adhibitis
1608 2427 1657 2467 ad
1691 2444 1820 2472 veram

94 2466 287 2520 Codicum
307 2479 466 2508 aetatem
486 2482 600 2521 quam
620 2468 793 2521 proxime
812 2468 991 2508 accedere
1012 2484 1216 2522 queamu8‚
1245 2472 1479 2517 credendum
1499 2479 1573 2520 elle
1591 2481 1631 2521 in
1650 2482 1722 2525 hac
1743 2499 1824 2528 arte

92 2521 185 2572 illis,
215 2524 280 2576 qui
309 2536 393 2562 eam
421 2522 487 2562 diu
515 2523 770 2568 exercuerint,
800 2534 988 2563 caeterum
1018 2525 1111 2564 meis
1138 2539 1200 2566 me
1228 2528 1348 2569 oculis
1378 2533 1499 2586 magis
1530 2534 1607 2576 fide

94 2578 270 2617 omnibus
290 2577 523 2618 Dostoribus
545 2578 788 2632 Theologiae
805 2579 1036 2618 contrarium
1059 2579 1333 2623 affirmantibus
1351 2605 1363 2632 3
1393 2587 1528 2628 addidi
1559 2593 1730 2635 nostrum
1761 2612 1827 2638 co—

94 2629 218 2683 dicem
238 2647 259 2672 a
281 2631 410 2672 Millio
431 2645 626 2686 nunquam
648 2632 755 2673 fuisse
772 2632 1006 2686 inspectum,
1037 2647 1098 2673 me
1132 2649 1224 2676 vero
1246 2638 1551 2684 Alexandrinum
1581 2659 1696 2702 atque
1726 2651 1830 2693 Bafi-

94 2686 247 2727 liensem
270 2687 422 2737 vidisse,
453 2687 563 2727 istum
579 2687 718 2728 habere
738 2699 916 2728 accentus
935 2703 956 2728 a
977 2689 1099 2742 prima
1118 2703 1254 2737 manu,
1286 2694 1353 2746 qui
1381 2696 1428 2735 ab
1454 2698 1521 2739 illo
1550 2701 1672 2745 abfint
1723 2710 1764 2746 ὃ(
1783 2707 1828 2748 fi-

96 2753 225 2793 guram
254 2742 458 2782 litterarum
486 2741 602 2798 longe
629 2742 703 2783 esse
731 2743 865 2791 aliam,
895 2745 989 2797 quin
1020 2743 1070 2784 ad
1092 2744 1214 2798 ipsum
1237 2747 1430 2790 Codicem
1450 2760 1660 2806 provocavi
1683 2739 1694 2755 ⁷
1712 2765 1749 2800 δε
1771 2761 1829 2801 di—

96 2796 253 2836 scrimen
282 2798 379 2838 inter
408 2809 609 2851 utrumque
636 2812 683 2838 ex
713 2797 919 2851 specimine
948 2797 1110 2839 Codicis
1139 2800 1409 2855 Alexandrini,
1443 2810 1551 2861 quod
1582 2813 1621 2852 in
1653 2790 1829 2857 n'ianibus

98 2848 280 2902 habebam
298 2866 320 2891 a
341 2852 487 2893 Grabio
509 2866 681 2893 accurate
699 2867 784 2893 aere
803 2853 1032 2906 descriptum
1051 2865 1164 2907 atque
1181 2857 1327 2898 editum
1340 2890 1352 2909 ,
1382 2861 1544 2904 ostendi.
1599 2867 1703 2909 Cum
1726 2885 1831 2926 rege-

98 2915 218 2954 rera,
244 2905 382 2946 litteras
400 2908 600 2961 utrobique
621 2909 694 2948 esse
716 2908 873 2956 fimiles·,
903 2908 1082 2961 respondi
1103 2909 1180 2951 fine
1210 2911 1328 2953 dubio
1355 2915 1522 2970 aliquam
1544 2920 1830 2967 fimilitudinern

99 2959 352 3010 intercedere,
383 2975 507 3015 neque
527 2963 633 3002 aliter
653 2962 733 3003 fieri
755 2962 881 3016 posse,
910 2964 1159 3005 nihilominus
1187 2979 1313 3007 aurem
1336 2969 1681 3019 diffimilitudinem
1711 2982 1832 3021 mani-

100 3012 198 3052 festo
217 3027 417 3066 apparere,
438 3017 653 3057 dummodo
674 3018 758 3071 quis
775 3018 894 3058 oculis
913 3018 1069 3059 intentis
1085 3031 1200 3073 atque
1217 3024 1371 3064 curiofis
1388 3030 1520 3068 omnia
1541 3036 1834 3088 contempletur,

100 3067 207 3120 quod
237 3067 262 3106 s1
294 3070 480 3122 negligat,
508 3071 616 3111 facile
645 3086 811 3112 errorem
839 3073 1032 3126 obrepere.
1085 3074 1179 3114 Hoc
1210 3089 1251 3117 ut
1284 3079 1484 3131 probarem
1503 3114 1514 3133 ,
1555 3089 1762 3128 monstravi
1791 3090 1833 3129 in

100 3121 293 3161 Bafilienfi
315 3123 465 3164 Codice
486 3139 684 3167 accentum
705 3127 991 3168 circumflexum
1011 3129 1227 3170 constanter
1251 3132 1370 3185 figura
1392 3135 1613 3179 semicirculi
1636 3171 1647 3189 ‚
1676 3142 1752 3181 hoc
1780 3144 1836 3184 est

99 3191 178 3217 non
200 3176 344 3217 duabus
362 3177 469 3219 lineis
487 3179 552 3221 sed
571 3181 706 3233 unica,
733 3182 929 3236 dep-laum
949 3183 1064 3276 esf-{13
1078 3184 1164 3225 licet
1195 3186 1235 3226 in
1258 3187 1555 3240 Dff'rtatffine
1588 3194 1633 3233 de
1652 3196 1839 3238 Accenti‘

1610 2551 1649 2578 re
1668 2566 1679 2585 ‚
1709 2555 1826 2595 quam

1769 3251 1838 3292 bur
