1976 3519
443 236 1445 284 PRoLoGoMENA;
1786 245 1850 297 83.

151 326 292 370 [Petri
606 338 673 379 13.
702 337 766 365 20.
802 338 866 365 21.

129 384 179 425 11.
191 384 294 425 Petri
606 393 668 421 10.
705 393 766 421 11.

146 439 176 480 I.
209 437 345 480 oannis
610 447 674 475 12.
706 446 770 476 20.

125 440 345 550 Ilffoannis
435 530 438 533 ,
635 503 671 530 2.
732 502 765 539 5.

107 547 344 604 HLJoannis
633 557 669 586 2.
730 557 765 596 5.

185 602 310 658 Judae
369 624 371 627 <
627 611 668 650 4.
724 612 760 651 7.

181 653 431 711 Apocalypsis
599 665 667 704 41.
695 665 765 706 43.
795 655 834 694 &
854 651 1062 696 secundum
1082 655 1355 710 Antiquoszz.
1380 667 1444 710 23.
1468 669 1532 708 25.
1545 654 1685 702 Versus
1702 661 1822 706 1800.

145 711 299 754 Accidit
319 720 446 751 autem
477 708 535 748 isti
566 708 766 760 Verfioni,
797 710 905 764 quod
923 714 963 750 δε
983 709 1086 757 aliis,
1115 724 1157 752 ut
1176 710 1334 752 subinde
1351 709 1544 765 Interpres
1564 727 1689 769 neque
1701 717 1822 761 Graea

87 781 170 808 cam
194 780 319 821 neque
340 765 518 806 Latinam
533 763 702 819 linguam
719 764 805 805 satis
825 765 1073 820 intelligeret,
1101 769 1141 805 ὃς
1164 767 1321 806 vocibus
1340 763 1537 815 ὃμοιοφῶνοις
1552 768 1717 812 invicem
1729 787 1824 814 con-

86 822 174 863 fufis
193 822 352 875 turpiter
373 819 671 861 hallucinaretur.
728 819 836 860 Hinc
855 820 909 860 est
925 819 1057 874 quod,
1089 821 1234 862 Matth.
1264 821 1336 863 VI.
1369 834 1432 873 24.
1461 823 1597 874 vertit,
1615 839 1732 866 unum
1744 839 1820 882 pa.

84 879 233 927 tietur,
261 891 304 916 ac
335 874 362 915 fi
393 871 550 927 ἀνέξεται
577 888 657 915 non
677 888 771 915 vero
790 871 977 927 ἀνθέξεται
997 875 1177 929 scriptum
1196 875 1298 917 effet.
1317 875 1445 917 Marci
1465 876 1537 918 IX.
1572 893 1634 921 10.
1664 891 1820 924 contur-

83 931 199 972 bavit
226 944 329 977 eum,
358 930 380 969 i.
409 942 441 969 e.
471 927 636 982 ἑτοίςαξεν
652 943 723 984 pro
741 928 947 982 ἒσποίςαξεν.
1008 931 1095 971 Aa.
1125 931 1172 970 II·
1208 944 1271 971 22.
1300 931 1551 987 approbatum
1570 934 1593 974 i.
1623 949 1655 977 e.
1684 936 1816 977 &vi-03¹2.

81 984 232 1036 δεγμένον
251 999 323 1040 pro
345 983 628 1032 ἀποδεδειγμένον.
687 985 806 1025 Rom.
836 985 906 1025 III.
940 997 1003 1034 ²5·
1028 985 1258 1040 proposttum
1276 987 1299 1027 i.
1328 1001 1360 1027 e.
1388 984 1551 1038 πρόθεσιν
1571 1003 1643 1043 pro
1664 990 1816 1044 πάρεσιν.

79 1040 218 1095 Ephes.
248 1039 319 1081 IV.
348 1054 387 1090 9.
418 1039 686 1092 desperantes,
715 1040 753 1080 h.
781 1054 814 1080 e.
843 1039 1097 1084 ἀπηλπικότες
1119 1054 1190 1095 pro
1210 1040 1479 1090 ἀπηλγηκότες.
1530 1043 1678 1086 Coloff
1704 1048 1754 1088 II.
1782 1063 1816 1098 5.

79 1097 183 1151 quod
201 1094 302 1147 deest
331 1093 632 1146 necessttatibus,
663 1095 701 1135 h.
732 1109 763 1136 e.
792 1091 834 1134 τὲ
856 1092 1014 1147 ὑφέρημα
1036 1094 1097 1136 της
1116 1094 1235 1147 χρείαις
1254 1109 1326 1149 pro
1345 1093 1387 1136 τὸ
1406 1094 1565 1149 ςερέωμα.
1584 1100 1646 1142 της
1666 1101 1709 1144 εἰς
1729 1109 1812 1157 ch-

81 1149 154 1196 τὸν.
186 1148 363 1193 2.Theff.
392 1148 441 1189 ΙΙ.
479 1154 540 1191 16.
570 1149 672 1201 loco,
702 1151 724 1190 i.
755 1164 787 1192 e.
815 1149 920 1200 τόπῳ
941 1164 1013 1203 pro
1033 1148 1166 1202 τρόπῳ.
1202 1164 1234 1191 1.
1254 1151 1362 1192 Tim.
1392 1152 1462 1194 VI.
1495 1167 1557 1194 20.
1587 1169 1727 1197 vocum
1747 1173 1813 1199 no-

78 1208 252 1256 vitates,
282 1206 305 1246 i.
333 1219 365 1246 e.
394 1203 597 1254 ηᾳηνοφωνῖεις
617 1219 688 1260 pro
710 1202 908 1253 κενοφωνίας.
938 1205 1098 1246 Philem.
1132 1210 1168 1245 6.
1197 1205 1362 1246 evidens
1382 1207 1454 1246 vel
1468 1209 1693 1263 manifesta,
1725 1213 1749 1253 i.
1777 1228 1811 1255 e,

78 1259 212 1312 ἐναργὴς
241 1274 313 1315 pro
343 1257 478 1313 ἐνεςγης.
518 1260 567 1301 ib.
606 1275 698 1302 vers.
737 1266 798 1304 16.
830 1271 901 1313 pro
918 1261 1061 1313 servo,
1091 1261 1114 1301 i.
1145 1275 1176 1301 e.
1206 1257 1292 1311 ὑπὲρ
1321 1256 1441 1305 stine,
1472 1276 1544 1316 pro
1575 1262 1662 1316 ὑπὲρ
1692 1267 1808 1310 ssimi,

76 1316 216 1371 Philip.
255 1315 324 1356 III.
367 1329 426 1356 10.
455 1318 669 1369 εοοηεναζὶ,
701 1316 724 1357 i.
753 1330 785 1356 e.
814 1308 1108 1372 συμφοςτιζόμενοι
1138 1311 1545 1371 ριόσυμμοςφιζόμενοι.
1576 1320 1662 1360 Gal.
1693 1321 1742 1364 V.
1773 1337 1811 1375 7.

75 1374 218 1413 nemini
240 1371 525 1424 consenst’ritis,
555 1371 577 1410 i.
604 1385 636 1412 e.
665 1369 713 1417 μη
733 1369 916 1421 ademere,
947 1384 1018 1425 pro
1037 1369 1084 1419 μὴ
1106 1368 1315 1411 πείθεσθαι.
1347 1372 1474 1413 Multa
1494 1373 1546 1414 ob
1557 1379 1809 1419 convertendi

76 1425 337 1468 difficultatem
358 1426 470 1480 plane
488 1425 637 1476 omifit‚
668 1439 710 1467 ut
731 1426 856 1466 Lucae
881 1425 951 1466 VI.
987 1439 1017 1466 1.
1047 1424 1317 1477 δευτεροπρώτῳ.
1349 1427 1469 1469 Rom.
1480 1428 1507 1469 Ι.
1531 1441 1594 1481 3¹·
1622 1430 1808 1476 ἂσπόνδϊεις.

76 1482 170 1524 XV.
205 1495 266 1522 20.
294 1476 565 1529 Φιλοτιμέμενον.
598 1480 734 1522 1.C01·.
765 1480 855 1521 VII.
886 1494 950 1534 35.
980 1480 1176 1534 εὐποίςεὸρον
1195 1479 1478 1533 &impiam-osque,
1507 1484 1600 1526 teste
1611 1486 1809 1544 Hierony.

73 1551 163 1587 mo,
183 1537 243 1578 lib.
270 1550 303 1576 x.
332 1535 418 1577 adv.
440 1536 636 1590 jovinian.
665 1536 765 1578 Heb.
795 1536 866 1577 IV.
904 1550 935 1575 1.
966 1537 1174 1587 mandato,
1202 1537 1226 1577 i.
1256 1551 1287 1578 e.
1319 1535 1533 1586 ἀπαγΓελῖσι
1562 1553 1634 1594 pro
1656 1540 1806 1594 ἐπαγΓε-

71 1591 148 1632 λῖα.
180 1591 305 1633 Multa
337 1605 533 1645 perperam
565 1592 699 1642 vertit,
728 1603 769 1632 ut
799 1591 902 1632 Heb.
934 1592 1001 1633 VI.
1036 1605 1067 1634 1.
1085 1592 1393 1646 fundamentum
1420 1594 1636 1644 diruentes,
1670 1599 1733 1640 ubi
1762 1600 1803 1640 in

73 1647 225 1688 Graeco
242 1646 295 1688 est
315 1644 471 1693 θεμέλιον
489 1645 802 1693 καταβαλλόμενοι
824 1646 928 1687 sensu
948 1646 1059 1700 plane
1078 1648 1270 1688 contrario
1293 1651 1364 1688 &c.

125 1702 268 1756 Neque
295 1701 857 1755 existimandumplerumque
886 1701 1055 1742 librarios
1085 1703 1209 1742 minus
1238 1701 1304 1741 fibi
1336 1700 1499 1743 sumsisse
1515 1715 1579 1746 aut
1600 1709 1728 1759 potius
1742 1710 1800 1750 in-

71 1756 243 1807 dulfiffe,
271 1769 386 1810 quam
406 1757 644 1809 Interpretes.
699 1757 833 1807 Quare
863 1755 999 1795 eadem
1031 1754 1190 1804 Vers10,
1218 1767 1260 1796 ut
1284 1758 1458 1796 omnium
1492 1771 1572 1799 erat
1591 1763 1798 1817 antiquiffi-

70 1827 155 1862 ma,
175 1812 227 1851 ita
257 1812 370 1852 etiam
399 1810 677 1852 mendofissima
708 1810 914 1850 habebatur
935 1844 944 1859 ‚
975 1821 1016 1850 ut
1036 1811 1274 1850 correffione
1295 1811 1467 1865 indigere
1486 1826 1602 1855 nemo
1621 1831 1799 1871 negaret,

68 1880 184 1922 quam
202 1880 286 1907 cum
299 1897 310 1916 ‚
336 1866 493 1918 jubente
514 1866 619 1919 Papa
640 1864 830 1915 Damaso,
859 1865 1123 1919 Hieronymus
1141 1865 1373 1918 suscepiffer,
1403 1880 1540 1908 ornnes
1562 1874 1735 1914 certatim
1754 1889 1801 1915 o-

67 1935 197 1976 peram
229 1922 310 1974 ejus
331 1920 494 1974 amplexi
513 1920 607 1961 sunt.
662 1919 748 1973 Ipse
767 1919 1002 1973 Augustinus
1022 1918 1239 1972 frequenter
1258 1921 1297 1959 in
1315 1921 1628 1965 Retraffionibus
1648 1930 1687 1966 &
1709 1929 1798 1971 alibi

65 1977 118 2018 de
137 1975 390 2017 mendositate
407 1973 569 2015 Codicis
589 1974 643 2015 sui
663 1976 930 2029 conqueritur,
961 1977 1000 2014 ὃ(
1022 1973 1244 2028 scripturam
1264 1974 1451 2016 Graecam
1464 1975 1501 2017 h.
1532 1991 1565 2019 e.
1597 1980 1799 2039 Hierony-

64 2032 118 2072 mi
138 2032 392 2072 correctiones
413 2029 585 2084 praefert.

6 2088 10 2092 ’
117 2087 227 2141 Qid
256 2101 347 2127 vero
371 2086 450 2139 jam
481 2086 741 2139 Hieronymus
771 2087 994 2141 praestiterit
1012 2117 1023 2138 ‚
1062 2086 1234 2142 quidque
1263 2087 1468 2128 correxerit
1498 2089 1556 2129 vel
1578 2091 1793 2146 reliquerit,

63 2155 179 2183 nemo
213 2142 344 2182 melius
364 2140 446 2193 ipso
467 2141 605 2182 docere
627 2143 761 2195 potest.
827 2156 859 2183 1.
888 2143 1093 2183 Consuluit
1113 2143 1284 2183 Graecos
1302 2143 1474 2183 Codices
1494 2145 1701 2199 Origenis,
1730 2151 1794 2190 Pi-

61 2198 130 2238 erii
158 2209 271 2251 atque
304 2196 452 2237 Eusebii
474 2228 486 2245 ,
523 2198 563 2237 in
594 2197 833 2237 Bibliotheca
861 2197 1093 2238 Caesariensi
1125 2198 1368 2249 reconditos,
1397 2198 1447 2238 ad
1468 2213 1566 2253 quos
1585 2202 1795 2257 aliquando

62 2253 289 2292 nominatim
318 2264 526 2306 provocat,
556 2252 595 2293 in
624 2252 859 2306 praefatione
888 2268 983 2293 vero
1012 2253 1062 2292 ad
1082 2252 1286 2293 Damasum
1306 2253 1528 2307 pollicetur,
1559 2255 1793 2312 Evangelia

62 2307 245 2347 Codicum
278 2308 511 2347 Graecorum
531 2307 736 2347 emendata
757 2307 982 2359 collatione,
1004 2307 1084 2361 sed
1106 2317 1296 2348 veterum.
1332 2322 1365 2348 2.
1396 2309 1584 2362 Rigorem
1605 2311 1795 2355 Criticum

60 2373 169 2403 cauta
195 2361 359 2416 quadam
381 2363 627 2403 Oeconomia
647 2363 698 2403 ita
718 2364 967 2416 temperavit,
996 2375 1036 2403 ut
1056 2363 1310 2404 offensionem
1333 2364 1596 2417 imperitorum
1617 2381 1790 2411 metuens

61 2418 178 2458 multa
198 2416 439 2458 inemendata
460 2419 707 2472 relinqueret:
739 2448 764 2467 ‚,
794 2419 930 2470 Quae,
960 2419 1107 2471 inquit,
1139 2419 1347 2473 Evangelia
1361 2449 1373 2468 ,
1401 2432 1451 2459 ne
1469 2421 1628 2462 multum
1647 2438 1668 2463 a
1688 2424 1794 2465 lesti-

60 2502 87 2524 „
115 2474 202 2513 onis
222 2473 381 2513 Latinae
402 2472 675 2513 consuetudine
695 2473 972 2526 discreparent,
1003 2474 1054 2513 ita
1075 2473 1221 2513 calamo
1240 2473 1555 2527 temperavimus,
1583 2477 1694 2518 uthis
1706 2492 1790 2520 tan-

59 2557 87 2579 „
114 2539 217 2578 tum,
247 2542 345 2581 quae
372 2527 517 2568 sensum
553 2528 780 2568 videbantur
810 2540 976 2578 mutare,
1006 2529 1205 2578 correffis,
1236 2529 1378 2583 reliqua
1399 2543 1551 2570 manere
1572 2544 1787 2585 pateremur

60 2613 87 2634 „
115 2594 156 2624 ut
174 2582 332 2624 fuerant.
353 2605 434 2614 -----
462 2583 563 2635 Qiis
582 2584 685 2623 enim
705 2582 841 2624 doetus
862 2584 1001 2637 pariter
1015 2583 1074 2624 vel
1106 2584 1285 2624 indofims
1307 2614 1319 2634 ,
1355 2598 1442 2624 cum
1472 2586 1513 2624 in
1531 2599 1666 2628 manus
1684 2589 1792 2631 volu-

58 2664 86 2688 „
114 2652 202 2678 men
230 2637 454 2683 assumserit,
483 2641 521 2677 &
543 2653 564 2678 a
584 2637 716 2688 saliva,
746 2652 861 2692 quam
879 2638 989 2678 semel
1010 2638 1180 2689 imbibit,
1210 2639 1349 2680 viderit
1379 2639 1590 2694 discrepare
1611 2644 1718 2696 quod
1739 2645 1791 2686 le-

57 2722 85 2743 „
115 2692 243 2743 distat,
274 2707 354 2732 non
386 2693 509 2733 statim
539 2705 714 2746 erumpat
741 2693 781 2733 in
811 2708 968 2740 vocem3
1000 2707 1061 2733 me
1089 2692 1299 2744 falsarium,
1329 2708 1391 2735 me
1411 2694 1608 2737 clamitans
1626 2698 1700 2739 esse
1721 2700 1789 2740 Sa-

59 2778 86 2798 „
115 2749 294 2802 crilegum
310 2779 321 2798 ,
352 2748 418 2802 qui
437 2747 582 2801 aliquid
600 2748 760 2789 audeam
780 2748 818 2787 in
840 2749 1028 2789 veteribus
1046 2748 1148 2788 libris
1169 2749 1332 2800 addere,
1361 2760 1527 2801 mutare,
1556 2755 1788 2808 corrigere”?

59 2803 167 2843 Hinc
196 2803 335 2844 fastum
348 2833 360 2853 ‚
391 2814 432 2843 ut
464 2804 727 2857 Hieronymus
746 2803 931 2857 interpres
950 2804 996 2843 ab
1017 2803 1265 2858 Hieronymo
1282 2805 1486 2845 trastatore
1504 2819 1585 2845 non
1606 2822 1690 2847 raro
1714 2808 1790 2848 dis-

64 2856 219 2908 fideret,
249 2872 329 2899 non
347 2859 388 2898 in
410 2858 532 2898 verbis
555 2869 726 2909 tantum,
748 2858 812 2899 sed
836 2861 876 2897 &
895 2859 936 2898 in
954 2858 1081 2903 sensu,
1112 2870 1153 2899 ut
1173 2858 1311 2913 Ephes
1338 2858 1409 2900 IV.
1426 2872 1488 2909 19.
1519 2860 1654 2902 Verfio
1665 2859 1793 2915 habet,

59 2911 324 2965 desperantes,
356 2913 685 2954 Commentarius:
714 2940 740 2964 ,‚
770 2913 1030 2962 ἀπηλγηκότες
1059 2913 1180 2954 multo
1209 2914 1312 2954 aliud
1342 2915 1381 2954 in
1411 2915 1563 2956 Graeco
1583 2916 1790 2971 fignificat,

56 2997 83 3017 ,‚
114 2980 227 3020 quam
258 2968 296 3007 in
329 2969 491 3018 Latino,
519 2968 761 3021 desperantes
790 2969 935 3022 quippe
955 2965 1215 3014 ἀπηλπικότες
1236 2970 1505 3021 nominantur,
1535 2970 1791 3021 ἀπηλγηκότες

58 3051 86 3071 ,,
116 3033 239 3061 autem
260 3022 300 3062 hi
319 3023 423 3072 sunt,
455 3037 521 3077 qui
540 3024 741 3078 postquam
762 3024 978 3077 peccarint,
1007 3038 1088 3064 non
1109 3023 1287 3064 dolent’'.
1325 3024 1487 3064 Philem.
1520 3030 1556 3064 6.
1584 3027 1704 3067 verfio
1723 3027 1790 3066 ha.

58 3076 142 3116 bet:
171 3075 354 3127 evidens,
385 3078 713 3119 Commentarius:
744 3110 769 3129 „
800 3078 895 3128 five,
917 3079 1019 3124 utin
1052 3079 1206 3120 Graeco
1231 3079 1363 3120 melius
1396 3079 1555 3120 habetur
1574 3111 1586 3131 ,
1627 3081 1787 3132 effi'cax;

56 3160 84 3180 „
112 3129 234 3180 ἐνεργὴς
256 3132 358 3171 enim
377 3134 532 3186 proprie
551 3133 742 3174 transferri
764 3134 890 3188 potest
910 3132 1048 3184 efficax
1068 3133 1130 3174 seu
1150 3134 1352 3188 operatrix
1364 3137 1400 3173 ’'.
1457 3135 1595 3188 Ephes.
1624 3128 1692 3174 1'11.
1725 3146 1788 3183 14.

55 3184 213 3237 Yerfio:
243 3184 298 3225 ad
319 3186 491 3228 Patrem
511 3187 686 3229 Domini
707 3189 824 3242 nostri
845 3188 948 3242 Jesu
969 3187 1137 3282 Gloristi,
1167 3188 1500 3230 Commentarius:
1531 3219 1558 3240 ,‚
1586 3202 1667 3229 non
1688 3199 1753 3281 utL
1749 3189 1791 3227 in

1058 3256 1077 3281 2
1665 3272 1692 3293 2,
1755 3257 1793 3297 ³⁴.
