1976 3519
135 226 217 278 176
529 215 1525 263 PROLEGOMENA.

132 311 292 366 rigenis,
323 305 610 361 Chrysostomi,
641 304 905 354 Theodoreti,
935 302 1223 358 Theophylaffi
1244 305 1283 342 &
1305 302 1502 343 Verfionis
1535 302 1649 358 Syrae
1670 308 1741 345 &c
1773 321 1855 347 ver-

131 367 188 406 bis
209 377 389 416 compen.
445 361 544 402 Illud
572 362 687 402 etiam
707 361 745 400 in
769 359 993 400 testimoniis
1012 359 1168 399 Patrum
1189 372 1211 397 a
1229 357 1360 397 Millio
1381 358 1557 398 adduffls
1578 358 1854 411 desideramus,

131 419 238 474 quod
260 419 374 459 libros
395 416 582 462 indicare,
610 430 657 456 ex
679 415 815 469 quibus
834 413 974 467 singula
999 414 1128 467 petiit,
1157 412 1379 466 plerumque
1399 413 1574 467 neglexit.

185 474 284 515 Illud
317 487 408 513 vero
440 485 680 526 nequaquam
711 470 757 509 ab
779 469 889 522 hujus
913 468 995 508 Viri
1017 468 1091 508 acri
1109 467 1256 521 judicio
1275 467 1570 521 exspectandum
1589 479 1690 519 erat,
1720 481 1762 510 ut
1781 470 1856 511 Ita-

130 530 223 570 licae
254 527 433 569 Versioni
462 527 499 566 h.
526 541 559 567 e.
590 525 758 566 indoffis
779 551 790 569 ,
829 523 956 563 nescio
987 523 1121 576 quibus
1148 522 1443 575 Interpretibus‚
1472 535 1573 563 certe
1593 522 1730 563 Idiotis
1750 524 1855 566 Afris

131 585 215 638 plus
243 585 442 632 tribueret,
471 596 586 635 quam
617 577 813 620 consensui
842 579 1017 618 omnium
1046 578 1282 618 Graecorum
1315 580 1354 616 δε
1386 577 1581 618 Codicum
1615 581 1653 616 &
1675 579 1855 626 Pati-um,

131 639 434 692 Versionumque
462 636 712 690 reliquarum3
739 634 853 674 etiam
887 634 931 672 iis
963 634 1003 672 in
1035 632 1150 681 locis,
1181 632 1244 672 ubi
1266 644 1367 673 nova
1391 633 1624 688 Hieronymi
1649 631 1785 674 Versio
1808 635 1855 674 ab

132 696 288 748 antiqua
312 692 476 737 receffit,
507 695 545 730 ὃ(
568 691 630 731 ubi
649 700 731 729 tota
749 687 912 728 Ecclesia
934 687 1070 728 Latina
1090 686 1270 727 Veterem
1292 687 1542 740 Interpretem
1575 686 1747 729 deseruit.
1804 689 1856 729 E-

129 750 279 804 jusdem
300 747 500 788 commatis
521 747 597 795 est,
627 742 733 797 quod
752 743 955 783 Lestiones
973 742 1082 782 unius
1109 741 1263 795 alicujus
1284 741 1475 796 singularis
1497 742 1682 793 Codicis,
1711 744 1857 797 quine-

132 820 208 859 que
228 804 452 857 antiquitate
475 814 599 853 neque
617 798 691 839 ulla
707 797 778 837 alia
797 798 943 837 ratione
962 796 1036 837 sese
1055 795 1368 846 commendabat,
1400 795 1695 851 frequentissime
1709 813 1780 851 pro
1789 813 1854 852 ge-

134 861 260 900 nuinis
270 860 406 899 habere
419 870 498 896 non
516 852 845 906 dubitavit-,quod
868 852 983 892 etiam
1005 851 1218 891 Codicibus
1232 851 1388 891 Graecis
1399 878 1410 896 ‚
1422 852 1766 893 aLatinislibrariis
1778 868 1856 893 ma-

132 914 266 954 nifeste
288 911 546 965 interpolatis,
578 908 737 948 nimium
756 908 908 956 tribuit,
937 911 977 946 &
998 906 1066 946 has
1087 905 1183 960 ipsas
1206 906 1517 959 interpolationes
1539 921 1610 960 pro
1622 921 1713 947 vero
1725 908 1854 949 Textu

132 970 294 1016 habuit·,
335 965 442 1020 quod
468 964 635 1017 denique
662 963 702 1002 in
731 961 947 1002 recensione
978 961 1172 1002 Editionis
1200 961 1486 1014 Complutenfis
1524 964 1562 1000 &
1591 961 1854 1013 Erasmianae,

133 1038 252 1078 quac,
271 1023 360 1076 quia
381 1035 424 1061 ex
446 1019 505 1059 his
525 1031 659 1058 omnes
680 1017 877 1070 sequentes
898 1016 1078 1069 procusae
1099 1015 1222 1066 fuere,
1252 1016 1452 1070 praecipue
1462 1028 1671 1057 accuratam
1684 1031 1797 1071 atque
1809 1017 1855 1058 fi-

131 1079 257 1120 delem
288 1075 580 1129 descriptionem
612 1072 849 1113 merebantur
869 1098 880 1116 ‚
922 1071 989 1111 suo
1019 1070 1221 1125 indulgens
1250 1070 1384 1111 vivido
1414 1071 1572 1125 ingenio
1588 1072 1718 1112 omnia
1737 1086 1855 1127 usque

132 1134 182 1174 ad
204 1130 464 1174 minutiffimas
493 1143 550 1170 res
578 1127 786 1174 confinxit,
815 1125 913 1168 adeo
936 1137 977 1167 ut
996 1126 1036 1167 in
1057 1137 1138 1167 tota
1157 1140 1201 1166 ea
1224 1126 1439 1168 narratione
1459 1127 1522 1167 vix
1543 1126 1677 1168 vocula
1697 1127 1855 1181 quidem

134 1203 223 1231 vera
242 1188 296 1229 fit.

194 1257 256 1285 12.
286 1245 352 1285 ΑΟ.
388 1255 506 1296 1709.
541 1239 774 1281 Ludovicus
806 1238 996 1292 Kusterus
1025 1237 1284 1279 Roterodami
1312 1237 1534 1279 Editionem
1566 1237 1769 1280 secundam
1797 1238 1854 1280 N.

132 1299 183 1341 T.
213 1299 380 1340 Milliani
411 1297 575 1347 curavit,
608 1299 645 1336 &
679 1295 729 1336 V.
759 1295 802 1335 L.
831 1309 879 1335 ex
908 1293 1100 1333 duodecim
1131 1292 1254 1334 MSS.
1281 1291 1477 1333 codicibus
1495 1291 1657 1346 adjecit,
1685 1294 1855 1348 itemque

133 1354 408 1410 praefationem
428 1352 656 1393 luculentam
669 1382 679 1399 ‚
708 1350 811 1391 unde
831 1349 1022 1403 sequentia
1041 1349 1299 1402 excerpimus:
1330 1377 1357 1399 „
1387 1348 1530 1402 Neque
1549 1349 1652 1389 enim
1665 1379 1676 1399 ‚
1705 1349 1854 1402 inquit,

133 1441 158 1461 „
188 1410 271 1450 illos
304 1409 508 1462 quicquam
537 1421 691 1456 moror,
713 1406 779 1460 qui
798 1418 956 1445 omnem
978 1403 1185 1449 Criticam,
1215 1415 1397 1457 tanquam
1419 1417 1499 1442 non
1519 1403 1691 1444 inutilem
1712 1403 1856 1455 solum,

131 1497 158 1517 ,‚
188 1465 253 1505 sed
271 1465 386 1505 etiam
407 1463 562 1517 periculi
581 1461 734 1515 plenam
753 1475 774 1500 a
796 1461 833 1500 S.
861 1460 996 1512 Script.
1028 1458 1301 1498 removendam
1323 1458 1477 1498 censent
1486 1479 1498 1506 3
1529 1458 1593 1511 qui
1616 1458 1773 1512 quidem
1786 1459 1854 1499 ho·

132 1552 157 1572 „
186 1521 330 1569 mines,
349 1518 443 1573 quid
465 1517 531 1558 fibi
560 1516 702 1566 velint,
731 1514 800 1569 ipsi
831 1515 1007 1570 ignorare
1034 1512 1233 1563 videntur,
1264 1527 1389 1567 neque
1416 1512 1502 1553 satis
1531 1513 1855 1565 animadvertere,

130 1607 157 1628 „
187 1589 301 1629 quam
322 1573 430 1613 facile
449 1573 583 1626 copiae
603 1571 752 1611 illorum
773 1570 814 1609 in
834 1569 1033 1623 angustum
1053 1569 1142 1623 cogi
1173 1567 1323 1622 possint.
1382 1567 1493 1621 Quid
1516 1568 1618 1608 enim
1631 1594 1642 1614 ,
1663 1583 1712 1608 an
1742 1583 1857 1623 nega-

130 1662 157 1682 ,‚
187 1631 281 1670 bunt
303 1629 385 1668 dari
405 1626 605 1668 Variantes
625 1626 827 1666 Lestiones
855 1625 911 1664 N.
940 1623 991 1664 T.
1021 1637 1069 1662 an
1105 1637 1198 1663 vero
1227 1622 1469 1663 affirmabunt
1497 1623 1642 1675 primos
1673 1622 1854 1665 Editores

130 1713 155 1736 ,‚
188 1685 242 1725 N.
273 1684 324 1724 T.
353 1685 509 1722 &inter
530 1694 597 1721 eos
626 1680 828 1733 praecipue
852 1679 1071 1718 Robertum
1092 1677 1330 1730 Stephanum
1354 1676 1483 1730 (cujus
1504 1677 1637 1717 Editio
1661 1691 1750 1729 prae
1772 1679 1854 1720 aliis

129 1771 156 1792 „
186 1750 337 1793 recepta
353 1735 440 1790 est)
470 1735 605 1777 divino
626 1734 758 1775 afflatu
780 1736 819 1773 &
840 1732 1019 1773 instin&u
1030 1731 1222 1786 praeditos
1240 1731 1370 1781 fuisse,
1398 1745 1446 1772 ne
1466 1733 1506 1771 in
1527 1731 1753 1774 dissensione
1774 1734 1857 1774 Co-

131 1826 157 1848 „
186 1795 315 1835 dicum
340 1793 475 1843 MSS,
505 1804 602 1846 quos
615 1789 664 1830 ad
684 1802 839 1829 manum
861 1787 1074 1832 habebant,
1104 1802 1125 1827 a
1152 1801 1244 1828 vero
1273 1786 1403 1828 Textu
1435 1786 1661 1840 Apostolico
1688 1802 1856 1842 unquam

130 1882 158 1903 „
187 1850 400 1891 aberrarent
423 1850 438 1888 ?
480 1845 672 1900 Equidem
692 1847 731 1884 δε
751 1842 1034 1885 verecundioris
1054 1841 1190 1882 frontis
1208 1841 1556 1895 &saniorisjudicii
1567 1842 1649 1883 fore
1671 1844 1857 1895 existimo,

130 1937 157 1957 „
188 1919 302 1960 quam
322 1915 363 1944 ut
382 1901 442 1944 vel
463 1900 556 1942 illud
575 1912 736 1954 negare,
764 1898 823 1939 vel
848 1898 923 1937 hoc
942 1897 1128 1937 affirmare
1149 1897 1278 1937 ausint.

184 1991 211 2011 „
240 1960 280 2000 Si
299 1959 413 2013 igitur
431 1956 570 1997 dantur
590 1954 641 1994 V.
670 1954 715 1995 L.
746 1952 858 1992 Novi
878 1952 983 1992 Test.
1014 1951 1146 2005 (quod
1169 1950 1379 1992 concedere
1400 1952 1544 1993 necesse
1573 1951 1650 2005 est)
1680 1967 1769 1994 num
1790 1955 1858 1998 boe

132 2047 158 2067 „
188 2028 280 2056 num
312 2014 452 2054 fastum
486 2010 694 2066 putabunt,
725 2021 787 2049 eas
813 2007 1004 2062 negligere
1028 2018 1091 2046 aut
1121 2006 1352 2060 suppressum
1373 2007 1452 2048 ire?
1483 2009 1604 2062 Atqui
1624 2008 1650 2048 fi
1673 2009 1749 2049 hoc
1770 2010 1858 2063 ipsis

131 2102 158 2123 „
187 2069 396 2124 persuasum
424 2066 499 2117 est,
527 2078 662 2106 omnes
692 2062 925 2104 cordatiores
954 2061 1116 2102 seorsum
1147 2062 1194 2102 ab
1215 2062 1286 2102 illis
1315 2061 1484 2103 sensuros
1511 2063 1584 2103 esse
1605 2078 1684 2103 non
1708 2064 1855 2106 dubito.

133 2154 160 2177 ‚,
194 2125 264 2166 Vel
286 2124 389 2166 enim
414 2121 617 2163 Variantes
636 2118 721 2160 illae
741 2118 944 2159 Leffiones
964 2117 1048 2158 sunt
1066 2116 1222 2170 alicujus
1243 2118 1429 2158 momenti
1449 2118 1508 2158 vel
1535 2118 1681 2160 nullius.
1735 2119 1772 2159 Si
1795 2120 1860 2160 ali-

131 2213 157 2234 „
187 2181 293 2234 cujus
322 2179 406 2220 sunt
440 2175 647 2223 momenti,
679 2187 776 2228 quae
797 2172 963 2223 invidia,
985 2186 1033 2212 ne
1063 2170 1190 2212 dicam
1220 2172 1394 2226 impietas
1413 2171 1548 2222 fuerit,
1578 2173 1759 2227 pretiosas
1780 2175 1860 2216 illas

130 2267 158 2289 „
187 2233 423 2289 antiquitatis
451 2231 625 2285 reliquias
656 2228 910 2283 supprimere,
941 2241 986 2267 ex
1016 2227 1152 2281 quibus
1172 2242 1259 2268 vera
1282 2231 1321 2266 &
1347 2227 1568 2282 Archetypa
1588 2229 1735 2270 Textus
1757 2230 1861 2271 Sacri

131 2323 159 2344 „
189 2291 304 2331 lestio
335 2288 443 2341 saepe
464 2288 544 2328 erui
563 2285 730 2340 poterit?
760 2283 786 2324 si
808 2283 944 2323 nullius
964 2282 1048 2322 sunt
1069 2283 1281 2331 momenti,
1312 2281 1406 2336 quid
1428 2284 1655 2323 cunstanmr
1677 2298 1721 2324 ea
1742 2285 1782 2324 in
1805 2285 1862 2326 lu-

131 2379 159 2399 „
187 2359 270 2387 cem
292 2342 474 2399 proferri,
505 2340 608 2383 unde
627 2353 707 2380 non
728 2337 848 2380 solum
869 2337 999 2378 causae
1020 2338 1238 2392 Religionis
1261 2337 1501 2378 Christianae
1519 2338 1663 2379 nullum
1684 2339 1860 2380 imminet

131 2434 158 2455 ‚‚
186 2400 419 2456 periculum,
448 2397 513 2438 sed
538 2397 652 2437 etiam
682 2409 778 2449 quae
808 2394 1015 2434 maximum
1047 2391 1097 2432 ad
1129 2392 1390 2433 stabiliendam
1421 2393 1502 2446 ejus
1534 2394 1730 2435 veritatem
1753 2395 1860 2448 adju-

131 2485 157 2510 „
188 2468 358 2497 mentum
381 2451 528 2494 adferre
551 2450 728 2505 possunt?
759 2447 870 2502 Qiid
890 2448 992 2489 enim
1025 2448 1266 2488 autoritatem
1285 2448 1432 2488 Textus
1456 2447 1547 2488 sacri
1579 2450 1699 2504 magis
1721 2450 1861 2490 confir-

133 2544 159 2565 „
190 2525 291 2551 mare
311 2520 448 2564 queat,
480 2521 595 2561 quam
618 2504 798 2545 mirificus
819 2515 878 2544 tot
899 2501 1093 2543 Codicum
1115 2502 1248 2553 MSS„
1279 2501 1530 2547 Verfionum‚
1561 2504 1715 2544 Patrum
1729 2535 1740 2554 ,
1767 2504 1860 2545 alio-

133 2598 160 2619 „
190 2579 349 2619 rumque
370 2564 594 2617 scriptorum
616 2572 786 2601 veterum
810 2557 1031 2607 consensu3‚
1060 2558 1126 2611 qui
1146 2556 1277 2612 (quod
1299 2557 1348 2597 ad
1370 2557 1493 2610 ipsum
1513 2558 1859 2612 Textumiattinet)

132 2653 158 2674 „
189 2621 322 2662 leviter
343 2630 491 2659 tantum
513 2620 552 2656 &
573 2616 713 2670 exiguo
731 2613 943 2655 admodum
962 2612 1178 2653 discrimine
1198 2614 1295 2653 inter
1318 2611 1353 2652 se
1371 2613 1613 2666 discrepent?

133 2696 136 2702 Α
188 2676 269 2716 Hic
289 2686 416 2715 tamen
435 2671 528 2712 illud
546 2669 811 2711 adnotandum
829 2669 1000 2718 videtur,
1032 2669 1140 2721 quod
1159 2682 1238 2708 non
1257 2667 1376 2707 solum
1399 2669 1530 2707 omnia
1548 2668 1663 2709 Millii
1673 2680 1793 2710 errata
1806 2684 1861 2710 re-

133 2732 270 2777 tinuit,
299 2729 364 2770 sed
389 2726 621 2782 negligentia
650 2725 962 2781 Typothetarum
991 2722 1187 2777 complura
1206 2721 1298 2772 alia,
1327 2735 1448 2776 eaque
1469 2721 1861 2773 foediora,accedere

164 2785 258 2827 assus
278 2785 342 2825 est.

135 2801 162 2841 p
196 2854 256 2893 13.
289 2842 354 2881 ΑΟ.
388 2850 507 2890 1710.
539 2834 700 2876 Daniel
731 2833 887 2887 Whitby
922 2834 956 2874 S.
988 2833 1038 2874 T.
1069 2833 1111 2873 P.
1142 2832 1266 2873 edidit
1293 2832 1466 2874 Londini
1497 2832 1537 2872 in
1560 2831 1654 2873 folio
1677 2835 1862 2875 Examen

137 2896 394 2937 Variantium
416 2891 645 2932 Lefflonum
667 2890 870 2943 Johannis
890 2888 1018 2929 Millii
1039 2891 1080 2928 in
1101 2887 1159 2928 N.
1191 2887 1233 2929 T.
1247 2908 1261 2934 5
1293 2888 1334 2927 in
1355 2902 1434 2942 quo
1452 2901 1570 2941 opere
1588 2888 1680 2929 ficut
1700 2889 1862 2945 diligen-

134 2952 227 2992 tiam
251 2953 289 2988 &
309 2949 433 2989 zelum
452 2945 690 2987 Venerabilis
713 2944 815 2984 istius
836 2943 931 2984 senis
957 2943 1290 2997 depraedicamus,
1319 2943 1371 2984 ita
1393 2957 1472 2983 non
1494 2942 1688 2997 possumus
1710 2958 1789 2984 non
1811 2943 1865 2984 fa·

134 3006 227 3054 teri,
249 3005 571 3057 illum,quantum
587 3000 735 3053 judicio
758 2999 888 3039 nostro
908 2997 1154 3052 assequimur,
1181 2999 1221 3038 in
1244 2998 1324 3038 aliis
1346 2999 1578 3052 argumentis
1591 2998 1733 3039 felicius
1745 2998 1866 3039 versa-

134 3073 218 3102 tum
247 3058 362 3100 fuisse.
419 3058 516 3109 Quo
539 3069 673 3096 ammo
694 3053 742 3094 ad
765 3053 863 3093 istud
886 3067 1044 3093 examen
1067 3053 1103 3093 se
1125 3054 1351 3102 accinxerit,
1382 3054 1422 3093 in
1444 3052 1526 3106 ipso
1543 3053 1679 3093 Titulo
1699 3066 1754 3094 ter
1776 3068 1864 3105 pro-

140 3115 265 3166 didit,
293 3113 387 3155 dum
406 3112 547 3154 asserit:
580 3110 807 3151 Leei‘ionem
829 3106 981 3149 Textus
1005 3107 1180 3148 hodierni
1199 3110 1241 3149 in
1260 3106 1432 3149 omnibus
1451 3108 1606 3162 defendi
1617 3109 1735 3163 paffe.
1774 3109 1863 3148 Sine

1743 3162 1861 3203 dubio
