1976 3519
124 230 176 276 32
511 205 1504 257 PROLEGOMENA.

123 335 150 358 ,‚
178 306 349 349 Textum
382 302 504 357 ipsum
534 302 734 351 exhibere,
764 312 878 354 quem
908 297 1110 338 ediderant
1139 294 1208 348 ipsi
1230 293 1514 347 Evangelistae,
1545 289 1630 340 sed,
1660 289 1861 331 observato

123 389 150 415 ,3
180 362 365 403 duntaxat
393 360 428 400 S.
455 356 606 399 Textus
626 356 764 397 ordine
783 360 819 394 &
840 354 1017 401 historia,
1048 350 1189 405 singula
1212 349 1420 403 Evangelia
1445 347 1669 387 absolutiora
1691 346 1861 385 reddere.

123 449 151 470 „
183 418 275 458 Huc
303 415 407 456 enim
437 413 580 454 faciunt
608 409 841 452 intromissae
862 409 901 448 in
924 408 1105 461 cujusque
1128 404 1323 458 Evangelii
1346 416 1490 443 textum
1512 401 1715 455 particulae
1737 403 1861 440 variae

125 504 152 525 ,‚
183 473 429 526 integraeque
459 467 616 510 Periodi
634 467 886 520 reliquorum:
919 463 994 503 huc
1015 460 1211 503 traductae
1229 473 1276 499 ex
1297 457 1513 512 Evangeliis
1533 455 1777 509 Apocryphis
1795 472 1864 494 πε-

128 558 154 578 „
184 523 380 581 ςικοπαῖ”;
412 524 550 579 quibus
580 521 710 563 Millii
742 519 856 561 Prol.
888 531 1007 568 1274.
1038 516 1184 564 verbis,
1211 527 1308 568 quae
1331 514 1458 552 nostra
1479 512 1657 560 fecimus,
1687 510 1864 550 addimus

128 587 169 622 &
191 581 412 622 omissiones
431 577 728 634 quamplurimas
749 578 788 614 &
810 574 1039 614 mutationes
1061 584 1278 619 occurrere,
1308 569 1509 622 praecipue
1530 564 1861 606 ubiautlienticam

127 638 335 678 leffionem
355 647 566 690 repugnare
584 631 820 673 existimabat
841 630 901 670 vel
923 627 1100 668 historiae
1112 625 1282 672 veritati,
1311 623 1368 663 vel
1384 622 1524 677 gloriae
1537 621 1681 661 Christi
1697 620 1774 667 ,vel
1785 619 1867 659 aliis

128 694 346 747 Scripturae
367 689 618 743 lociS‚exigui
637 684 850 727 admodum
871 683 1006 738 judicii
1026 679 1344 721 Consarcinator:
1377 677 1440 718 sed
1460 676 1581 717 multo
1592 676 1735 727 saepius
1747 674 1867 714 defle-

130 749 185 790 xit
217 748 343 797 idem,
375 745 526 800 quoties
554 757 601 783 ex
622 741 767 782 Latinis
791 739 867 779 sive
891 737 1075 779 Verfione
1096 735 1190 775 Itala
1208 733 1296 774 fecit
1316 734 1486 781 Graeca,
1516 733 1566 770 ita
1587 744 1626 771 ut
1650 729 1866 771 Vocabulo-

132 818 216 844 rum
237 806 276 842 &
297 801 495 843 Phrasium
514 798 682 839 violenta
702 794 870 836 detorsio
891 794 1011 834 cuivis
1032 801 1234 844 appareat3
1264 788 1370 842 quod
1390 788 1505 827 etiam
1517 786 1720 826 observarit
1736 785 1869 824 Lucas

134 857 343 913 Brugensts
364 856 413 897 ad
435 852 681 896 Coronidem
701 850 888 890 orationis
904 847 1132 889 Dominicae
1155 845 1206 884 ita
1228 843 1442 883 scribens’':
1474 841 1539 882 Ad
1560 842 1694 880 Latina
1713 840 1870 893 castiga·-

133 941 161 965 ,‚
192 924 322 970 garum
345 911 551 953 vehemens
571 908 667 947 mihi
689 905 849 959 suscipio
872 904 948 954 est,
977 916 1064 943 cum
1085 914 1131 940 ex
1152 900 1227 939 hoc
1246 899 1357 948 loco,
1386 909 1467 937 tum
1488 911 1531 936 ex
1554 896 1633 936 aliis
1656 895 1869 949 pluribus”;

135 973 177 1009 &
209 980 298 1009 ante
329 967 451 1021 ipsum
482 964 526 1006 T.
561 962 681 1001 Beza
702 959 926 1001 consensum
947 958 1001 998 sui
1025 954 1187 996 Codicis
1207 969 1294 994 cum
1316 952 1501 994 Versione
1519 951 1683 1005 Vulgata
1705 954 1743 989 ὃς
1773 948 1872 992 vidit

136 1028 177 1064 ὃς
214 1024 370 1063 miratus
398 1021 472 1069 est,
502 1018 552 1059 ad
577 1018 674 1057 Luc.
705 1016 817 1058 vill.
854 1028 916 1065 54.
947 1007 1102 1052 ὲκζαλῶν
1122 1008 1187 1062 ’ἐξω
1207 1007 1374 1058 πάντας,
1405 1008 1564 1057 „Vetus
1583 1007 1788 1058 interpres,
1816 1005 1874 1044 in-

136 1110 162 1131 ,‚
192 1079 297 1133 quit,
326 1077 420 1117 haec
449 1088 530 1115 non
550 1073 663 1128 legit:
692 1071 900 1125 reperimus
921 1082 1048 1110 tamen
1072 1066 1112 1105 in
1134 1065 1312 1105 omnibus
1332 1063 1485 1104 vetustis
1507 1061 1740 1107 Codicibus,
1771 1060 1796 1100 fi
1821 1059 1874 1100 se-

135 1164 163 1186 „
192 1133 363 1174 cundum
385 1134 422 1170 &
443 1131 624 1170 ostavum
643 1128 832 1181 excipias,
863 1137 1027 1179 quorum
1050 1119 1230 1161 mirificus
1249 1120 1302 1160 est
1324 1132 1410 1158 cum
1422 1117 1573 1170 vulgata
1592 1115 1761 1156 editione
1782 1128 1876 1155 con-

137 1220 165 1242 „
194 1188 319 1229 sensus
330 1191 375 1236 ”5
406 1200 486 1240 quo
506 1185 628 1238 magis
649 1184 790 1232 miror,
819 1194 908 1221 eum
929 1176 1153 1220 consensum
1172 1175 1275 1216 istius
1296 1173 1443 1215 causam
1462 1171 1592 1212 videre
1612 1185 1691 1210 non
1704 1170 1876 1223 potuisse.

194 1244 304 1286 Hinc
335 1254 440 1297 patet
467 1254 583 1295 quam
615 1238 787 1292 perverse
820 1235 1022 1283 Marinus,
1052 1241 1257 1286 praeeunte
1286 1244 1331 1270 ex
1361 1240 1467 1283 parte
1498 1227 1616 1267 Beza
1639 1229 1676 1266 &
1699 1226 1877 1278 sequente

140 1299 333 1348 Simonio‚
364 1311 410 1338 ex
441 1296 575 1336 talibus
595 1293 808 1334 Codicibus
829 1291 989 1331 Graecis
1005 1287 1236 1330 Versionem
1256 1285 1434 1325 Latinam
1454 1281 1671 1322 confirmari
1693 1279 1798 1335 polse
1815 1281 1877 1334 ju-

139 1355 325 1396 dicaverit
344 1383 355 1403 ,
394 1351 720 1393 Exercitationum
760 1346 990 1388 Biblicarum
1018 1341 1182 1384 secunda
1215 1341 1298 1381 libri
1328 1339 1441 1394 primi
1470 1339 1568 1391 Cap.
1602 1350 1620 1389 3
1658 1339 1696 1375 δε
1716 1348 1754 1386 4.
1787 1350 1877 1376 vere

141 1410 301 1466 quidem
330 1406 519 1463 praefatus
549 1402 823 1459 „praejudicio
843 1399 1041 1454 occupatis
1065 1397 1158 1438 nihil
1178 1395 1251 1436 effe
1275 1407 1353 1435 tam
1376 1395 1578 1443 sincerum,
1609 1390 1715 1446 quod
1736 1389 1882 1431 adulte-

143 1497 169 1518 „
200 1467 324 1506 rinum
360 1476 439 1503 non
473 1461 647 1502 videatur
658 1463 691 1500 ”.
748 1457 873 1510 Qiod
904 1455 993 1495 scite
1026 1455 1065 1493 in
1098 1452 1220 1506 ipsum
1248 1450 1395 1492 retorsit
1416 1448 1580 1489 Millius:
1611 1478 1635 1498 „
1666 1445 1880 1486 istiusmodi

142 1531 170 1573 ³„
200 1518 442 1567 hominibus,
472 1517 619 1570 inquit,
649 1513 744 1554 nihil
777 1513 850 1553 esse
881 1523 960 1551 tam
991 1507 1245 1549 adulterinum
1266 1536 1277 1556 ‚
1317 1504 1425 1559 quod
1453 1517 1531 1543 non
1566 1503 1737 1542 videatur
1766 1500 1880 1541 fince-

142 1604 171 1628 „
201 1578 330 1617 rum’'.
386 1573 549 1614 Morino
579 1570 718 1611 scilicet
747 1567 892 1608 Matth.
921 1565 995 1606 IX.
1024 1576 1092 1615 42·
1122 1560 1277 1613 ποτήριον
1307 1560 1434 1602 ὕδατος
1461 1557 1603 1610 ψυχςοῧ
1631 1571 1702 1607 pro
1725 1552 1881 1606 ποτήριον

143 1630 309 1684 ψυχροῦ,
339 1629 526 1670 fincerum
557 1629 596 1665 &
625 1624 835 1680 genuinum
864 1620 1073 1662 videbatur.
1129 1617 1242 1658 XIII.
1276 1629 1308 1667 ς.
1341 1613 1484 1668 ἐξῆλθεν
1512 1611 1526 1652 ὃ
1558 1610 1698 1664 σπεῖςων
1720 1610 1882 1662 σπεῖςαι,

143 1686 284 1728 omisso
307 1684 488 1733 articulo,
519 1696 592 1735 pro
612 1695 661 1721 eo
682 1677 791 1733 quod
812 1690 885 1717 nos
905 1676 1085 1730 legimus,
1115 1670 1258 1726 ἒξῆλθεν
1282 1669 1295 1710 ὃ
1315 1668 1455 1723 σπείςων
1477 1668 1538 1708 τοῦ
1557 1665 1710 1719 σπείςειν.
1766 1667 1881 1708 XlV.

147 1755 213 1793 24.
243 1738 285 1780 τὸ
306 1738 341 1779 δὲ
362 1737 486 1778 πλοῖον
500 1733 537 1777 ’ἦν
554 1735 596 1777 εἷς
615 1732 712 1781 μέσον
728 1732 791 1774 fiis
813 1727 1028 1778 θαλάσσης,
1058 1742 1131 1781 pro
1151 1725 1193 1766 τὸ
1214 1723 1249 1765 δὲ
1268 1725 1390 1764 τσλοῖον
1410 1722 1469 1769 ἤδη
1489 1721 1584 1772 μέσον
1613 1722 1674 1764 τῆς
1690 1719 1885 1765 θαλάσσης

140 1794 188 1838 ἲν.
244 1795 339 1838 XV.
373 1795 409 1835 8.
440 1789 552 1845 πόρρω
575 1785 648 1834 ξεῖ-ἲν
668 1788 739 1828 ἀπ’
761 1785 863 1836 ἐμοῦ,
893 1799 965 1839 pro
986 1781 1100 1835 πόρρω
1123 1778 1257 1832 ἀπέχει
1277 1780 1345 1818 ἀπ’
1368 1779 1459 1826 ἐμοῦ.
1502 1778 1564 1832 JO-
1594 1777 1666 1818 Xl.
1705 1790 1762 1822 19.
1796 1773 1886 1828 πρὸς

145 1849 307 1903 Μάρθαν
338 1845 390 1899 κς)
418 1844 580 1897 Μαρίαν,
612 1858 684 1898 pro
713 1838 802 1893 τσρὲς
831 1838 902 1882 ταὶς
932 1834 1012 1890 περὶ
1034 1835 1191 1890 Μοίςθαν
1215 1830 1266 1885 ›tq-i
1286 1832 1433 1885 Μαρίαν.
1488 1833 1584 1874 XX.
1620 1845 1680 1880 15.
1713 1827 1743 1870 εἶ
1757 1828 1797 1870 σὺ
1814 1828 1885 1882 “rim

146 1904 272 1954 ιἰυτὲν,
302 1918 384 1946 non
412 1902 435 1942 ἒι
464 1899 505 1941 σὺ
534 1897 722 1943 {ederam
750 1894 866 1936 αυτόν.
922 1894 1038 1934 XXI.
1072 1906 1135 1946 23.
1165 1889 1310 1944 ἒξῆλθεν
1339 1888 1387 1929 οἶν
1413 1887 1426 1929 ὃ
1448 1886 1554 1936 λέγος
1574 1885 1668 1928 οὗτος
1690 1885 1733 1927 εἷς
1755 1882 1819 1927 τὲς
1839 1886 1886 1926 ἂ,-

145 1957 280 2010 &amas
309 1959 440 2007 addit,
470 1953 523 2006 affl*
551 1953 678 2007 ἔδοξαν.
734 1952 827 1992 Luc.
855 1948 990 1991 XVII.
1024 1948 1087 1987 18.
1120 1945 1157 1999 ἒξ
1186 1944 1301 1985 ἀυτῶν
1329 1942 1413 1985 &cleis
1433 1940 1532 1994 ἑυρέθνι
1552 1938 1806 1995 ὑποςςὲφωνῒς
1824 1939 1892 1980 ‹M›-

147 2030 196 2058 ’σει
214 2015 316 2070 δόξαν
337 2014 389 2064 τῷ
409 2012 480 2062 Sec}
502 2010 571 2065 ipsi
591 2008 768 2049 sincerius
787 2006 864 2055 est,
896 2017 1013 2058 quam
1033 2003 1089 2053 ἐχ
1112 1998 1288 2052 ἑυρὲθησαν
1308 1997 1577 2052 ὑποφςὲψαντες
1600 1998 1691 2037 δέναι
1710 1995 1812 2050 δόξαν
1833 1996 1887 2045 τᾷἱ

150 2072 220 2121 Θεῷ.
252 2069 408 2112 XXIII.
442 2068 505 2107 28.
537 2064 575 2118 ἒξ
604 2061 718 2104 ἱκανῶν
747 2063 866 2114 χρόνων
892 2058 1090 2109 sincerius,
1119 2070 1234 2111 quam
1264 2054 1301 2107 ἐξ
1326 2052 1433 2095 inaug.
1494 2053 1614 2093 Marc.
1646 2053 1715 2094 VI.
1749 2066 1813 2105 30.
1844 2051 1889 2094 εἷς

151 2125 219 2169 τές
241 2125 386 2176 ’έγγιεῖα
403 2118 515 2172 ἆγρὲς
536 2135 608 2175 pro
629 2118 673 2161 εἷς
691 2114 756 2160 ‘riis
773 2114 896 2165 κύκλῳ
917 2108 1039 2165 ἀγρὲς.
1094 2112 1203 2153 VIII.
1237 2125 1299 2162 25.
1334 2109 1464 2163 ἥςξατο
1495 2106 1788 2160 ἆναζλὲψαι-ὥτῖε
1809 2107 1891 2147 ἀνοι-

152 2180 322 2233 βλέψαι,
352 2194 424 2235 pro
442 2175 589 2222 ἐποίησεν
609 2171 711 2215 αυτὸν
733 2164 1005 2223 ἄναζλέψαι-χς)
1027 2165 1196 2218 ἒνέζλεψε.
1227 2167 1312 2207 A&
1343 2165 1453 2206 VIII.
1487 2178 1549 2212 24.
1580 2164 1706 2204 addit:
1731 2160 1770 2204 ‘iis
1793 2172 1891 2201 σολ-

154 2237 212 2280 λὰ,
238 2234 366 2277 κλάιων
394 2236 415 2274 ε’
443 2230 671 2280 ‹lienium-owe,
701 2242 799 2284 quac
828 2226 942 2267 verba
963 2225 1075 2279 plane
1094 2223 1178 2263 sunt
1200 2218 1455 2273 ἀπροσδιόνυσα.
1510 2219 1624 2261 XVI.
1663 2232 1720 2271 ¹3-
1750 2216 1774 2257 ἒ
1789 2216 1891 2257 ἐδόκει

153 2308 228 2349 pro
255 2289 280 2331 ἔ
305 2289 488 2344 ἐνομίζετο.
545 2285 699 2328 XVIII.
737 2296 799 2334 14.
827 2278 965 2322 ἐντιθεὶς
996 2276 1038 2320 τὸ
1066 2277 1169 2326 ’ὄνομα
1189 2277 1251 2317 τοῖι
1274 2273 1376 2328 Κυρῖε
1399 2289 1495 2317 vers.
1531 2288 1590 2314 21.
1620 2272 1893 2326 ἀποταξάμενος

156 2347 218 2391 καὶ
247 2345 347 2388 {mbr
376 2360 448 2401 pro
476 2339 701 2394 ἀπετάξατο
731 2335 846 2379 ἀυτοῖς
874 2333 983 2376 imezi.
1014 2334 1110 2376 XX.
1146 2337 1208 2373 16.
1237 2330 1377 2377 μῆποτε
1397 2330 1521 2381 wervi-325⁶
1553 2328 1652 2379 ἀυτῷ
1683 2327 1893 2382 marimum

148 2421 211 2447 τις
229 2418 301 2459 pro
320 2402 414 2443 ’ὅπως
434 2397 480 2450 μὴ
501 2395 641 2448 γένηται
659 2394 758 2445 αυτῷ
780 2390 1041 2445 χρονοτριςῆσαι.
1071 2389 1256 2430 obtestor
1275 2388 1338 2427 hic
1357 2400 1491 2427 omnes
1513 2385 1602 2425 sano
1619 2384 1766 2439 judicio
1788 2398 1895 2437 prae-

156 2461 283 2510 ditos,
311 2473 355 2498 ac
374 2458 566 2497 literarum
589 2453 823 2492 Graecarum
846 2448 1011 2502 peritos,
1042 2444 1218 2499 judicent
1236 2454 1319 2484 utra
1339 2442 1472 2484 Lec‘rio
1493 2441 1537 2481 sit
1551 2440 1749 2488 sincerior,
1779 2440 1892 2479 illane

158 2529 276 2571 quani
305 2513 422 2554 nostri
444 2509 614 2551 Codices
634 2506 816 2548 exhibent
837 2534 849 2553 ,
879 2516 927 2543 an
954 2515 1070 2556 quarn
1099 2500 1279 2540 Morinus
1307 2512 1353 2538 ex
1382 2495 1533 2536 Codice
1566 2496 1691 2535 Bezae
1723 2495 1893 2534 Graeco-

158 2571 303 2612 Latino
333 2566 515 2622 protulit?
554 2564 606 2605 ita
631 2574 768 2603 omnes
798 2558 887 2599 istae
906 2556 1152 2598 Morinianae
1170 2553 1503 2608 interpolationem
1524 2549 1673 2590 indoffi
1694 2550 1818 2589 Latini
1839 2548 1894 2589 sa·

159 2627 294 2681 piunt,
324 2635 366 2664 ut
395 2635 475 2663 non
500 2619 569 2660 nisi
589 2618 781 2658 literarum
802 2614 1036 2654 Graecarum
1057 2610 1220 2650 omnino
1242 2609 1326 2649 rudi
1348 2607 1513 2661 cuipiam
1533 2620 1603 2658 pro
1627 2605 1786 2644 Graecis
1805 2605 1895 2644 arri·

160 2681 253 2722 dere
283 2677 435 2733 possint.
488 2676 539 2716 Et
580 2673 667 2713 sane
695 2672 868 2725 Linguae
896 2668 1067 2709 Graecae
1088 2664 1344 2719 ignorantiam
1365 2662 1544 2703 Morinus
1568 2674 1647 2700 non
1668 2660 1706 2699 in
1731 2659 1789 2699 his
1808 2672 1892 2699 tan-

161 2747 270 2785 tum,
299 2733 364 2774 sed
396 2735 436 2772 δε
464 2731 553 2771 alias
581 2726 775 2783 prodidit:
804 2755 830 2775 ‚‚
860 2722 1042 2776 Contigit
1062 2723 1189 2769 enim,
1219 2732 1261 2760 ut
1281 2729 1406 2759 narrat
1429 2717 1598 2769 Scriptor
1619 2715 1718 2754 vitae
1739 2715 1820 2768 ejus
1842 2714 1897 2755 R.

158 2819 187 2843 ,‚
217 2790 412 2832 Simonias
430 2818 442 2836 ,
471 2797 513 2826 ut
532 2786 573 2825 in
595 2782 768 2823 familiari
792 2778 988 2833 colloquio
1017 2776 1154 2817 oborta
1173 2774 1286 2815 fiacrit
1312 2772 1482 2827 quaestio
1505 2770 1629 2824 aliqua
1647 2769 1697 2810 de
1717 2769 1895 2823 iis,quae

161 2877 189 2899 „
219 2857 310 2887 tunc
332 2858 353 2884 a
372 2840 605 2894 Theologis,
633 2837 731 2891 jussu
752 2838 791 2875 &
816 2833 1040 2875 auuoritate
1060 2829 1259 2871 Pontificis
1279 2827 1441 2869 Maximi
1462 2827 1616 2867 Romae
1639 2825 1895 2878 congregatis,

158 2932 188 2955 9,
218 2898 505 2954 disputabantur
526 2926 537 2945 ,
576 2894 682 2946 cujus
720 2889 950 2945 quaestionis
988 2884 1239 2940 explicandae
1275 2883 1396 2924 caussa
1430 2881 1565 2921 librum
1597 2879 1894 2932 manuscriptum

160 2987 188 3009 „
217 2953 409 3009 scriptoris
439 2948 637 3004 cujusdam
665 2960 688 2987 e
713 2944 926 2999 junioribus
947 2942 1106 2983 Graecis
1125 2938 1318 2981 consulere
1338 2936 1483 2978 necesse
1505 2935 1636 2984 fuerit,
1668 2934 1791 2974 statim
1813 2935 1896 2974 Co-

160 3043 187 3064 „
216 3010 292 3051 dex
323 3009 409 3049 MS.
439 3005 603 3046 Morino
630 3000 814 3056 legendus
841 2998 1001 3039 offertur
1028 3007 1280 3050 rogaturque,
1309 3005 1351 3033 ut
1381 2991 1484 3032 suam
1515 2989 1564 3029 de
1584 2989 1776 3042 scriptoris
1798 2989 1896 3030 illius

161 3099 189 3121 „
219 3075 348 3106 mente
378 3062 604 3103 sententiam
626 3057 789 3097 diceret:
819 3067 950 3095 verum
972 3050 1180 3092 Holstenio
1201 3053 1240 3089 &
1261 3048 1405 3092 Allatio
1426 3046 1583 3087 minime
1604 3043 1804 3095 satisfecit,
1834 3045 1898 3084 iis-

162 3152 190 3176 „
219 3134 296 3177 que
312 3119 411 3165 visus
430 3116 484 3160 est
504 3116 654 3170 linguae
675 3111 847 3153 Graecae
867 3121 1001 3162 parum
1023 3106 1163 3160 peritus
1174 3107 1207 3144 ”.
1817 3153 1870 3194 D·

1860 3167 1898 3196 iu
