1976 3519
104 202 157 239 io
490 179 1484 234 PRO-LEGOMENA.

103 278 380 339 'probabimu33
410 287 492 320 non
521 278 719 333 imperitus
749 275 880 326 fuerit,
912 275 1035 316 ‘multo
1063 273 1117 314 est
1135 272 1405 322 verofimilius‚
1434 270 1528 312 illud
1547 283 1627 313 non
1648 287 1671 313 a
1693 273 1842 330 virgine

104 339 183 380 five
212 335 435 379 Seleucienfi
465 334 541 375 five
572 332 854 381 Alexandrina,
887 329 952 370 sed
981 345 1003 370 a
1033 330 1118 370 viro
1140 328 1247 369 fuiffe
1265 327 1490 382 profestum.
1546 328 1706 370 Accedo
1727 328 1842 385 igitur

105 394 312 434 sententiae
342 391 521 435 Casimiri
552 390 703 429 Oudini
723 422 734 439 ,
781 388 848 441 qui
875 398 922 426 ex
950 385 1179 425 Canonibus·
1198 382 1354 423 'diurnis
1387 383 1660 437 no&urnisque
1692 385 1732 424 in
1765 385 1844 426 hoc

106 449 261 490 Codice
291 446 489 494 annOtatis
512 444 723 499 judicavit,
755 441 930 482 codicem
963 440 1066 481 hunc
1098 440 1139 480 in
1159 437 1267 480 usum
1287 438 1506 479 monasterii
1530 439 1844 492 Acoemitarum3

106 503 283 558 adeoque
301 517 323 543 a
344 499 539 542 monacho
563 500 766 541 Acoemita
788 508 983 538 exaratum
1003 493 1120 536 fuiffe.

164 573 200 599 2.
229 558 438 612 Postquam
470 555 685 596 Patricius
714 553 868 606 Junius
896 552 935 603 in
970 550 1207 605 praefatione
1244 548 1429 603 Epistolis
1447 548 1661 590 Clementis
1680 548 1849 604 praefixa*

106 614 252 669 primus
278 611 496 656 indicasset,
526 609 754 665 „Cyrillum
769 616 816 648 ex
847 607 1050 662 AEgypt0‚
1080 618 1169 646 cum
1191 604 1319 644 sedem
1341 603 1640 645 Alexandrinam
1661 605 1849 659 relinque-⁴⁴·

108 700 135 722 „
164 681 244 720 ret,
275 670 453 722 magnam
483 666 666 706 librorum
698 663 988 717 supellectilem,
1017 665 1057 700 &
1086 662 1280 701 intereos
1311 658 1502 700 Codicem
1530 659 1702 701 Theclae
1723 660 1849 701 secum

107 757 135 777 „
164 721 538 776 Constantinopolin
558 718 773 761 advexisse'
802 717 919 772 vulgo
939 716 1130 757 creditum
1142 715 1196 755 est
1207 746 1219 766 ,
1251 714 1354 755 hunc
1367 714 1560 755 Codicem
1576 714 1849 755 Alexandriae

109 783 150 820 ⁸&
180 790 371 833 repertum
391 781 429 817 ὃ(
451 780 643 817 exaratum
657 773 775 814 fuisse.
804 772 931 813 Incidi
943 782 1073 812 tamen
1084 772 1125 812 in
1135 769 1507 810 narrationemhaud
1521 769 1635 823 paulo
1646 769 1849 822 diversam,-

109 836 269 890 dignam
292 846 380 874 meo
397 832 568 886 judicio,
597 836 696 884 quae
716 840 763 869 ex
782 828 902 869 literis
937 827 1048 867 MSS.
1085 826 1156 879 JO.
1188 824 1348 878 Rodolfi
1362 824 1561 877 Wtstenii
1579 825 1755 866 avunculi
1774 827 1853 867 mei

109 890 242 946 magni
263 888 312 929 ad
334 888 547 929 Martinum
567 884 800 940 Bogdanum
816 914 828 934 ‚
856 883 1071 925 Dostorem
1091 879 1294 935 Medicum
1307 880 1560 929 Bern'ense'm3
1581 879 1620 919 in
1630 879 1753 921 lucem
1763 895 1854 935 pro-

110 946 292 988 trahatur.
350 943 408 983 Ita
427 953 553 983 autem
572 941 609 981 ei
629 939 771 993 scripsit
791 938 829 979 d.
864 950 927 988 14.
957 938 1039 991 Jan.
1073 940 1192 988 1664.
1250 954 1276 986 ‚3
1305 958 1355 965 ---
1378 936 1442 976 De
1461 934 1614 975 Codice
1634 935 1709 975 MS
1731 937 1853 978 Grae·

111 1023 138 1054 i»
166 1016 215 1041 co
246 997 459 1050 Bibliorum
493 997 534 1036 in
563 996 665 1050 regia
693 994 868 1035 Londini
896 992 1137 1033 Bibliotheca
1167 991 1264 1032 mihi
1285 990 1443 1045 quidem
1472 990 1854 1033 narravitPatricius

111 1087 138 1107 „
162 1055 300 1110 Junius
321 1051 638 1092 Bibliothecarius
659 1051 803 1104 regius,¹
833 1062 921 1090 eum
942 1048 1052 1089 dono
1073 1047 1205 1088 datum
1227 1047 1333 1100 Regi
1348 1045 1496 1086 Carolo
1514 1045 1545 1086 Ι.
1575 1047 1598 1086 a
1620 1040 1771 1101 Cyrillo
1783 1047 1857 1093 Pa·

112 1142 140 1162 ,‚
170 1108 331 1150 triarcha
362 1106 811 1160 Constantinopolitano.
863 1102 1216 1157 Praeceptorem‘in
1241 1101 1402 1142 Graecis
1422 1101 1486 1142 hic
1506 1100 1621 1141 habui
1641 1100 1855 1142 Matthae-

114 1190 139 1218 ,=‚
157 1164 233 1205 'um
254 1163 410 1203 Muttis
432 1167 479 1203 ex
497 1162 662 1216 Cypro,
692 1160 865 1214 ejusdem
883 1158 1124 1200 Patriarchae
1146 1158 1392 1208 Diaconum,
1422 1157 1488 1211 qui
1501 1156 1647 1206 retulit,
1661 1156 1857 1198 Codicem'

114 1252 141 1273 ,‚
170 1214 275 1260 illum
296 1218 496 1258 inventum
517 1218 557 1257 in
578 1227 712 1257 monte
735 1216 867 1265 Atho,
899 1214 939 1254 in
957 1214 1062 1269 cujus
1083 1212 1227 1253 ambitu
1249 1211 1320 1252 smt
1349 1211 1576 1252 monasteria
1597 1211 1722 1252 XXII
1738 1212 1858 1266 (toti-¹

114 1302 142 1328 ,‚
170 1275 261 1316 dem
293 1273 441 1314 castella
472 1269 784 1324 Monachorum)
805 1283 1003 1324 nunquam
1023 1284 1044 1309 a
1065 1267 1204 1309 Turcis
1223 1270 1462 1323 expugnata,
1491 1265 1557 1307 sed
1575 1266 1719 1307 tributo
1736 1268 1859 1322 penso

114 1363 142 1383 ‚‚
171 1330 354 1371 haetenus
370 1324 624 1368 conservata.''
678 1326 779 1366 Item*
796 1326 836 1366 d.
872 1338 933 1365 11.
962 1324 1098 1365 Martii
1115 1322 1288 1377 ejusdem
1307 1323 1398 1362 anni
1427 1349 1453 1368 ,‚
1485 1321 1620 1362 Caroli
1641 1322 1764 1378 Regis
1775 1323 1860 1364 Bri-

115 1412 142 1438 §a
171 1384 325 1426 tanniae
347 1383 586 1424 Bibliotheca
606 1381 718 1422 nobis
734 1378 825 1434 (ΑΟ.
863 1380 984 1433 1638.
1012 1378 1140 1420 mense
1157 1377 1279 1429 Iulio)
1309 1386 1397 1418 ante
1417 1377 1556 1418 bellum
1580 1375 1694 1429 ferale
1711 1378 1861 1420 ostensa

119 1464 148 1493 ,,
177 1454 245 1495 per
276 1439 337 1479 Cl.
367 1439 572 1479 Patricium
596 1437 761 1491 Junium
780 1434 1119 1476 Bibliothecarium
1139 1434 1305 1488 regium:
1335 1432 1438 1486 apud
1456 1445 1573 1486 quem
1592 1431 1670 1473 visa
1699 1433 1864 1475 volumi-t

116 1524 145 1548 ,,
175 1510 224 1536 na
243 1493 306 1535 illa
327 1493 472 1535 Biblica
491 1492 686 1548 quadratis
705 1505 773 1546 per
798 1491 930 1532 o'mnia
951 1490 1070 1530 literis
1090 1490 1130 1529 in
1153 1500 1389 1543 pergameno
1416 1487 1586 1541 scripta,
1617 1497 1733 1529 manu
1752 1489 1863 1531 The-

118 1577 146 1604 5,
177 1550 275 1591 clae:
304 1548 354 1589 de
384 1562 459 1603 qua
488 1547 568 1603 ipse
598 1548 639 1587 in
670 1547 844 1588 editione
865 1546 1081 1587 Clementis
1100 1544 1284 1584 Romani.
1339 1542 1510 1583 Tamdiu
1530 1542 1761 1585 defideratae
1777 1544 1864 1587 illae

118 1634 147 1659 „
175 1604 357 1660 epistolae
386 1602 682 1658 propemodum·
702 1600 895 1656 periissent
915 1601 954 1641 in
975 1612 1110 1655 portu:
1139 1613 1229 1640 ecce
1249 1598 1352 1639 enirn
1374 1597 1468 1639 dum
1489 1597 1551 1638 Cl.
1574 1598 1714 1652 Junius
1732 1613 1864 1642 earum

118 1688 145 1714 9,
176 1671 283 1716 parat
313 1659 548 1709 editionem,
579 1658 762 1699 volumen
789 1656 975 1697 incendio
997 1655 1143 1706 Musei3
1174 1663 1254 1709 quo
1268 1653 1460 1707 jacebatj¹
1482 1653 1693 1694 ambustum
1711 1654 1865 1697 lacunas

119 1742 146 1770 ,,
176 1715 347 1769 accepit,
379 1713 420 1754 δε
450 1715 514 1766 vix
543 1713 710 1753 flammis
736 1718 911 1765 ereptum
932 1720 1078 1764 perque
1096 1709 1558 1762 fenestranrprojeffim,
1588 1707 1773 1751 haetenus
1792 1709 1867 1751 ser*

121 1799 149 1825 9,
176 1780 307 1812 ‘vatum
337 1768 402 1809 est.
460 1768 654 1812 Mirabar,
686 1766 866 1806 Editores
895 1764 1109 1813 Bibliorurh
1134 1759 1396 1811 πολυγλῶὧῖων
1415 1772 1582 1816 nuperos
1606 1767 1687 1803 no'n
1709 1764 1867 1807 exhibuss

120 1855 148 1880 3,
176 1825 242 1866 isle
270 1825 462 1865 Graecam
491 1821 719 1864 Verfionem
752 1820 906 1860 illorum
932 1817 1131 1860 Codicum
1160 1818 1351 1872 regiorum
1359 1848 1386 1868 ‚.
1411 1831 1434 1856 a
1465 1817 1617 1872 Cyrillo
1646 1819 1866 1862 Patriarcha

123 1909 150 1936 5,
181 1876 620 1930 Constantinopolitano
655 1875 891 1918 donatorum
911 1900 923 1924 ,
962 1873 1072 1927 quod
1102 1874 1235 1926 Junius
1254 1871 1476 1925 promiserat
1492 1872 1573 1925 jam
1594 1873 1709 1925 olim,
1741 1875 1866 1917 Com-

123 1966 151 1990 „
181 1935 312 1976 menio
330 1931 502 1987 quodam
523 1931 608 1984 (me
626 1927 1003 1985 videnteJadhibito
1025 1929 1063 1977 δε
1085 1927 1303 1976 ςοηάυὲὶο,
1320 1937 1375 1979 Γιιι
1390 1927 1669 1970 transscriberet
1690 1943 1763 1984 pro
1782 1931 1867 1986 Tya

126 2019 153 2044 ,,
180 1988 353 2046 pothetis
373 1986 498 2028 forma
517 1986 709 2026 literarum
728 1984 876 2038 vulgari
896 1986 936 2023 δι’
959 1982 1174 2023 accentibus
1195 1981 1358 2036 desuper
1377 1983 1530 2024 notatis.
1584 1984 1798 2037 Monachi‚
1828 2001 1868 2028 a·

125 2076 152 2100 ,,
181 2044 264 2100 pud
283 2055 381 2099 quos
401 2042 557 2082 inventa
578 2040 663 2081 sunt
675 2039 744 2080 -illa
763 2038 982 2088 volumina,
1010 2037 1137 2078 retulit
1155 2036 1378 2078 Matthaeus
1398 2038 1540 2078 Muttis
1559 2038 1730 2094 Cyprius
1742 2067 1753 2087 ‚
1773 2041 1868 2083 Dia-

126 2116 154 2155 5,
183 2112 304 2141 conus
333 2097 518 2152 praedicti
539 2094 803 2146 Patriarchac,
832 2094 1007 2135 habitant
1028 2093 1067 2133 in
1088 2100 1222 2133 monte
1244 2093 1356 2133 Atho
1375 2091 1575 2144 altiffimo,
1604 2096 1645 2134 in
1664 2095 1772 2149 cujus
1788 2110 1869 2138 am*

127 2189 154 2209 „
183 2156 265 2196 bitu
284 2153 423 2208 viginti
444 2151 690 2201 monasteria,
721 2149 825 2204 quafi
846 2148 1009 2190 totidem
1031 2147 1201 2193 castella,
1230 2146 1362 2189 videre
1380 2147 1446 2199 fit,
1473 2149 1617 2190 tributo
1634 2150 1754 2204 penso
1775 2150 1870 2193 huc·

127 2244 154 2264 „
183 2224 304 2264 usque
332 2208 469 2249 secura.
524 2206 644 2247 Nosti
673 2205 771 2245 locis¹
787 2205 897 2245 sacris
915 2203 1019 2258 parci
1039 2217 1061 2244 a
1081 2203 1221 2244 Turcis
1237 2204 1360 2256 magis
1376 2217 1491 2258 quam
1507 2219 1529 2245 a
1549 2205 1719 2246 nostris''.
1777 2208 1868 2262 Ego

128 2266 289 2325 quidem
317 2263 459 2304 nullam
492 2261 610 2302 video
639 2260 786 2315 causam
807 2259 1068 2301 testimonium
1087 2259 1146 2299 M.
1177 2259 1318 2300 Muttis
1337 2258 1378 2299 in
1403 2259 1561 2300 dubium
1582 2260 1772 2312 vocandi,
1802 2277 1870 2303 eo-

129 2336 207 2377 que
234 2321 361 2371 minus
389 2316 498 2372 quod
529 2331 615 2357 cum
647 2315 846 2367 natatione
875 2316 916 2356 P.
941 2314 1050 2369 Junii
1070 2313 1248 2355 facillime
1269 2314 1473 2355 conciliari
1494 2315 1627 2369 possit:
1656 2330 1745 2357 cum
1764 2318 1870 2359 enim

130 2376 280 2418 constet
311 2372 501 2427 Cyrillum
527 2372 712 2413 Lucare‘m
772 2371 910 2411 rimuin
936 2371 977 2410 in
1007 2375 1141 2410 monte
1172 2369 1304 2416 Atho,
1345 2370 1476 2423 postea
1497 2370 1773 2422 Alexandriae,
1803 2373 1873 2415 de-

130 2433 249 2486 nique
270 2427 615 2481 Constantinopoli
636 2426 724 2480 degi
755 2439 797 2476 e,
829 2425 924 2480 quid
943 2420 1086 2474 obstat,
1114 2425 1209 2478 quin
1227 2425 1452 2476 statuamus,
1483 2424 1676 2466 Codicem
1686 2428 1872 2479 nostrum,

130 2488 172 2528 in
192 2492 327 2527 monte
347 2484 456 2524 Atho
476 2483 696 2532 inventum,
715 2482 842 2535 primo
861 2479 1134 2521 Alexandriam
1155 2482 1194 2519 δε
1214 2479 1306 2521 inde
1326 2480 1697 2535 Constantinopolin
1716 2482 1871 2524 allatum

132 2541 267 2583 fuisse?
325 2537 522 2589 Nondum
552 2548 680 2578 tamen
723 2536 907 2577 habemus
927 2566 939 2586 ,
978 2534 1085 2589 quod
1115 2535 1358 2589 quaerimus;
1388 2536 1476 2577 licet
1502 2536 1606 2577 enim
1635 2536 1871 2579 eviciffemus

133 2596 330 2638 Codicem
357 2608 378 2633 a
409 2592 560 2648 Cyrillo
582 2593 622 2632 in
642 2602 775 2632 monte
797 2591 907 2632 Atho
927 2593 1126 2631 inventum
1148 2588 1276 2639 fuisse,
1305 2591 1465 2631 minime
1486 2601 1612 2631 tamen
1633 2605 1679 2632 ex
1701 2606 1750 2632 eo
1777 2606 1872 2633 con-

133 2653 372 2706 sequeretur,
401 2649 441 2688 in
471 2647 612 2689 eodem
640 2655 775 2687 m‘onte
807 2649 847 2686 &
868 2646 1048 2699 scriptum
1068 2644 1196 2690 fuisse,
1227 2649 1267 2685 δε
1287 2659 1355 2700 per
1375 2646 1448 2687 XI.
1477 2645 1599 2687 fecula
1618 2648 1802 2688 continua
1819 2647 1873 2688 la-

134 2707 255 2749 tuisse.
296 2702 423 2745 Poffet
444 2703 579 2757 aliquis
597 2702 772 2756 suspicari
805 2700 1281 2754 Constantinopolitanum
1300 2702 1429 2755 potius
1445 2701 1520 2741 effe
1545 2701 1736 2742 Codicem
1756 2716 1873 2756 quam

135 2759 464 2805 Alexandrinum,
493 2770 575 2799 tum
608 2756 716 2812 quod
747 2756 857 2797 multi
879 2756 942 2797 alii
962 2755 1115 2796 codices
1139 2755 1482 2810 Constantinopoli
1502 2756 1542 2795 in
1562 2768 1736 2797 montem
1757 2757 1871 2798 Atho

135 2818 289 2859 fuerunt
309 2813 448 2864 delati,
477 2825 560 2854 turn
576 2811 685 2866 quod
706 2811 798 2852 inde
813 2812 936 2852 multo
956 2810 1100 2851 facilius
1119 2811 1305 2864 citiusque
1323 2825 1373 2852 eo
1402 2812 1593 2865 perveniri
1610 2811 1735 2865 potest
1756 2826 1874 2866 quam

134 2869 384 2915 Alexandria.
423 2870 546 2909 Porro
577 2868 605 2908 fi
633 2867 758 2908 codex
787 2866 848 2908 vel
877 2866 1050 2907 Theclae
1071 2865 1131 2907 vel
1150 2867 1439 2906 Acoemitarum
1461 2866 1554 2917 fuit,
1593 2880 1666 2906 nec
1687 2867 1874 2921 templum

137 2926 314 2970 Theclae
336 2938 408 2964 nec
430 2923 699 2964 monasterium
719 2922 1007 2963 Acoemitarum
1028 2922 1068 2961 in
1089 2920 1269 2976 AEgypto
1287 2933 1478 2974 repertum
1490 2921 1566 2971 est,
1597 2921 1875 2963 Constantino-

137 2983 220 3037 poli
248 2994 359 3030 ver0,
389 2979 570 3019 Liberato
598 2978 690 3018 teste
717 2979 758 3017 in
789 2977 986 3017 Breviario
1015 2991 1047 3016 c.
1082 2977 1170 3025 18.,
1201 2976 1234 3016 F
1236 2975 1369 3017 lavitas
1402 2977 1598 3031 presbyter
1618 2976 1684 3030 qui
1707 2975 1779 3017 fuit
1796 2992 1818 3017 a
1837 2977 1875 3018 S.

137 3037 290 3079 Thecla
306 3037 347 3075 in
363 3034 492 3075 locum
513 3033 644 3074 Aeacii
663 3032 860 3073 ordinatus
878 3032 932 3073 est
949 3030 1270 3085 Archiepiscopus
1288 3033 1356 3072 ΑΟ.
1376 3032 1473 3082 488.
1485 3062 1497 3081 ‚
1518 3036 1557 3071 δε
1572 3032 1713 3072 eodem
1724 3030 1874 3082 Seculo‚

138 3094 234 3134 teste
252 3090 421 3145 Evagrio
432 3124 443 3140 ‚
461 3089 661 3129 minimum
690 3099 853 3143 quatuor
863 3088 1151 3128 Acoemitarum
1160 3086 1347 3127 coenobia
1357 3086 1699 3141 Constantinopoli
1710 3086 1872 3128 fuerunt.

140 3146 411 3190 Nihilominus
434 3153 457 3186 a
484 3144 669 3186 sententia
697 3143 815 3199 vulgo
844 3149 997 3198 recepta
1025 3141 1202 3184 nondum
1230 3141 1411 3191 discedo,
1440 3154 1523 3182 non
1540 3156 1616 3183 una
1633 3143 1876 3196 conjectura,

1813 3196 1879 3237 ubi
