1976 3519
471 282 1471 328 PROLEGOMENA.
1748 292 1821 329 161

89 372 232 414 restore
251 379 374 412 ortam
396 370 624 421 adduceret,
656 371 804 423 rejectis
827 373 866 409 &
886 369 1018 422 spretis
1040 370 1192 425 reliquis
1213 371 1366 412 testibus
1387 372 1484 413 solus
1502 372 1662 427 proferri
1682 375 1823 429 potius,

88 441 202 482 quarn
223 440 309 467 cum
328 425 400 466 illis
419 428 456 465 in
479 427 638 480 gratiam
659 426 780 479 redigi
801 424 959 465 debuit?
990 425 1100 478 Quid
1123 426 1171 465 ad
1196 426 1288 466 haec
1310 427 1511 480 ‘Dffenfor
1525 428 1594 482 ἕρ.
1633 429 1694 469 18.
1723 457 1747 479 ‚‚
1761 430 1824 470 Si-

86 513 112 533 „
142 484 288 528 monio,
317 481 535 535 inquit‚me
556 481 706 533 potius,
737 494 852 533 quam
874 479 1002 519 Millio
1024 480 1154 533 ejusve
1165 482 1295 521 amicis
1316 482 1380 521 hic
1401 482 1585 523 duntaxat
1607 483 1822 535 credidisse,

87 568 112 588 ,‚
142 551 258 577 nemo
287 536 499 584 mirabitur,
533 535 601 588 qui
629 535 821 589 utriusque
851 534 964 574 verba
993 535 1093 575 inter
1114 535 1150 575 se
1166 536 1371 576 contulerit
1382 539 1416 576 '’.
1473 539 1560 592 Ego
1579 552 1713 579 eorum
1737 554 1822 581 ver·

85 593 133 632 ba
162 592 259 632 inter
290 591 327 631 se
356 589 524 638 contuli,
554 589 617 629 sed
635 620 646 637 ,
674 591 739 643 qui
770 603 875 629 meus
907 589 1035 643 stupor
1065 590 1140 640 est,
1170 604 1236 631 cur
1266 591 1469 646 Bengelius
1489 593 1665 633 Simonio
1688 596 1817 647 potius

85 661 203 700 quam
234 646 362 686 Millio
392 643 595 685 crediderit
618 675 629 694 ‚
667 644 838 685 divinare
868 657 949 684 non
981 646 1101 698 potui.
1160 646 1222 685 Sic
1243 647 1358 687 etiam
1376 647 1501 698 Apoc.
1530 648 1644 689 XIII.
1681 662 1739 701 ¹3-
1770 650 1823 690 le-

84 702 254 742 stionem
279 697 332 739 ἰ’νοι
352 700 426 750 πῦρ
446 699 600 739 ίεὶῗὶοηὲ
626 698 774 739 Textus
791 699 991 754 aequalem
1010 700 1084 740 effe
1100 700 1265 752 judicat,
1296 701 1462 742 adducta
1483 703 1685 744 autoritate
1708 705 1819 746 unius

82 756 246 797 Codicis
266 753 546 807 Leiccstrenfis‚
578 769 692 808 quem
714 767 842 794 tamen
861 756 901 794 in
923 768 1054 808 parum
1077 769 1250 796 accurare
1270 756 1416 796 collatis
1435 757 1515 810 ipse
1534 770 1717 798 numerat.
1761 760 1819 800 Ex

81 810 302 851 accuratiori
322 824 412 849 vero
433 808 655 850 Collatione
675 810 864 859 intellexi,
894 809 996 849 huuc
1017 809 1137 862 ipsum
1159 811 1357 860 codicem,
1388 822 1430 852 ut
1452 826 1594 853 novem
1605 814 1668 853 alii
1681 828 1701 853 a
1716 814 1818 854 Ben-

82 865 185 919 gelio
212 863 392 918 producti
421 877 502 904 non
521 864 646 918 legere
663 862 717 903 ἵνα
736 864 807 915 ’πῦρ
820 891 830 909 ,
860 863 924 904 sed
945 864 1095 905 inverso
1113 865 1250 906 ordine
1270 867 1346 920 πῶς
1363 863 1427 906 ἵνα.
1488 868 1582 907 Hoc
1601 882 1734 922 parum
1757 869 1820 910 fir·

82 935 151 970 mo
171 920 324 960 tibicine
344 920 454 960 nixus
475 919 676 974 Bengelius
697 932 877 973 tanquam
900 918 950 959 de
971 933 1009 959 re
1029 932 1129 959 certa
1149 921 1329 962 asseverat
1350 922 1444 961 Var.
1472 936 1508 975 p.
1544 923 1637 974 824.
1679 954 1704 973 „
1727 925 1818 966 Post

81 1005 108 1026 ‚‚
136 973 288 1024 μεγάλοι
307 974 475 1015 librarius
492 971 567 1024 ἵνα,
598 975 774 1014 voculam
793 974 928 1014 eadem
949 975 1071 1014 vocali
1091 977 1351 1027 terminatam,
1381 977 1533 1028 omilit‚
1564 978 1708 1019 deinde
1726 994 1815 1020 ean-

80 1060 108 1081 „
137 1030 225 1071 dem
245 1029 432 1082 reposuir,
461 1033 500 1068 &
520 1030 841 1070 construstionem
860 1030 1021 1070 mutavit
1036 1033 1068 1070 ”.

135 1099 176 1135 9.
205 1084 395 1125 Codicem
423 1085 698 1126 Petavianum
735 1097 769 1137 3.
807 1084 972 1124 collocat
1001 1086 1041 1124 in
1061 1099 1221 1126 numero
1245 1088 1369 1127 minus
1392 1100 1565 1130 accurate
1586 1089 1813 1132 collatorum

80 1139 197 1180 classis
225 1139 428 1186 secundae,
457 1153 583 1193 neque
610 1139 723 1179 ullam
751 1138 840 1180 fasti
870 1138 924 1179 sui
957 1140 1068 1180 affert
1099 1142 1284 1181 rationem
1308 1143 1531 1197 BengeliuS;
1572 1159 1660 1184 cum
1681 1156 1811 1186 tamen

82 1195 136 1235 L.
164 1196 219 1236 A.
248 1195 477 1248 Zacagnius
507 1195 547 1233 in
573 1197 827 1234 monumentis
857 1208 894 1247 p.
924 1207 1020 1244 441.
1050 1195 1100 1235 de
1127 1210 1175 1235 eo
1205 1196 1342 1237 diserte
1372 1200 1596 1239 monuisset:
1636 1231 1662 1250 ‚,
1693 1202 1814 1242 Aetas

79 1280 105 1301 „
134 1249 408 1303 Apostolorum
433 1252 472 1288 &
493 1249 682 1303 Epistolas
705 1249 928 1290 (Tatholicas
948 1249 1047 1290 adeo
1071 1250 1242 1304 religiose
1264 1252 1515 1299 contulimus,
1548 1266 1589 1294 iit
1600 1268 1672 1294 nec
1686 1257 1811 1297 minu-

78 1334 105 1356 „
133 1305 247 1345 tiores
266 1305 463 1345 varietates
479 1304 715 1345 omiserimus
727 1335 737 1354 ,
768 1307 822 1346 uti
841 1304 927 1344 sunt
943 1305 1108 1353 articuli,
1140 1306 1450 1359 transpositiones
1464 1323 1603 1349 vocum
1617 1340 1628 1359 ‚
1659 1324 1812 1351 eorum-

78 1390 104 1410 „
132 1373 207 1413 que
232 1359 505 1400 declinationes
524 1359 712 1408 diversae,
744 1361 813 1400 rati
842 1361 882 1399 in
914 1360 989 1399 hoc
1018 1361 1130 1400 studii
1158 1375 1296 1414 genere
1326 1362 1457 1403 melius
1484 1363 1558 1403 esse
1591 1363 1809 1417 περιεργίας,

77 1445 104 1465 ,,
133 1429 246 1468 quam
274 1415 439 1454 incuriae
466 1426 599 1454 notam
618 1414 748 1455 subire.
777 1438 840 1444 —-—
869 1414 978 1454 Idem
1001 1430 1020 1454 a
1043 1416 1152 1455 nobis
1174 1416 1316 1457 fanum
1335 1418 1388 1457 est
1410 1419 1448 1457 in
1474 1418 1509 1458 S.
1543 1419 1650 1459 Pauli
1671 1421 1813 1473 episto-

77 1499 104 1520 „
133 1469 187 1510 lis.
215 1495 278 1500 —
307 1470 367 1510 De
386 1469 445 1510 his
465 1483 590 1510 autem
609 1471 788 1510 omnibus
807 1469 1000 1509 eruditum
1022 1470 1203 1511 leftorem
1238 1472 1480 1514 admonitum
1509 1473 1585 1514 effe
1606 1474 1809 1526 voluimus,

76 1553 103 1575 „
132 1536 174 1565 ut
197 1538 268 1578 pro
289 1537 394 1566 certo
412 1524 550 1565 habere
571 1524 707 1578 possit,
736 1538 807 1564 nos
830 1526 868 1564 in
890 1525 963 1565 hac
984 1525 1188 1566 collatione
1208 1541 1334 1566 curam
1356 1541 1514 1568 ornnem
1525 1540 1640 1583 atque
1650 1530 1812 1585 diligen-

76 1605 102 1630 „
131 1580 222 1619 tiam
244 1594 316 1633 pro
337 1580 476 1620 viribus
496 1580 716 1620 adhibuisse.

138 1648 199 1675 io.
230 1635 473 1687 Promifirat
496 1636 699 1689 Bengelius
718 1635 756 1674 in
779 1645 941 1689 utroque
963 1635 1176 1689 prodromo
1200 1640 1238 1675 ὃ(
1260 1637 1297 1676 in
1321 1638 1432 1678 titulo
1454 1638 1509 1679 N.
1541 1639 1615 1691 T.,
1639 1640 1681 1690 se
1699 1641 1811 1682 exhi-

76 1687 246 1729 biturum
277 1691 319 1729 in
351 1698 537 1729 contextu
567 1690 773 1729 medullam
794 1690 1005 1730 editionum
1022 1690 1383 1743 probatissimarum.
1441 1694 1576 1734 Editio
1597 1696 1810 1749 probatiffi-

75 1758 138 1784 ma
168 1756 292 1784 autem
321 1755 385 1784 aut
414 1743 510 1783 nihil
531 1744 594 1784 hic
615 1744 822 1799 significat,
851 1756 914 1784 aut
933 1746 1169 1794 editionem,
1199 1747 1305 1797 cujus
1325 1747 1440 1787 lesi-io
1455 1775 1464 1792 ‚
1495 1749 1545 1788 de
1567 1764 1641 1803 qua
1662 1752 1807 1803 agitur,

77 1799 264 1853 Bengelio
285 1799 513 1852 probaretur.
570 1799 698 1852 Hujus
721 1811 849 1840 tamen
871 1799 1021 1852 regulae
1042 1800 1182 1839 oblitus
1210 1814 1288 1839 non
1311 1801 1420 1841 semel
1442 1802 1648 1844 leffionem
1669 1806 1810 1847 editio-

77 1867 170 1892 num
192 1855 382 1907 priorum,
412 1868 525 1907 quam
548 1854 755 1906 probabat,
785 1867 865 1893 non
886 1854 924 1892 in
951 1863 1156 1903 contextu,
1187 1854 1249 1894 sed
1273 1856 1308 1894 in
1328 1859 1501 1909 margine
1521 1859 1666 1911 posuit,-
1698 1876 1732 1902 v.
1753 1877 1807 1916 gr.

75 1908 277 1949 leetionem
297 1908 505 1961 postremae
526 1908 706 1948 editionis
726 1909 853 1949 Bezae
872 1908 1029 1949 Matth.
1055 1908 1124 1948 VI.
1154 1922 1185 1949 1.
1218 1912 1362 1962 primae
1382 1912 1526 1952 Erasmi
1549 1914 1703 1956 Matth.
1717 1917 1808 1956 XII.

78 1976 114 2015 3.
145 1963 321 2003 Colinaei
350 1962 504 2003 Matth.
533 1963 626 2003 XII.
662 1964 727 2013 28,
758 1963 902 2015 primae
929 1963 1072 2002 Erasini
1104 1963 1197 2004 Aa.
1230 1965 1280 2005 X.
1316 1979 1380 2005 21.
1438 1967 1550 2007 Haec
1581 1969 1632 2008 ita
1657 1971 1808 2012 excusat

76 2017 177 2071 Des.
204 2032 240 2072 p.
274 2032 337 2059 20.
364 2044 391 2067 „
423 2017 507 2058 Ubi
536 2018 725 2058 editiones
746 2018 843 2057 inter
864 2017 899 2057 se
920 2017 1124 2063 differunt,
1147 2018 1306 2058 liberum
1330 2020 1426 2059 mihi
1445 2021 1646 2073 manebat,
1676 2028 1809 2079 genui-

73 2103 99 2123 „
129 2087 216 2113 nam
250 2073 474 2122 lefflonem,
504 2074 559 2112 uti
586 2072 756 2126 quolibet
786 2071 873 2112 loco
905 2072 1124 2123 videbatur,
1154 2074 1213 2113 vel
1244 2075 1284 2113 iri
1317 2074 1445 2116 Textu
1471 2078 1531 2117 vel
1563 2078 1602 2117 in
1634 2082 1807 2134 margine

74 2154 98 2178 „
127 2127 319 2169 anteferre.
350 2127 551 2168 Editiones
580 2128 683 2168 unde
716 2126 848 2168 censor
866 2127 1012 2181 aliquot
1034 2129 1116 2168 loca
1137 2128 1291 2182 allegat,
1322 2130 1406 2170 sunt
1429 2130 1570 2172 desitae
1591 2137 1629 2172 ὃ(
1651 2135 1690 2174 in
1711 2137 1807 2176 Pro-

72 2209 98 2234 ,‚
127 2182 265 2223 dromo
286 2183 389 2238 Lege
411 2183 479 2222 111.
510 2194 698 2236 exceptae.
767 2183 880 2230 Quae
899 2183 1029 2223 censor
1052 2184 1114 2223 hic
1136 2184 1281 2237 profert
1295 2220 1304 2235 ‚
1334 2185 1384 2225 ad
1405 2188 1699 2239 perturbandam
1723 2205 1804 2231 rem

71 2267 96 2288 ‚,
126 2237 285 2278 faciunt:
313 2252 386 2293 ego
406 2249 554 2288 autem,
584 2237 759 2278 methodo
779 2251 863 2277 mea
886 2238 1567 2295 innocenti&liberaflranquillitati
1588 2245 1804 2287 animorum

72 2322 96 2343 „
124 2293 304 2334 consului.

132 2362 190 2389 11.
224 2347 447 2389 Versionem
478 2349 640 2402 Coptam
671 2349 833 2389 affirmat
860 2350 990 2389 1,Cor.
1023 2349 1071 2390 X.
1103 2363 1139 2399 9.
1171 2364 1250 2390 non
1274 2350 1398 2404 legere
1417 2350 1563 2404 χριεγὲν,
1593 2353 1658 2395 sed
1680 2353 1803 2405 κύριον,

71 2405 110 2441 &
140 2405 260 2451 Apoc.
289 2404 422 2444 XXII.
458 2417 519 2451 19.
551 2419 630 2444 non
660 2406 783 2459 legere
811 2401 923 2448 βίξλε
955 2404 1019 2444 sed
1049 2403 1166 2458 ξύλω,
1196 2420 1310 2459 quam
1331 2407 1559 2455 lestionem,
1591 2410 1662 2449 hac
1685 2413 1802 2452 etiam

68 2460 267 2499 autoritate
289 2471 435 2503 motus,
465 2460 505 2499 in
523 2460 693 2499 Textum
714 2460 905 2499 Graecum
929 2461 1070 2513 recepit
1106 2461 1308 2515 Bengelius
1321 2477 1329 2500 :
1343 2474 1381 2503 at
1401 2462 1563 2504 debebat
1584 2466 1699 2505 etiam
1719 2481 1802 2506 mo-

70 2526 178 2563 nere,
206 2515 245 2553 in
266 2513 435 2554 editione
458 2514 655 2555 Wilkinsii
678 2515 751 2567 legi
772 2515 810 2553 in
834 2514 953 2554 altero
975 2515 1063 2554 loco
1081 2512 1204 2566 χριεῖὸν
1225 2517 1263 2554 in
1288 2517 1407 2557 altero
1429 2517 1572 2564 βίβλε,
1603 2523 1642 2558 &
1664 2521 1800 2562 afferre

69 2568 252 2613 rationes,
282 2583 348 2609 cur
369 2569 482 2608 lestio
503 2570 687 2622 Copta,a
708 2569 768 2609 Cl.
789 2568 830 2608 la
854 2569 982 2608 Cro-ze
1004 2569 1073 2623 ipsi
1092 2569 1448 2619 indicata‚leffloni
1460 2573 1616 2627 Coptae
1628 2574 1799 2618 diversae

68 2622 90 2662 ὲ
113 2622 306 2674 Wilkinsto
327 2623 623 2675 repraesentatae
643 2624 686 2664 sit
708 2622 967 2677 praeferenda.
1719 2633 1722 2636 ’

125 2690 186 2717 12.
217 2683 336 2732 Apoc.
369 2677 460 2719 XV.
491 2683 525 2719 6.
557 2679 876 2732 praepositionem
908 2675 986 2730 περὶ
1017 2694 1038 2719 e
1068 2692 1171 2721 textu
1202 2681 1435 2728 eliminavit,
1464 2685 1666 2726 autoritate
1686 2688 1798 2729 unius

69 2730 248 2783 Codicis,
277 2735 329 2775 (a
361 2748 439 2787 quo
470 2748 604 2774 omnes
634 2734 768 2788 reliqui
799 2733 1099 2787 dissentiebant)
1130 2736 1332 2785 Andreae,
1364 2737 1556 2779 Editionis
1591 2740 1735 2782 Erasini
1765 2757 1796 2784 1.

72 2799 105 2824 2.
137 2800 169 2838 3.
201 2791 239 2827 &
261 2788 448 2842 Stephani
476 2802 508 2827 1.
540 2803 574 2829 2.
631 2790 670 2829 Si
693 2801 818 2829 tamen
840 2803 920 2828 non
945 2789 1112 2829 Millium
1145 2791 1183 2829 in
1213 2791 1426 2844 appendice
1446 2794 1683 2836 aberrantem
1706 2796 1796 2837 fuis-

69 2840 119 2880 set
147 2842 308 2892 secutus‚
340 2843 403 2883 sed
434 2844 530 2896 ipsas
559 2844 749 2885 editiones
782 2843 967 2897 Stephani
986 2844 1225 2886 consuluisset
1245 2879 1254 2895 ‚
1287 2847 1620 2899 deprehendisset,
1649 2851 1688 2889 in
1710 2865 1795 2891 om-

68 2895 175 2935 nibus
203 2898 367 2938 exhiberi
400 2895 499 2948 mpl:
528 2904 565 2938 ὃ(
587 2899 811 2940 Variantem
836 2898 1061 2939 Editionum
1085 2900 1270 2952 Stephani
1291 2902 1461 2954 priorum
1485 2903 1691 2944 lectionem
1711 2920 1794 2946 non

67 2949 247 3042 §.esplcefe
279 2954 597 3007 praepositionem
629 2950 707 3005 περὶ
736 2954 940 2994 commatis
960 2954 1073 3004 sexti,
1103 2955 1168 2995 sed
1191 2956 1512 3010 praepositionem
1532 2957 1572 2997 ἐκ
1592 2961 1793 3002 commatis

84 3018 104 3043 e
135 3016 225 3043 timi.

107 3018 188 3111 p13.
219 3059 284 3099 Ad
319 3074 349 3101 1.
371 3062 456 3104 Cor.
487 3064 538 3104 X.
571 3065 635 3104 28.
665 3063 778 3104 dicit:
811 3062 1034 3104 Editionem
1053 3064 1356 3118 Complutensem
1389 3064 1437 3112 ό
1465 3067 1642 3108 Codicem
1663 3069 1704 3109 T
1698 3069 1793 3109 hua-

66 3126 201 3153 naeum
234 3115 336 3164 apud
353 3116 614 3157 Curcellaeum
644 3132 724 3158 non
756 3118 894 3159 habere
927 3119 1060 3168 verba,
1090 3121 1141 3158 τὲ
1160 3118 1232 3171 ’γὰρ
1254 3118 1350 3173 nogia
1371 3119 1387 3163 ἦ
1408 3121 1456 3170 ‘ff
1478 3118 1529 3171 (909⁸
1547 3119 1589 3161 τὸ
1609 3122 1792 3173 ωλῆρωμοι

66 3167 184 3208 αὐτῖῖς.
241 3169 285 3209 In
308 3169 365 3209 his
385 3171 540 3224 quidem
561 3171 704 3213 secutus
722 3173 776 3213 est
802 3173 970 3213 Minium
985 3204 996 3222 ‚
1026 3173 1091 3213 sed
1116 3187 1314 3228 perperam
1336 3180 1375 3215 &
1395 3176 1791 3225 inconfiderate‚cum

67 3221 243 3265 facillime
273 3238 440 3265 errorem
471 3240 602 3267 cavere
634 3228 826 3280 potuisset.
886 3228 926 3269 Si
944 3229 1057 3322 §nim
1083 3230 1294 3271 editionem
1325 3229 1642 3283 Complutensem
1662 3230 1792 3324 (crpus

1687 3298 1712 3324 u
1731 3298 1794 3326 um
