1976 3519
139 239 215 271 ιιι
534 221 1527 265 PROLEGOMENA.

413 366 491 407 DE
534 363 838 406 VERsloNE
884 367 1137 403 SYRIACA
1173 362 1568 403 Posrsssslonss.

229 477 419 532 Ostquam
450 477 516 517 ΑΟ.
549 475 675 529 1738.’
696 488 742 514 ex
771 473 871 514 Rev.
906 472 1068 527 Kippax
1087 501 1100 521 ,
1139 470 1325 512 Ecclesiae
1354 471 1588 527 Anglicanae
1616 471 1863 526 Presbytero,

255 531 445 582 intellexi,
476 531 515 571 in
535 530 676 584 Anglia
695 528 849 582 reperiri
865 527 1057 568 Codicem
1079 524 1165 566 MS.
1195 525 1307 566 Novi
1328 526 1564 567 Testamenti
1577 526 1740 580 Syriaci,
1769 528 1862 567 incia

145 590 274 644 piente
295 587 420 629 seculo
437 585 542 626 sexto
562 584 768 626 accuratius
789 581 1018 636 pressiusque
1037 580 1231 630 conversi,
1259 583 1299 620 &
1319 580 1444 622 seculo
1462 581 1623 635 septimo
1645 594 1731 621 cum
1743 581 1868 622 Codi-

141 645 248 688 cibus
279 641 438 683 Graecis
455 640 605 688 collati-‚
635 639 781 679 erestus
800 636 853 678 fui
875 638 914 677 in
934 637 1036 691 spem
1050 668 1062 686 ,
1091 649 1170 676 uno
1190 636 1330 676 intuitu
1349 635 1506 676 videndi
1525 648 1601 676 tres
1618 647 1682 676 aut
1700 646 1868 690 quatuor

143 699 315 740 Codices
343 697 535 745 Graecos,
563 694 665 734 mille
695 706 882 732 annorum
912 703 1073 733 aetatem
1094 690 1330 743 superante8‚
1361 702 1474 745 atque
1492 691 1695 745 genuinam
1718 691 1869 731 Lestio-

142 767 232 794 nem
261 753 481 793 asserturos..
522 751 626 791 Cum
657 761 749 788 vero
768 747 936 800 epistolis
955 746 1056 789 ultro
1074 746 1247 798 citroque
1269 744 1383 785 missis
1407 759 1486 785 non
1511 746 1597 786 satis
1617 746 1867 800 intelligerem

143 809 331 850 rationem
359 804 637 850 asteriscorum,
667 802 885 852 obelorum,
913 812 1028 856 atque
1058 800 1345 849 lemniscorum‚
1380 800 1516 853 quibus
1544 800 1611 841 iste
1641 800 1780 840 Codex
1810 799 1869 840 di-

144 863 300 904 stinfiws
318 860 391 902 effi:
410 859 626 908 dicebatur,
653 856 831 902 tandem,
870 867 912 897 ut
933 870 1011 897 rem
1032 853 1300 910 cognoscerem
1313 855 1413 904 ‚‘A⁰.
1428 858 1545 906 1746.
1557 855 1596 894 in
1609 855 1788 909 Angliam
1799 867 1871 895 tra-

141 917 302 972 jiciendi
324 914 521 956 consilium
541 913 637 967 cepi.
695 911 805 964 Qiid
830 912 1063 956 invenerim,
1092 910 1221 963 paucis
1240 922 1453 962 exponam..
1499 908 1685 950 Posseffor
1707 909 1870 950 Codicis

143 973 199 1014 est
231 970 303 1013 Vir
325 967 576 1012 Reverendus
600 966 791 1018 Glocester
816 965 960 1018 Ridlcy
981 965 1059 1005 LL.
1096 965 1141 1005 Β.
1181 964 1246 1018 qui
1268 977 1356 1004 eum
1374 964 1420 1004 ab
1443 964 1568 1004 amico
1585 966 1625 1004 in
1648 964 1871 1018 Mesopota-

144 1029 221 1069 mia
252 1026 310 1066 vel
331 1025 371 1064 in
405 1023 561 1077 regione
590 1020 831 1062 Mosulorum
861 1032 964 1061 trans
986 1020 1140 1074 Tigrim
1161 1018 1457 1073 acquisitum,&
1473 1031 1577 1059 anno
1602 1030 1718 1071 1730.
1733 1019 1873 1060 Amida

144 1080 295 1122 missum
315 1080 356 1119 in
378 1077 560 1133 Angliam
590 1076 691 1130 (quo
712 1089 840 1117 tamen
861 1090 941 1116 non
962 1075 1030 1115 nisi
1052 1074 1206 1114 biennio
1226 1074 1312 1127 post
1330 1072 1475 1114 delatus
1495 1072 1572 1126 est)
1602 1073 1652 1114 ad
1668 1073 1748 1115 dies
1759 1074 1872 1128 quin-

144 1136 294 1185 decim,
324 1147 421 1188 quos
450 1133 545 1172 mihi
576 1131 659 1171 dari
680 1132 885 1185 petieram,
918 1127 1180 1171 humaniffime
1199 1142 1349 1169 mecum
1367 1129 1675 1169 communicavit.
1730 1129 1871 1170 Codex

145 1190 304 1244 scriptus
331 1188 440 1229 estin
461 1201 627 1242 papyro,
661 1185 725 1226 sed
749 1185 930 1239 spissiori,
959 1185 1064 1238 cujus
1086 1183 1228 1238 singula
1249 1182 1339 1224 folia
1355 1197 1402 1224 ex
1422 1185 1502 1224 aliis
1521 1183 1790 1238 conglutinatis
1814 1184 1872 1224 vi-

144 1245 284 1286 dentur
318 1244 542 1297 compasta,
570 1241 785 1282 charaGoere
815 1240 980 1294 duplici,
1012 1252 1174 1292 utroque
1203 1238 1250 1278 ab
1270 1238 1442 1280 editione
1459 1239 1510 1280 C.
1538 1238 1682 1278 Schaaf
1697 1238 1870 1289 diverso,

146 1301 200 1345 ita
229 1299 387 1354 quidem
415 1309 457 1338 ut
483 1298 651 1337 librarius
671 1295 889 1335 inconstans
908 1296 947 1334 in
967 1308 1041 1334 una
1061 1293 1273 1347 eademque
1292 1294 1432 1348 pagina
1448 1293 1571 1334 modo
1589 1294 1664 1334 hoc
1674 1293 1795 1334 modo
1804 1293 1871 1334 illo

147 1355 363 1395 chara&ere
385 1353 536 1392 alternis
555 1362 743 1396 uteretur,
774 1350 881 1404 quod
903 1349 1112 1389 molestiam
1129 1347 1282 1402 legendi
1302 1362 1382 1388 non
1393 1362 1525 1402 parum
1535 1349 1658 1399 auxit,
1671 1362 1755 1389 cum
1768 1362 1875 1402 prae-

146 1410 274 1451 sertim
306 1407 512 1449 charasteri
529 1405 733 1461 estrangelo
755 1404 862 1445 ditm
884 1405 907 1445 i.
937 1419 969 1444 e.
999 1401 1181 1454 erpo->astino
1202 1403 1340 1457 (quem
1357 1404 1397 1443 in
1418 1403 1474 1444 N.
1502 1404 1554 1445 T.
1565 1404 1706 1459 Syriaci
1726 1403 1874 1444 Lectio-

147 1465 258 1505 nibus
288 1461 520 1503 annotandis
560 1461 713 1501 exhibet
744 1458 1073 1510 deanstaclius
1086 1490 1098 1509 ,
1126 1460 1167 1498 in
1196 1457 1414 1499 Prodromo
1433 1457 1606 1512 Coptico
1622 1459 1676 1500 A.
1707 1457 1876 1498 Kirche-

148 1533 214 1559 rus
226 1550 238 1569 ,
267 1522 306 1557 &
326 1519 366 1558 in
386 1517 488 1562 orbis
507 1516 646 1556 eruditi
664 1515 853 1556 literatura
874 1514 926 1554 E.
957 1510 1208 1564 Bernardus)
1238 1526 1319 1552 non
1337 1513 1450 1562 essem
1468 1513 1637 1555 assuetus.
1773 1536 1778 1540 -

205 1574 395 1614 Continet
426 1571 490 1612 hic
522 1570 663 1611 Codex
698 1581 823 1610 totum
849 1569 905 1610 N.
934 1568 1009 1620 T.,
1037 1568 1064 1609 si
1083 1566 1336 1622 Apocalypfin
1356 1570 1396 1607 &
1413 1569 1660 1622 posteriorem
1684 1569 1878 1623 Epistolae

149 1628 201 1668 ad
231 1629 433 1669 Hebraeos
463 1637 610 1680 partem
640 1640 662 1665 a
693 1625 794 1677 Cap.
825 1624 900 1664 XI.
929 1635 994 1676 27.
1022 1623 1196 1676 excipias.
1254 1622 1385 1663 Habet
1411 1635 1536 1664 autem
1558 1638 1637 1664 non
1657 1622 1776 1664 solum
1799 1624 1880 1664 Ca·

149 1697 274 1723 nones
301 1679 487 1735 Euftbii,
516 1680 580 1721 sed
608 1680 723 1719 etiam
742 1677 1024 1720 Praefationem
1043 1677 1201 1730 Cosmae
1231 1676 1535 1731 Indicopleustae
1567 1679 1608 1718 in
1629 1678 1877 1733 Evangelium

143 1737 330 1793 joannis,
359 1749 434 1776 una
463 1748 551 1775 cum
574 1733 773 1788 Prologis,
801 1732 1063 1774 Divisionibus
1080 1735 1120 1771 δι
1143 1731 1468 1773 subnotationibus
1489 1732 1688 1773 Euthalii.
1746 1733 1878 1774 Habet

149 1806 268 1846 porro
288 1789 550 1831 Collationem
571 1787 770 1830 Versionis
789 1787 963 1841 Syriacae
985 1787 1122 1841 prioris
1142 1798 1230 1826 cum
1241 1786 1470 1839 posteriore,
1499 1800 1613 1841 quam
1627 1787 1759 1842 inipso
1770 1787 1884 1828 Con-

149 1858 257 1893 textu
286 1844 463 1899 exprimit
493 1841 770 1898 praeponendo
790 1842 943 1882 obelum
962 1841 1109 1891 verbis,
1138 1854 1236 1895 quae
1255 1842 1295 1880 in
1316 1841 1434 1894 priori
1452 1842 1666 1888 abundant,
1696 1847 1735 1881 &
1755 1843 1882 1883 asteri-

151 1901 255 1942 scum
274 1901 337 1946 iis,
370 1912 468 1954 quae
488 1898 607 1953 priori
624 1896 780 1938 desunt:
809 1897 873 1938 ubi
895 1908 1023 1937 tamen
1043 1896 1244 1949 aliquoties
1267 1896 1307 1935 in
1337 1897 1528 1950 ponendis
1556 1898 1634 1937 istis
1666 1898 1778 1952 signis
1797 1911 1817 1938 a
1837 1897 1880 1938 li-

127 2002 130 2005 ,
151 1956 278 1996 brario
307 1955 520 1994 aberratum
552 1951 660 1993 fuisse
686 1951 848 1992 videtur.
900 1951 1079 2004 Denique
1098 1951 1137 1990 in
1157 1950 1328 2004 margine
1348 1951 1524 2000 exhibet,
1553 1965 1702 2006 praeter
1723 1953 1882 1993 nomina

152 2010 214 2051 vel
236 2009 390 2064 propria
408 2008 468 2049 vel
488 2021 567 2048 non
588 2006 776 2060 vulgaria,
789 2006 946 2046 Graecis
966 2005 1082 2045 literis
1099 2004 1312 2045 charastere
1331 2005 1467 2045 unciali
1477 2005 1660 2047 secundae
1671 2007 1787 2047 claffis
1797 2022 1881 2047 exa-

154 2075 256 2111 rata,
288 2064 475 2104 variantes
507 2061 691 2103 leffiones
718 2059 913 2101 Codicum
944 2060 1202 2110 Graecorum,
1230 2059 1409 2100 lemnisco
1431 2073 1694 2114 praenotatas,
1722 2075 1882 2116 quarum

155 2133 238 2160 non
256 2131 398 2174 paucae
417 2117 458 2158 in
478 2116 600 2170 ipsum
619 2115 790 2159 Textum
811 2114 987 2168 adposito
1006 2113 1179 2154 asterisco
1197 2113 1432 2168 irrepserunt.
1463 2116 1549 2156 Dici
1570 2127 1694 2156 autem
1717 2131 1795 2156 non
1812 2130 1885 2170 po-

155 2174 249 2224 test,
277 2186 393 2228 quam
426 2171 671 2212 vehementer
700 2169 888 2225 perculsus
908 2182 1023 2223 atque
1040 2183 1086 2210 ex
1117 2182 1255 2223 magna
1283 2168 1347 2223 spe
1367 2168 1584 2212 deturbatus
1604 2170 1761 2221 fuerim,
1791 2185 1880 2215 cum

156 2228 350 2278 viderem,
362 2226 558 2281 plerasque
575 2237 709 2266 omnes
728 2225 814 2266 istas
832 2225 1018 2265 variantes
1037 2224 1239 2264 Leitiones
1257 2237 1305 2264 ex
1325 2224 1495 2266 versione
1515 2226 1629 2275 Itala,
1658 2226 1737 2266 hoc·
1752 2226 1828 2272 est,
1841 2237 1885 2267 ut

157 2294 279 2338 puto,
305 2280 469 2336 ex'ipfis,
497 2293 596 2335 quos
623 2279 732 2334 supra
751 2278 949 2334 descripsi,
977 2278 1190 2319 Codicibus
1213 2280 1259 2319 A.
1289 2278 1338 2320 C.
1367 2279 1415 2319 D.
1448 2283 1488 2320 &
1508 2280 1551 2321 L.
1579 2282 1652 2322 esse
1671 2281 1817 2335 petitas.
1884 2301 1887 2306 ·

213 2338 276 2379 De
302 2338 450 2380 Autore
481 2334 558 2377 five
586 2346 761 2389 tempore
788 2345 868 2375 tum
897 2333 1171 2375 Converfionis
1199 2333 1323 2384 istius,
1352 2344 1434 2374 tum
1462 2347 1658 2386 notarum,
1687 2336 1822 2390 quibus
1841 2348 1888 2375 o-'

160 2392 269 2443 beli,
307 2389 467 2432 asterisci
501 2391 541 2430 δε
569 2389 736 2431 lemnisci
766 2388 920 2444 praefixi
944 2388 1029 2430 sunt
1049 2419 1061 2439 ,
1101 2388 1194 2430 haec
1225 2388 1411 2430 habentur
1430 2416 1442 2436 ,
1479 2390 1520 2429 in
1555 2389 1633 2430 fine
1659 2391 1886 2444 Evangelio-

163 2461 248 2489 rum
273 2445 424 2501 Syriace
454 2443 591 2499 scripta
619 2445 758 2499 partim
785 2444 907 2484 minio
934 2444 1072 2498 partim
1103 2454 1316 2484 atramento
1339 2461 1349 2484 ε
1394 2470 1420 2495 ,,
1442 2444 1508 2484 Est
1538 2457 1664 2485 autem
1700 2446 1792 2486 liber
1821 2445 1885 2485 hic

162 2534 191 2555 „
220 2514 383 2557 quatuor
415 2499 740 2552 Evangelistarum
776 2499 1002 2540 Samstomm
1021 2525 1033 2545 ‚
1079 2499 1147 2553 qui
1175 2498 1376 2540 conversus
1417 2498 1488 2540 fuit
1515 2513 1561 2540 ex
1587 2500 1735 2554 Lingua
1765 2501 1887 2540 Grae-

164 2588 192 2610 „
220 2571 265 2596 ca
290 2557 331 2596 in
362 2555 495 2610 Syram
529 2552 599 2609 [δε
628 2554 744 2595 literis
769 2551 998 2609 Hebraicis]
1029 2553 1266 2595 Aramaeam
1285 2567 1371 2594 cum
1390 2555 1628 2595 accuratione
1638 2555 1754 2595 multa
1773 2558 1889 2610 &ge-

164 2639 193 2664 ,‚
221 2611 383 2652 statione
409 2609 536 2650 oneris
565 2610 717 2665 magni;
746 2610 910 2664 primum
935 2607 1092 2663 quidem
1116 2609 1157 2654 in
1185 2607 1333 2664 Mabug
1364 2609 1475 2659 urbe,
1506 2610 1571 2649 A⁰.
1601 2610 1692 2659 819.
1722 2609 1886 2650 Alexanss

166 2695 195 2718 „
223 2665 284 2706 dri
313 2664 544 2706 Macedonis
572 2664 612 2703 in
643 2663 775 2705 diebus
802 2664 918 2705 sansti
946 2663 1109 2704 Domini
1138 2661 1376 2714 Philoxeni,
1406 2663 1643 2705 Confefforis
1662 2695 1674 2714 ,
1716 2664 1797 2717 ejus
1826 2679 1884 2704 ur-

167 2748 199 2774 ,‚
225 2721 283 2761 bis
308 2718 520 2774 Episcopi:
557 2719 732 2760 Collatus
759 2730 884 2760 autem
910 2718 982 2759 fuit
1011 2718 1142 2772 postea
1169 2718 1286 2758 multa
1309 2732 1396 2758 cum
1424 2719 1621 2772 diligentia
1651 2733 1673 2758 a
1696 2733 1758 2759 me
1787 2717 1886 2758 Tho-

169 2803 197 2828 ‚‚
226 2789 288 2814 ma
329 2787 495 2828 paupere
523 2787 609 2814 cum
633 2772 775 2814 duobus
804 2773 1077 2828 exemplaribus
1104 2773 1262 2813 Graecis
1293 2772 1405 2813 valde
1435 2773 1603 2826 probatis
1630 2776 1669 2812 &
1705 2775 1887 2814 accuratis

169 2862 195 2883 „
225 2832 264 2871 in
298 2829 469 2871 Antonia
490 2828 741 2869 Alexandriae
757 2828 857 2869 urbis
875 2841 1056 2884 magnae,
1084 2828 1126 2867 in
1144 2827 1373 2868 monasterio
1395 2828 1644 2875 Antoniano;
1674 2828 1886 2881 iterumque

169 2916 198 2938 ,‚
225 2885 384 2938 scriptus
403 2887 443 2924 &
460 2883 617 2923 collatus
632 2883 687 2924 est
704 2884 745 2923 in
764 2883 853 2923 loco
873 2882 1134 2933 di&o,Anno
1154 2894 1249 2934 927.
1277 2881 1448 2935 ejusdem
1471 2882 1701 2932 Alexandri,
1730 2882 1889 2923 Indicti-

170 2967 199 2992 ,‚
226 2953 303 2980 one
330 2949 473 2992 quarta.
529 2938 727 2989 Qiantam
765 2949 890 2978 autem
920 2938 1130 2979 molestiam
1164 2940 1203 2976 ὅ(
1222 2936 1512 2977 sollicitudinem
1529 2938 1569 2977 in
1586 2951 1635 2978 eo
1651 2951 1888 2991 componen-

176 3026 203 3047 „
233 2994 289 3040 do
309 2993 526 3042 habuerim,
555 2993 748 3033 Dominus
764 2992 863 3032 solus
881 2994 1011 3043 novit,
1037 2993 1105 3047 qui
1126 2991 1303 3033 retribuet
1325 2992 1527 3046 unicuique
1546 2991 1751 3032 secundum
1772 3006 1889 3045 opera

171 3080 199 3101 ,‚
227 3048 289 3090 sua
320 3050 358 3088 in
390 3047 536 3101 judicio
565 3047 631 3086 suo
655 3047 757 3099 justo
785 3049 825 3086 &
844 3046 949 3087 resto
952 3077 1308 3089 ..........
1338 3049 1510 3088 Amen’'.
1565 3047 1656 3087 Post
1677 3048 1774 3088 Aeta
1795 3060 1887 3086 vero

174 3107 214 3146 &
232 3103 421 3157 Epistolas
441 3101 689 3144 Catholicas:
715 3132 742 3154 ‚,
752 3100 909 3156 scriptus
929 3102 983 3143 est
1002 3101 1233 3145 autemh'ber
1243 3115 1290 3144 ex
1300 3103 1479 3145 accuratis
1487 3101 1779 3157 exemplaribus,
1791 3115 1889 3155 quae

1744 3187 1773 3208 „
1799 3170 1889 3197 con-
