1976 3519
443 210 1437 254 PROLEGOMENA.
1781 217 1836 267 67

147 298 334 342 Irenaeus
362 297 625 353 Lugdunensis
645 296 857 350 Episcopus
876 300 915 336 δε
936 295 1097 350 Martyr.
1127 295 1264 336 Editus
1287 310 1309 335 a
1331 296 1526 350 Maffueto
1544 296 1693 340 Parisiis
1710 311 1829 351 1710.

94 355 241 395 Graeca
277 355 359 407 ejus
389 354 620 407 Fragmenta
657 350 744 392 sunt
773 350 878 404 apud
909 350 1196 404 Epiphanium,
1225 350 1523 392 Theodoretum
1545 354 1643 393 &in
1666 354 1828 398 Catenis

90 410 204 450 MSS.
243 410 306 450 De
339 423 387 449 eo
418 410 469 448 ita
490 405 672 446 Millius:
703 436 730 456 „
760 405 1020 460 Epiphanius,
1051 406 1198 460 inquit,
1231 404 1393 458 aliique,
1423 407 1559 459 quibus
1580 408 1729 450 Graeca
1748 409 1828 453 Ire-

90 491 116 515 „
145 465 231 504 naei
263 464 464 507 debemus,
494 460 598 500 haud
630 459 778 514 semper
803 461 969 501 citarunt
999 459 1083 500 loca
1104 460 1161 499 N.
1187 459 1238 499 T.
1280 460 1330 499 ad
1353 460 1522 501 Textum
1553 462 1826 516 Irenaeanum,

88 549 115 570 „
144 518 209 559 sed
231 527 505 571 nonnunquam
528 515 578 555 ad
599 515 769 556 Codices
790 514 876 556 suos
894 515 1139 569 posteriores:
1169 536 1236 546 ·--—
1264 514 1305 554 in
1325 514 1472 555 Latinis
1494 527 1619 557 autem
1642 519 1827 573 interpre-

88 604 114 625 ,‚
144 574 174 614 ti
203 574 242 613 id
272 586 387 613 unum
408 585 518 611 curae
538 581 638 615 erat,
669 582 711 610 ut
735 570 950 623 Scripturae
970 570 1186 610 testimonia
1206 591 1290 600 -·---
1310 570 1538 623 exprimeret
1559 571 1681 612 verbis
1700 574 1825 615 Inter-

88 655 116 680 ,‚
145 628 365 682 pretationis
393 626 555 666 Italicae.
615 624 737 664 Unde
767 624 933 675 fastum,
962 635 1004 665 ut
1037 625 1166 678 paucis
1185 625 1226 664 in
1246 623 1361 673 lociS‚
1393 638 1464 665 nec
1485 624 1554 665 nisi
1574 638 1619 665 ex
1638 639 1821 671 contextu

84 714 114 734 „
142 683 344 731 orationis,
373 681 458 721 satis
476 679 615 734 assequi
640 679 776 732 poffis,
805 693 995 734 quaenam
1015 677 1127 720 fuerit
1149 678 1312 720 Codicis
1329 679 1526 720 Irenaeani
1549 680 1695 722 Lefflo.

115 766 117 769 -
144 736 337 777 Tatzanus
361 737 496 789 Syrus,
518 735 659 788 Justini
680 735 863 790 Martyris
882 733 1121 787 Discipulus,
1150 733 1293 788 scripsit
1314 733 1491 774 adversus
1513 735 1671 777 Gentes.
1728 738 1823 779 Edi-

87 803 146 833 tus
173 806 194 830 a
222 791 343 831 Frisio
371 790 510 845 Tiguri
546 793 665 840 1546.
696 789 800 830 idem
830 790 944 830 etiam
968 789 1160 829 Catenam
1183 788 1311 829 nescio
1330 802 1446 842 quam
1472 793 1511 828 &
1535 790 1822 834 Collestionem

85 846 381 900 Evangeliorum
409 845 624 895 contexuit,
653 845 745 884 teste
774 844 938 885 Eusebio
963 844 1018 883 H.
1046 844 1090 883 E.
1121 856 1168 894 4,
1202 857 1265 893 29.
1294 841 1309 882 ὅ
1338 839 1506 885 Tamaris
1536 843 1713 893 συνέφειοίν
1741 864 1818 888 τινα

84 898 144 940 καὶ
164 898 360 949 συναγωγὴν
389 899 448 939 <iun
474 898 536 939 ’ὧδ’
563 899 657 940 ὅπως
684 898 751 938 τᾶν
779 895 1021 948 Ἐυσιγγελῖων
1048 895 1199 949 συνθεὶς,
1218 896 1260 938 τὸ
1284 893 1368 952 2.)qu
1389 897 1558 951 τεσσάρων
1576 900 1682 940 τοῦτο
1703 918 1817 952 προσ·-

31 950 33 953 ”
84 954 254 1003 ωνέμαοιεν·
281 956 343 995 τοῦ
363 955 397 994 δε
412 953 623 999 'Ama-&tou
645 966 729 1003 φασι
746 951 1027 1001 τολμῆσαιτινὰς
1037 950 1143 993 &turbu
1155 952 1575 1005 μεταφράσειιφωνοὶς,ὦς
1586 952 1822 1008 {mim-&8225-

84 1028 126 1051 ror
164 1009 277 1050 ἀυτῶν
306 1009 364 1053 τὴν
391 1010 453 1052 ‘rie
482 1009 636 1062 Φράσεως
663 1007 829 1059 σύνταξιν.
886 1008 1163 1050 Theodoretus
1191 1009 1365 1059 testatur,
1395 1010 1432 1049 se
1454 1009 1654 1064 plusquam
1674 1012 1818 1054 ducen-

84 1078 145 1107 tos
166 1066 257 1106 tales
279 1066 575 1119 Evangeliorum
597 1062 767 1105 Codices
785 1063 1078 1118 deprehendisse
1100 1076 1214 1117 atque
1234 1063 1456 1116 seposuis1e5
1486 1064 1605 1106 hodie
1628 1080 1700 1108 nec
1718 1082 1818 1110 unus

82 1121 256 1175 superest.
286 1122 334 1162 In
353 1120 506 1161 Codice
534 1133 663 1160 tamen
695 1132 759 1172 72.
787 1119 868 1172 ejus
884 1119 928 1160 fit
947 1119 1093 1159 mentio
1112 1119 1162 1159 ad
1184 1117 1326 1158 Matth.
1353 1119 1531 1161 XXVII.
1562 1132 1629 1170 49.

140 1176 372 1232 Theophilus
402 1175 634 1217 Antiochiae
663 1174 894 1229 Episcopus,
925 1186 1000 1215 tres
1024 1174 1140 1215 libros
1161 1172 1211 1214 ad
1228 1173 1463 1228 Autolycum
1483 1173 1652 1229 scripsit,
1683 1191 1705 1217 a
1727 1178 1814 1220 Fri-

85 1231 140 1272 fio
159 1231 283 1272 editos
303 1232 440 1286 Tiguri
466 1245 480 1271 1
495 1235 586 1283 546.

135 1286 414 1340 Athenagoras
434 1286 700 1337 Atheniensis,
728 1284 879 1328 scholae
898 1285 1181 1328 Alexandrinae
1199 1286 1374 1336 Βοᾶοτ,
1403 1284 1546 1340 scripsit
1556 1286 1810 1341 Legationem

81 1355 153 1395 pro
181 1341 408 1382 Christianis
438 1345 477 1381 ὃς
502 1342 553 1383 de
579 1342 874 1383 Resurrestione
903 1354 1165 1392 mortuorum,
1197 1342 1237 1381 in
1268 1342 1406 1395 quibus
1426 1340 1560 1395 paslim
1579 1343 1627 1382 ad
1648 1342 1732 1384 loca
1752 1345 1811 1385 N.

83 1397 133 1437 T.
162 1396 316 1447 alludit,
344 1398 434 1437 citat
451 1397 567 1437 etiam
585 1397 757 1437 Baruch.
787 1397 873 1439 ΙΙΙ.
904 1397 969 1438 ult.
999 1410 1114 1452 quem
1134 1397 1262 1437 locum
1280 1396 1420 1437 Editor
1440 1395 1599 1448 fatetur,
1627 1397 1723 1438 sein
1745 1399 1813 1441 suo

75 1450 240 1506 Jeremia
258 1452 429 1494 invenire
449 1466 529 1492 non
549 1452 720 1506 potuisse.
751 1451 823 1492 Ed.
855 1453 1006 1493 Oxonii
1028 1457 1148 1504 1706.
1178 1453 1217 1491 in
1237 1452 1405 1493 ottavo.

135 1506 308 1546 Clemens
343 1507 641 1548 Alexandrinus
660 1538 671 1558 ,
717 1506 790 1547 Ed.
834 1507 898 1561 Jo.
935 1508 1083 1548 Potteri
1116 1507 1266 1547 Oxonii
1301 1519 1420 1559 1715.
1449 1505 1629 1549 Editores
1664 1510 1812 1563 priores

79 1560 372 1615 fiequentiffime
400 1563 663 1603 aberraverunt
691 1563 731 1603 in
763 1561 994 1603 adnotandis
1029 1562 1124 1603 locis
1143 1561 1381 1616 Scripturae,
1410 1563 1569 1615 quaein
1591 1575 1695 1604 textu
1720 1565 1812 1606 Cle-

79 1628 247 1657 mentem
276 1617 456 1671 respicere
484 1618 768 1667 existimabant,
797 1629 911 1672 atque
930 1619 1046 1658 etiam
1066 1617 1235 1658 Millium
1255 1616 1382 1657 secum
1401 1617 1441 1656 in
1459 1631 1625 1658 errorem
1646 1619 1812 1661 abduxe-

77 1683 188 1717 runt,
218 1684 260 1712 ut
281 1687 368 1713 cum
390 1672 552 1727 Paedag.
585 1686 628 1725 3,
661 1686 722 1714 11.
751 1673 935 1713 Clemens
953 1672 1101 1713 dietum
1126 1686 1159 1712 2.
1175 1672 1270 1712 Cor.
1296 1671 1405 1713 VlII.
1440 1685 1503 1711 21.
1533 1673 1738 1726 proferret,
1758 1676 1811 1716 ad

79 1727 291 1782 marginem
319 1739 499 1767 notarunt
532 1728 652 1769 Rom.
684 1727 775 1768 XII.
810 1740 882 1778 17.v
901 1740 948 1767 ex
967 1741 1047 1781 quo
1074 1726 1221 1766 Millius
1251 1726 1438 1780 insignem
1460 1726 1726 1769 Variationem
1744 1744 1812 1771 eo-

78 1780 170 1821 dem
191 1781 278 1822 loco
299 1780 389 1821 falso
408 1781 616 1834 exsculpsit.
672 1780 826 1834 Scripsit
841 1779 946 1821 'idern
969 1782 1153 1822 Clemens
1171 1779 1283 1820 VIII.
1310 1779 1428 1820 libros
1438 1778 1812 1839 ὑποτυπώσεων,<]ιιί,

78 1835 106 1876 fi
126 1837 262 1890 integri
285 1848 477 1885 extarent,
507 1836 675 1876 maximo
703 1836 814 1876 nobis
839 1835 919 1876 usui
948 1836 1088 1887 essent,
1117 1832 1158 1875 αἵ
1174 1832 1232 1883 μὲν
1254 1832 1305 1873 οἶν
1325 1832 1572 1878 ammaim
1583 1839 1635 1879 ait
1645 1838 1811 1881 Photius

76 1890 174 1932 Bibl.
207 1904 295 1940 109.
326 1889 628 1946 alffhoeussoivowc
658 1887 737 1942 περὶ
766 1888 851 1943 ῥηἺῶν
882 1889 973 1929 τινῶν
990 1890 1052 1932 τ’ἤς
1071 1888 1243 1931 aramius
1263 1886 1324 1928 nal
1346 1886 1416 1932 νέας
1439 1890 1639 1945 λίθιθῆκπς,
1668 1896 1813 1947 praeci-

75 1959 152 1999 pue
179 1946 240 1985 τοῦ
268 1945 414 1986 Παύλου
445 1944 513 1985 τῶν
540 1945 746 1990 Ἐπιςολᾶν
774 1940 836 1984 καὶ
865 1944 932 1984 τῶν
951 1944 1148 1985 καθολικῶν.
1204 1944 1404 1986 Habemus
1422 1957 1551 1986 tamen
1574 1947 1806 2003 Fragmenta

74 2000 263 2054 quaedam
293 2002 333 2041 in
364 2001 517 2055 Eclogis
548 2000 722 2041 Editioni
743 2000 957 2041 Clementis
975 2001 1154 2047 annexis,
1182 2001 1223 2039 &
1244 2000 1286 2040 in
1306 1999 1421 2040 MSS.
1450 2000 1614 2043 Scholiis
1634 2002 1727 2045 hinc
1746 2005 1810 2046 in-

74 2056 147 2102 de,
178 2068 257 2097 tum
278 2056 414 2096 Latina
436 2055 666 2097 Cassiodoro
685 2057 913 2109 interprete,
942 2055 1053 2097 Fello
1073 2055 1235 2097 editore.

126 2111 364 2165 Hippoiytus
386 2142 397 2162 ,
437 2112 581 2152 Irenaei
613 2111 835 2166 discipulus,
867 2111 1080 2166 Episcopus
1112 2111 1252 2152 Portus
1280 2111 1464 2152 Romani
1487 2112 1527 2152 in
1555 2113 1724 2166 Arabia,
1761 2130 1810 2158 ex

75 2164 246 2207 editione
260 2167 296 2220 J.
327 2169 374 2207 A.
403 2165 577 2207 Fabricii
594 2168 661 2207 A⁰.
694 2168 815 2218 1718.
845 2166 960 2207 Folio
979 2170 1020 2207 &
1040 2166 1263 2208 Collatione
1281 2166 1370 2207 MS.
1400 2167 1612 2210 Basiliensis
1625 2171 1813 2213 membra-

73 2223 179 2261 nacei
200 2222 439 2262 Scholiorum
461 2223 501 2262 in
523 2222 718 2262 historiam
738 2221 951 2273 Susannae,
981 2223 1073 2263 item
1092 2221 1143 2263 de
1161 2221 1412 2263 Antichristo.

129 2278 318 2331 Origenes
350 2291 396 2318 ex
426 2278 608 2318 Editione
637 2277 774 2318 Latina
802 2277 984 2333 Lugduni
1013 2280 1133 2331 1536.
1170 2280 1211 2316 &
1234 2277 1541 2318 Graeco-Latina
1566 2278 1735 2333 Huetii,
1767 2286 1809 2323 &

72 2329 253 2384 Sp'enceri
283 2333 418 2373 collata.
445 2347 533 2374 cum
549 2332 633 2373 MS.
661 2332 852 2373 Basilienfi
873 2332 1096 2379 chartaceo,
1127 2335 1167 2371 &
1187 2331 1390 2385 Wetstenii
1407 2332 1544 2374 collata
1566 2335 1736 2389 Epistola
1755 2337 1808 2379 ad

73 2386 297 2428 Africanum
316 2402 403 2428 cum
421 2389 510 2428 MS.
540 2388 730 2428 Basiliensi
761 2388 1050 2428 membranaceo
1069 2420 1080 2436 ,
1119 2387 1288 2440 denique
1317 2387 1449 2427 Caroli
1477 2389 1524 2427 de
1544 2388 1594 2436 {la
1624 2389 1738 2442 Rue,
1770 2407 1807 2446 3.

72 2441 228 2482 Volum.
293 2443 401 2483 Licet
429 2455 554 2484 autem
586 2443 776 2497 Origenes
804 2443 907 2496 apud
937 2442 1163 2496 posteriores
1195 2442 1367 2482 Graecos
1395 2454 1511 2497 atque
1541 2445 1701 2487 Latinos
1726 2461 1810 2488 ma-

74 2496 108 2536 le
125 2497 306 2548 audierit,
335 2497 428 2538 illud
449 2510 576 2539 tamen
596 2512 740 2538 certum
761 2498 835 2548 est,
866 2498 1059 2538 neminem
1080 2498 1236 2538 Patrum
1267 2496 1374 2538 fuisse
1406 2497 1489 2551 ipso
1521 2498 1753 2555 κριτικῶτεςον
1771 2506 1813 2543 &

73 2551 112 2591 in
141 2553 340 2607 Scripturis
370 2555 671 2594 exercitatiorem
689 2582 701 2602 ‚
741 2567 816 2607 qua
848 2552 959 2594 laude
987 2553 1102 2593 etiam
1132 2552 1194 2593 sua
1224 2563 1346 2593 aetate
1374 2553 1416 2592 in
1448 2554 1629 2609 AEgypto
1666 2559 1812 2610 praeci-

72 2620 146 2659 pue
181 2623 225 2647 ac
265 2609 472 2648 Palaestina
512 2608 615 2663 apud
643 2608 865 2649 Monachos
890 2606 1164 2659 βιβλιογράφους
1191 2607 1333 2648 floruit.
1387 2607 1514 2649 Unde
1551 2609 1694 2652 fanum
1714 2643 1726 2663 ‚
1767 2625 1811 2655 ut

81 2675 160 2702 non
191 2663 311 2704 modo
341 2663 454 2717 ipsius
482 2664 539 2704 N.
568 2663 619 2704 T.
649 2661 775 2704 ’έκὸοσις
804 2675 954 2704 tantum
984 2677 1065 2703 non
1096 2663 1174 2702 sola
1201 2677 1273 2716 pro
1303 2661 1546 2704 Authentico
1568 2664 1720 2708 Codice
1743 2668 1812 2708 ha-

71 2715 242 2768 beretur,
272 2734 315 2758 ac
349 2718 481 2772 passim
513 2719 686 2759 omnium
707 2717 1002 2772 frequentissime
1022 2716 1315 2765 describeretur,
1344 2731 1480 2758 verum
1500 2720 1616 2759 etiarn
1638 2733 1679 2762 ut
1697 2723 1814 2764 inter·

72 2784 195 2824 pretes
224 2786 338 2827 atque
366 2786 599 2814 enarratores
628 2774 684 2814 N.
712 2774 762 2814 T.
795 2787 893 2827 pene
921 2773 1086 2815 univerfi
1113 2784 1254 2814 temere
1285 2786 1367 2812 non
1400 2773 1491 2814 alias
1520 2785 1636 2829 atque
1668 2775 1809 2831 Orige-

73 2826 131 2865 nis
158 2829 429 2881 explicationes
457 2829 696 2883 adoptarent.
754 2828 854 2868 Illud
880 2842 974 2883 ergo
1007 2828 1194 2869 affirmare
1216 2841 1297 2867 non
1319 2826 1512 2878 dubitem,
1542 2829 1672 2883 quod,
1702 2831 1727 2872 fi
1749 2836 1811 2873 vel

75 2878 256 2935 Origenis
276 2884 415 2923 Codex
439 2896 602 2933 extaret,
633 2884 692 2923 vel
713 2883 849 2937 scripta
868 2884 949 2937 ejus
968 2884 1115 2938 integra
1136 2881 1389 2937 superessent,
1420 2883 1470 2923 ad
1488 2883 1700 2926 editionem
1720 2887 1812 2927 No-

74 2934 114 2973 vi
133 2935 370 2978 Testamenti
392 2939 699 2979 accuratissimam
720 2939 802 2992 plus
822 2939 913 2978 inde
935 2952 1049 2991 quam
1070 2952 1116 2978 ex
1138 2937 1317 2978 omnibus
1338 2936 1420 2978 aliis
1438 2939 1611 2979 Patribus
1632 2955 1676 2981 ac
1687 2941 1812 2982 Codi-

73 2988 199 3034 cibus,
228 2994 292 3046 qui
309 3008 409 3033 nunc
433 2994 589 3047 quidem
621 2993 838 3048 supersunt,
868 2993 1020 3033 subsidii
1039 2991 1187 3048 sperare
1207 2992 1348 3033 liceret.
1379 2993 1505 3045 Qiod
1526 3005 1654 3035 tamen
1667 2997 1812 3037 nonita

74 3043 233 3098 intelligi
263 3049 397 3097 velim,
428 3049 498 3088 acsi
531 3063 666 3089 omnes
695 3049 879 3103 Origenis
907 3049 1092 3089 leffiones
1124 3048 1444 3102 probarem5non
1464 3049 1568 3089 enim
1589 3050 1738 3101 nescio,
1767 3052 1813 3091 il-

74 3097 154 3137 lum
186 3100 306 3140 virum
335 3117 380 3142 ex
408 3105 647 3157 conjesfflra,
689 3103 754 3144 sed
784 3103 854 3143 nisi
877 3103 986 3143 fallor
1005 3103 1070 3157 (ut
1089 3103 1311 3157 plerumque
1333 3101 1400 3154 fit)
1421 3102 1562 3144 infelici
1581 3108 1621 3143 &
1643 3118 1723 3145 non
1747 3118 1813 3145 ne-

73 3153 225 3193 cessaria
257 3156 295 3194 in
322 3157 378 3196 N.
405 3158 456 3198 T.
486 3174 564 3198 non
596 3173 715 3211 pauca
755 3158 1001 3207 immutasse,
1044 3173 1142 3213 quae
1171 3157 1462 3198 emendationes
1489 3169 1573 3198 tum
1592 3173 1614 3198 a
1633 3158 1813 3211 librariis,

73 3217 154 3249 tum
188 3209 236 3250 ab
265 3210 512 3267 Hieronymo
531 3214 573 3255 in
593 3213 781 3257 Versione
803 3214 942 3255 Latina
954 3244 967 3265 ,
981 3226 1129 3309 1partim
1147 3224 1322 3267 receptae
1347 3213 1486 3265 partim
1505 3212 1699 3265 neglectae
1717 3213 1814 3311 figit.

1034 3280 1055 3308 2
1786 3280 1809 3310 e
