1976 3519
470 211 1464 257 PRoLEGoMENA.
1648 225 1879 278 ,ως-

105 307 228 346 tinent
251 303 312 343 illa
332 300 490 350 furiosa,
523 313 620 354 quae
641 299 754 339 Sutor
767 295 939 351 quodam
962 298 1003 337 in
1021 293 1111 337 loco
1131 297 1315 349 detonat,
1344 300 1383 339 in
1405 299 1624 341 Fabrumne
1642 313 1690 340 an
1709 300 1749 340 in
1778 315 1841 343 me

105 363 313 405 incertum,
345 357 409 398 sed
441 357 603 396 omnino
628 355 668 393 in
699 353 806 392 causa
836 353 947 406 pari:
978 353 1020 392 O
1040 354 1314 402 temeritatem,
1344 355 1490 408 inquit,
1519 355 1603 408 plus
1625 369 1740 408 quam
1761 355 1842 397 dia·-

105 415 286 454 bnlicam!
320 413 449 452 Scisne
469 409 597 458 miser,
627 422 692 447 cur
708 408 829 447 nullus
850 406 1159 460 praecedentium
1182 409 1336 448 Parrum
1358 408 1442 447 eam
1471 410 1650 463 castigare
1680 421 1842 452 attenta-

103 471 159 510 vit
189 469 274 523 post
305 466 613 519 Hieronymum?
641 476 780 516 nempe
807 461 915 516 quod
946 475 1081 502 omnes
1111 464 1150 501 in
1184 463 1379 503 communi
1409 463 1620 516 persuasum
1654 465 1839 517 habuere,

103 539 186 565 earn
215 523 288 563 eli'e
318 520 540 562 verissimam
575 532 618 557 ac
647 517 908 562 certiffimam‚
938 516 1110 570 nihilque
1140 518 1292 570 penitus
1318 521 1379 558 vel
1412 519 1548 559 erroris
1578 519 1638 559 vel
1671 519 1840 562 falsitatis

104 578 330 632 compleffl3
360 577 455 615 Eam
476 573 526 614 ob
549 587 627 613 rem
651 586 730 612 non
752 571 837 611 sunt
856 571 933 611 ausi
952 571 1167 611 temerarias
1188 585 1321 612 manus
1343 571 1546 622 adhibere,
1578 576 1617 612 &
1638 574 1739 614 casso
1760 577 1840 616 imo

104 633 226 673 impio
246 633 370 672 labore
392 629 429 669 se
451 627 628 677 fatigare,
659 626 985 681 quemadmodum
1006 626 1211 667 miserrime
1229 627 1370 675 fecisti,
1401 628 1468 680 qui
1496 627 1604 668 ausus
1621 641 1662 667 es
1687 642 1840 684 promp-

104 674 226 728 tuario
256 686 414 739 Spiritus
444 674 572 723 Sanlsti
600 683 678 722 vim
712 681 871 731 inferre,
902 685 940 720 &
962 681 1131 735 superbia
1153 681 1370 722 luciferiana
1399 682 1592 724 succensus
1603 713 1614 732 ,
1645 682 1840 724 Taberna-

104 744 229 783 culum
249 740 431 788 altissimi,
462 738 633 778 Domum
656 735 1019 786 Dei‚.Thesaurum
1043 736 1349 786 Christianismi,
1381 737 1616 777 Columnam
1653 737 1840 780 Ecclesiae

104 812 147 837 ac
177 797 340 849 denique
372 793 682 834 Fundamentum
704 792 821 832 totius
840 791 1008 831 veritatis
1041 806 1084 831 ac
1105 791 1286 832 bonitatis
1315 791 1507 832 infamare.
1540 793 1636 844 Qio
1671 792 1840 844 denique

104 852 223 892 modo
243 851 281 889 id
304 848 427 888 moliri
446 847 552 888 ausus
570 861 631 897 eS,
660 846 768 900 quod
797 860 867 886 nec
890 846 1165 886 haereticorum
1188 861 1257 887 nec
1280 846 1499 886 insanorum
1521 846 1722 887 hominum
1744 849 1840 890 ullus

102 905 340 961 praesumsit?
370 904 412 943 O
442 902 613 942 miranda
642 901 750 954 supra
777 900 938 941 modum
968 902 1203 956 arrogantia!
1237 901 1464 942 Audivimus
1494 902 1625 955 Ajacis
1654 902 1839 957 eloquen-

102 963 193 1002 tiam
207 992 216 1008 ,
246 973 342 1014 quae
364 958 497 1006 verba,
519 957 543 998 fi
568 957 782 996 dicerentur
802 956 842 995 in
865 956 1137 996 Manichaeum
1161 968 1225 997 aut
1247 957 1511 1006 Marcionem,
1532 957 1616 997 satis
1647 957 1838 999 habebant

102 1015 388 1063 amarulendae,
418 1027 519 1052 nunc
544 1025 662 1066 quum
693 1011 870 1051 dicuntur
899 1011 937 1050 in
968 1026 1075 1054 eum,
1106 1011 1172 1064 qui
1200 1025 1271 1065 pro
1292 1011 1354 1052 sua
1375 1012 1472 1052 virili
1495 1011 1617 1052 sacros
1646 1012 1762 1053 libros
1782 1028 1838 1054 re-

103 1083 238 1125 purgat
257 1085 277 1109 a
298 1067 467 1117 mendis,
495 1066 678 1107 illustrans
696 1065 874 1110 obscura,
905 1066 1098 1118 explicans
1118 1067 1302 1120 impedita
1316 1098 1327 1117 ,
1356 1067 1450 1121 quid
1472 1067 1566 1121 fingi
1589 1067 1713 1120 potest
1744 1069 1840 1108 insa-

51 1130 56 1137 ‘
103 1127 187 1166 nius
208 1137 270 1166 aut
291 1124 527 1164 dementius?
556 1122 600 1161 In
620 1135 686 1161 eos
707 1122 800 1161 haec
821 1133 928 1161 erant
948 1120 1194 1171 detonanda,
1225 1122 1290 1176 qui
1319 1121 1482 1172 radunt,
1509 1122 1575 1176 qui
1602 1122 1836 1174 corradunt,

103 1182 170 1235 qui
189 1181 397 1232 depravant
416 1177 538 1217 sacros
561 1176 751 1226 Codices,
782 1176 848 1229 qui
878 1189 1075 1230 perperam
1106 1177 1248 1225 citant,
1277 1178 1343 1230 qui
1366 1191 1563 1230 perperam
1588 1177 1840 1231 interpretan-

103 1248 163 1276 tur
192 1235 308 1275 sacras
338 1234 484 1281 literas,
513 1231 674 1286 quorum
707 1231 757 1271 de
783 1245 944 1270 numero
975 1232 1088 1271 Sutor
1107 1231 1184 1280 est,
1215 1233 1280 1285 qui
1303 1246 1422 1285 quum
1445 1232 1538 1271 nihil
1562 1231 1676 1282 sciat,
1705 1234 1837 1274 omnia

101 1290 350 1344 pronunciat,
381 1289 510 1327 omnia
537 1286 761 1341 praescribit.
791 1286 952 1326 Talibus
981 1285 1186 1336 debemus,
1215 1288 1322 1341 quod
1357 1287 1538 1327 habemus
1568 1286 1690 1327 sacros
1720 1288 1837 1329 libros

103 1346 205 1395 adeo¹
223 1344 514 1385 contaminatos.
1824 1360 1827 1364 ,

157 1401 254 1440 Non
280 1399 459 1439 subvertit
485 1396 669 1451 templum
702 1397 863 1436 Domini
885 1396 952 1450 qui
973 1396 1080 1436 sarcit
1096 1410 1139 1436 ac
1163 1396 1342 1446 restituit,
1372 1396 1480 1450 quod
1510 1397 1666 1437 vieiavit
1695 1399 1835 1449 caries,

102 1455 208 1509 quod
239 1454 400 1494 arrosere
426 1466 574 1502 mures,
602 1451 710 1506 quod
740 1451 902 1491 detraxit
933 1452 1149 1505 Sacrilegus.
1182 1452 1268 1491 Imo
1295 1453 1333 1491 in
1362 1452 1513 1505 templis
1539 1453 1702 1493 maxime
1724 1468 1838 1494 vene-

103 1510 230 1550 randis
261 1511 403 1562 semper
431 1508 484 1548 est
512 1508 618 1561 quod
645 1519 851 1561 operentur
880 1506 1053 1546 artifices.
1083 1507 1192 1546 Idem
1215 1506 1526 1559 faciendumest,
1557 1511 1595 1547 ὃς
1619 1509 1764 1562 semper
1784 1508 1839 1549 fa-

103 1566 204 1606 &um
238 1566 292 1605 est
321 1566 360 1604 in
389 1564 490 1603 libris
521 1562 642 1602 sacris.
673 1564 737 1602 An
760 1562 791 1601 is
810 1561 987 1614 injuriam
1009 1561 1098 1601 facit
1128 1562 1389 1615 limpidissimo
1420 1561 1541 1612 fonti,
1571 1564 1637 1617 qui
1659 1574 1838 1617 repurgat

102 1633 166 1661 aut
196 1620 303 1660 sarcit
330 1619 500 1659 canalem
521 1649 532 1667 ,
563 1618 628 1671 qui
659 1616 759 1657 tollit
784 1617 924 1670 injeffita
954 1616 1173 1657 cadavera?
1205 1619 1267 1655 An
1299 1618 1328 1657 is
1353 1618 1592 1658 contaminat
1622 1619 1838 1659 thesaurum

103 1675 405 1722 Christianismi,
435 1674 502 1727 qui
531 1672 660 1712 sordes
686 1672 844 1725 injestas
874 1683 1034 1712 conatur
1059 1672 1295 1726 abstergere?
1326 1672 1471 1726 Neque
1502 1688 1593 1713 vero
1617 1673 1754 1714 falsitas
1782 1673 1837 1714 est

103 1729 316 1782 Scripturae
335 1728 399 1768 sed
421 1728 643 1773 hominum3
672 1741 796 1780 neque
818 1726 952 1766 vitium
972 1727 1026 1766 est
1045 1727 1259 1779 Scripturae
1276 1726 1340 1766 sed
1361 1728 1552 1767 nostrum:
1582 1728 1691 1782 quod
1713 1728 1837 1769 homi-

103 1798 172 1825 nes
199 1784 331 1824 incurii
360 1784 553 1830 invexere,
585 1780 640 1820 fas
666 1781 719 1820 est
747 1781 794 1820 ab
827 1780 986 1820 homine
1016 1780 1199 1834 diligente
1220 1781 1312 1820 tolli.
1344 1782 1394 1820 Et
1415 1795 1441 1834 p
1472 1788 1563 1833 634.
1599 1783 1702 1823 Audi
1734 1796 1838 1824 nunc

102 1839 240 1880 bellum
261 1838 504 1884 vaticinium,
533 1836 570 1876 Si
592 1834 764 1875 rescitum
784 1834 915 1885 fuerit,
944 1834 1017 1875 esse
1038 1836 1078 1874 in
1103 1834 1267 1889 Vulgata
1288 1837 1556 1886 translatione,
1585 1837 1693 1891 quod
1720 1840 1839 1879 corri-

102 1895 142 1948 gi
164 1905 367 1942 mereatur,
398 1906 476 1932 uno
498 1892 585 1931 loco
604 1890 829 1930 labefastato
850 1889 960 1930 semel
981 1901 1132 1930 corruet
1158 1890 1329 1930 universa
1349 1890 1503 1940 divinae
1527 1895 1741 1946 Scripturae
1771 1909 1837 1935 au-

102 1950 253 1998 toritas,
282 1948 520 2001 extinguetur
545 1946 678 1985 caritas
712 1949 749 1984 ὃς
780 1944 897 1994 fides,
928 1944 1168 1985 inundabunt
1195 1945 1363 1985 haereses
1394 1949 1434 1984 ὃς
1464 1945 1663 1988 schismata
1691 1979 1702 1998 ,
1733 1963 1840 1990 com-

103 2005 274 2044 mittetur
303 2001 504 2055 blaspemia
535 2001 575 2040 in
604 2000 784 2052 Spiritum
813 1999 1017 2049 santium,
1046 2000 1112 2053 qui
1132 2013 1265 2053 parum
1286 1999 1488 2053 diligenter
1503 2001 1672 2048 adfuerit
1690 2003 1839 2044 Hiero-

101 2073 271 2112 nym0.--
290 2056 561 2105 Pontificibus,
583 2055 804 2109 Episcopis‚
825 2055 994 2108 probatis
1013 2054 1269 2104 Doctoribus,
1301 2056 1437 2108 quibus
1457 2058 1621 2111 contigit
1641 2058 1836 2113 utriusque

100 2113 250 2167 linguae
280 2113 433 2167 peritia,
464 2112 607 2151 crimen
636 2123 743 2150 atrox
772 2110 1026 2164 impingetur,
1056 2110 1123 2163 qui
1151 2121 1210 2149 tot
1231 2109 1361 2150 seculis
1391 2110 1482 2164 paffi
1513 2111 1584 2152 fint
1605 2113 1644 2152 in
1667 2112 1779 2154 saeris
1797 2114 1838 2154 li-

100 2168 175 2209 bris
195 2167 336 2222 aliquid
355 2166 515 2207 insidere
535 2165 769 2206 mendarum.
800 2164 1029 2211 ,Vaeillabit
1061 2165 1241 2206 autoritas
1260 2165 1581 2219 Theologorum,
1612 2168 1677 2221 qui
1707 2167 1837 2209 dicen-

103 2235 162 2264 tur
184 2223 363 2263 haetenus
384 2236 462 2262 non
483 2219 701 2261 intellexisse
721 2220 838 2260 sacras
859 2219 1005 2268 literas;
1038 2219 1216 2274 Denique
1237 2220 1286 2260 s1c
1307 2220 1473 2261 futurum
1493 2222 1568 2272 est,
1598 2235 1640 2264 ut
1659 2236 1681 2263 e
1701 2222 1820 2264 funda

103 2280 240 2318 mentis
261 2278 466 2318 collabatur
488 2276 651 2316 Ecclesia
671 2275 888 2316 Catholica.
1820 2293 1822 2297 ³

159 2332 197 2372 Si
229 2333 505 2373 divinationem
535 2331 758 2384 recipimus,
788 2330 878 2370 audi
906 2343 1008 2371 nunc
1032 2341 1165 2371 contra
1186 2331 1409 2371 vaticinium
1443 2330 1561 2386 longe
1585 2332 1835 2385 probabilius:

103 2388 142 2428 Si
172 2389 321 2442 linguae
349 2391 387 2426 δε
418 2387 543 2427 bonae
569 2386 696 2426 literae
724 2386 936 2439 viguerint,
968 2387 1006 2425 in
1024 2386 1202 2426 omnibus
1221 2386 1414 2426 autoribus
1433 2387 1504 2426 erit
1526 2388 1652 2427 minus
1680 2389 1838 2429 menda-

102 2458 206 2493 rum,
238 2445 275 2482 in
307 2443 483 2482 omnibus
514 2441 722 2493 disciplinis
751 2442 821 2480 erit
839 2440 961 2493 major
983 2441 1148 2494 puritas,
1178 2452 1288 2481 erunt
1317 2442 1476 2481 certiora
1495 2442 1662 2494 judicia,
1692 2457 1771 2483 non
1794 2444 1838 2483 li-

104 2499 200 2538 cebit
224 2497 383 2552 posthac
406 2497 523 2537 cuivis
543 2497 649 2536 ebrio
665 2495 830 2535 sciolove
851 2495 1059 2546 depravare
1079 2495 1202 2536 saeros
1221 2494 1403 2537 Codices.
1429 2495 1544 2537 Nihil
1562 2511 1654 2538 vero
1675 2498 1837 2539 decedet

103 2553 312 2594 autoritatis
330 2552 559 2592 orthodoxis
579 2555 616 2590 &
639 2550 866 2590 scholasticis
886 2550 1129 2601 do&oribus,
1160 2551 1208 2600 si,
1231 2551 1297 2604 qui
1318 2550 1541 2605 frequenter
1564 2553 1726 2597 antehac
1754 2565 1839 2608 per-

105 2622 232 2661 peram
250 2608 416 2648 citabant
436 2607 551 2646 sacras
571 2606 696 2646 literas
714 2620 761 2646 ex
779 2605 994 2660 depravatis
1011 2605 1134 2655 libris,
1162 2619 1209 2645 ex
1231 2609 1419 2660 corruptis
1439 2621 1483 2647 ac
1514 2606 1612 2648 falfis
1640 2619 1838 2649 commen-

106 2663 229 2712 tariis,
262 2677 361 2702 nunc
393 2663 510 2702 citent
539 2661 587 2701 ad
616 2675 705 2701 rem.
736 2661 825 2701 Nec
846 2661 919 2702 ulla
941 2673 1033 2702 nota
1053 2661 1462 2716 impingetur'vetustis
1484 2662 1732 2717 dostoribus,
1758 2664 1839 2718 Cy?-

104 2719 261 2770 priano,
291 2718 558 2767 Hieronymo,
589 2715 815 2766 Ambrosio,
846 2716 1063 2770 Augustino
1083 2747 1094 2766 ,
1128 2716 1279 2765 Bedae,
1308 2717 1375 2770 qui
1402 2730 1484 2770 pro,
1503 2718 1643 2759 viribus
1672 2719 1835 2759 excluse-

104 2785 191 2813 runt
218 2787 306 2819 eos,
337 2773 401 2826 qui
433 2773 555 2812 sacros
584 2772 700 2811 libros
729 2771 788 2811 vel
822 2770 1070 2811 corroderent
1098 2771 1158 2811 vel
1188 2783 1450 2824 amputarent,
1482 2773 1546 2813 vel
1563 2773 1838 2826 depravarent3

105 2826 194 2867 Nec
221 2828 294 2867 ulla
322 2826 476 2867 infamia
508 2827 714 2867 intentatur
743 2825 1013 2876 Pontificibus,
1044 2825 1244 2880 Episcopis
1276 2830 1315 2865 ὃς
1336 2827 1546 2878 Conciliis',
1575 2829 1641 2882 qui
1664 2827 1839 2882 frequen-

107 2892 162 2920 ter
194 2882 265 2921 hac
295 2882 345 2922 de
375 2897 413 2922 re
436 2882 662 2929 tractarunt,
692 2881 757 2921 sed
777 2881 1012 2936 gravioribus
1033 2882 1197 2935 negotiis
1225 2881 1401 2934 impediti
1423 2882 1516 2923 sunt.
1544 2905 1610 2915 ----
1638 2883 1753 2929 Nihil
1775 2899 1840 2924 au-

105 2947 183 2975 tem
211 2936 285 2977 effe
316 2937 470 2991 periculi
500 2936 687 2976 Ecclesiae
716 2936 775 2976 vel
806 2936 885 2990 ipsa
917 2950 975 2976 res
996 2938 1129 2992 arguit.
1157 2957 1226 2968 -κ-
1246 2936 1337 2990 Jam
1357 2937 1440 2991 plus
1460 2937 1614 2988 decem,
1644 2939 1684 2978 ni
1705 2938 1833 2989 fallor,

105 2990 196 3029 anni
215 2991 319 3035 sunt,
348 2992 455 3046 quod
476 3006 560 3031 mea
578 2991 698 3031 versio
721 2991 851 3032 teritur
872 2991 1046 3032 manibus
1064 2991 1287 3042 hominum,
1300 3003 1303 3006 ⁴
1318 3007 1390 3032 nec
1410 2993 1500 3033 hinc
1522 2993 1638 3033 ullum
1663 3002 1839 3034 exortum

106 3044 159 3083 est
190 3045 350 3096 malum,
380 3047 448 3087 nisi
478 3046 584 3101 quod
616 3046 743 3099 plures
772 3047 953 3087 attentius
978 3046 1109 3101 legunt
1137 3046 1260 3087 sacros
1288 3048 1415 3088 libros.
1442 3048 1617 3088 Tantum
1640 3048 1840 3089 vociferari

104 3111 305 3151 coeperunt
332 3113 480 3141 ventres
510 3101 687 3155 quidam,
720 3101 856 3155 quibus
886 3101 981 3141 nihil
1015 3102 1138 3155 placet
1165 3134 1176 3151 ,
1203 3101 1271 3142 nisi
1302 3102 1513 3157 quod—ipsi
1539 3102 1693 3146 faciunt.
1749 3101 1840 3142 Nec

105 3153 207 3194 aliud
240 3154 502 3207 profecerunt,
531 3156 600 3196 nisi
632 3156 742 3209 quod
768 3156 871 3198 suam
899 3156 1087 3198 inscitiam
1107 3155 1357 3199 cum‘insa‘nia
1377 3159 1459 3212 pari
1472 3158 1722 3211 ‘cbnjunstam
1732 3157 1841 3250 aprio-

1765 3225 1775 3249 1
1803 3224 1843 3251 e-
