1976 3519
165 213 218 255 50
544 195 1527 238 PROLEGoMENA.

163 296 256 328 nota
284 283 311 326 9.
338 280 525 334 occurrit,
554 283 596 324 id
625 281 732 337 quod
760 297 847 323 curn
874 287 999 324 totum
1026 281 1263 323 conferendo
1283 285 1475 336 comperi,
1505 292 1586 323 tum
1608 283 1808 337 praecipue
1829 294 1875 324 ex

162 357 235 388 eo,
265 340 372 395 quod
402 338 586 392 Stephani
622 338 724 378 idem
753 338 814 377 ille
844 337 984 378 Codex
1013 337 1131 377 nullas
1162 335 1402 378 Variationes
1434 337 1569 385 habet,
1598 338 1812 392 ubicunque
1835 340 1874 378 in

162 398 235 437 isto
264 395 415 436 Codice
444 393 588 448 aliquid
616 391 844 433 desideratur
853 391 1077 446 ,quodque
1106 391 1183 432 fere
1213 393 1413 433 Lestiones
1441 391 1641 445 singulares
1674 394 1875 447 utrobique

162 451 318 492 eaedem
339 450 431 490 sunt.

219 507 282 546 De
309 512 358 546 eo
384 503 514 544 Millii
535 504 627 544 istuc
643 501 829 557 judicium
849 501 925 541 est:
953 532 978 551 ‚‚
1008 501 1170 551 Codex,
1199 501 1346 555 inquit,
1375 515 1471 541 unus
1490 515 1511 541 e
1531 501 1879 555 praestantioribus,

163 590 191 612 ‚‚
220 559 325 614 cujus
345 558 507 613 proinde
523 558 693 599 Textum
714 570 810 611 pene
829 556 1041 596 universum
1060 557 1098 596 in
1117 557 1327 597 editionem
1346 555 1446 596 suam
1467 556 1616 598 admisit
1636 557 1848 609 Stephanus
1859 576 1874 602 3

164 645 191 667 „
219 616 373 656 exhibet
407 613 599 654 Editionis
630 611 879 666 Stephanicae
907 624 1040 665 margo
1060 613 1286 651 variationes
1306 610 1466 650 Codicis
1488 611 1598 664 hujus
1617 612 1762 651 circiter
1786 615 1878 664 366.

139 714 143 718 ,
165 697 192 721 ‚,
222 669 343 711 multo
374 668 497 723 plures
523 668 755 712 ostensurus,
782 677 824 705 ut
855 665 1026 715 videtur,
1054 665 1082 705 fi
1113 666 1317 706 accuratius
1340 664 1452 718 paulo
1472 665 1640 706 instituta
1663 665 1784 706 fuiss‘et
1803 667 1881 710 cole·

164 756 191 774 „
219 725 310 765 latio
322 728 354 765 ”.
413 723 497 763 Ubi
516 722 623 777 quod
644 722 694 762 de
713 720 938 774 praestantia
959 719 1120 760 Codicis
1137 722 1211 770 ait,
1224 724 1261 759 &
1282 733 1353 760 nos
1372 720 1484 759 habet
1502 719 1880 774 assentiente83quod

165 782 259 820 item
278 779 327 820 de
347 778 513 833 pluribus
533 778 612 817 aliis
631 792 653 816 a
676 775 872 828 Stephano
891 789 971 815 non
994 774 1198 815 observatis
1216 774 1484 814 variationibus
1504 775 1632 825 addit,
1663 775 1703 815 id
1723 790 1879 829 quoque

165 834 270 875 haud
289 834 390 875 secus
409 847 453 873 ex
470 831 703 886 inspestione
723 833 763 869 &
782 829 985 870 collatione
1002 831 1273 883 cognovimus:
1303 828 1411 883 quod
1431 843 1522 869 vero
1542 830 1681 883 adjecit
1693 861 1704 881 ‚
1722 831 1882 882 Stepha-

166 903 259 930 num
289 889 340 929 ad
367 901 455 929 eum
484 886 717 940 potissimum
748 884 853 925 suum
884 883 1135 924 conformasse
1154 886 1344 933 Textum‚
1373 882 1414 923 id
1435 886 1471 920 ὃ(
1492 884 1539 923 ab
1560 885 1624 933 iis,
1654 899 1751 938 quae
1773 885 1881 925 dein-

166 958 256 998 ceps
276 943 487 997 subjungit,
516 952 645 994 aperte
665 939 837 989 dissidet,
867 943 906 979 &
927 939 1031 979 nullo
1053 939 1163 992 plane
1182 939 1327 979 indicio
1348 938 1517 978 constare
1534 938 1601 992 ipsi
1619 941 1754 992 potuit.

223 1012 288 1051 39.
319 997 460 1038 Codex
486 994 604 1035 Coisl.
652 1008 715 1048 23.
754 993 867 1034 seculi
895 993 986 1034 XII.
1026 994 1216 1034 Continet
1249 994 1320 1034 IV.
1360 992 1566 1047 Evangelia
1605 1008 1691 1034 cum
1720 993 1883 1035 Scholiis

165 1052 382 1094 Variorum.
440 1050 678 1091 Monasterio
706 1049 742 1090 S.
773 1048 969 1089 Athanasii
996 1049 1037 1088 in
1066 1061 1198 1089 monte
1219 1048 1327 1088 Atho
1351 1048 1471 1088 illatus
1487 1047 1540 1087 est
1564 1061 1630 1100 per
1649 1049 1880 1089 monachum

166 1107 381 1148 Macarium
413 1106 458 1145 A.
489 1105 537 1146 C.
572 1106 691 1144 1218.
746 1103 929 1144 Ceterum
958 1104 1010 1143 ita
1041 1104 1170 1144 exaste
1190 1117 1256 1157 per
1277 1103 1406 1143 omnia
1426 1103 1600 1155 congruit
1620 1117 1707 1144 cum
1727 1103 1879 1145 Codice

168 1173 235 1215 34.
262 1173 304 1203 ut
324 1175 395 1215 pro
415 1160 528 1214 ipfius
548 1158 789 1214 Apographo
806 1158 1000 1199 habendus
1022 1157 1075 1198 fit.

221 1229 290 1268 40.
321 1214 463 1256 Codex
481 1215 600 1254 Coisl.
632 1228 695 1254 22.
725 1212 913 1253 Continet
932 1213 1003 1255 IV.
1032 1213 1239 1266 Evangelia
1259 1226 1344 1253 cum
1365 1212 1535 1253 Scholiis.
1584 1213 1619 1252 A
1636 1211 1885 1267 Joann.XX.

168 1285 233 1323 25.
263 1271 313 1312 ad
333 1270 449 1312 finem
468 1269 598 1310 omnia
617 1268 893 1309 desiderantur:
921 1267 973 1308 ita
993 1279 1118 1308 autem
1140 1268 1373 1323 negligenter
1396 1268 1551 1322 scriptus
1570 1268 1623 1307 est
1636 1298 1646 1316 ‚
1660 1271 1697 1306 &
1719 1269 1770 1308 ita
1791 1282 1887 1308 con-

164 1328 265 1381 gruit
292 1336 379 1366 cum
408 1325 488 1365 aliis
520 1323 733 1377 Codicibus
751 1322 930 1376 sequioris
949 1323 1052 1372 aevi,
1083 1334 1125 1363 ut
1146 1323 1208 1362 vix
1228 1322 1343 1362 aufim
1362 1336 1448 1363 eum
1469 1337 1555 1362 cum
1577 1322 1768 1376 Catalogo
1787 1322 1884 1363 Bibl.

165 1380 327 1421 Coislin.
356 1379 478 1421 seculo
499 1379 570 1420 XI.
600 1377 817 1418 adscribere.
874 1376 964 1417 Fuit
983 1388 1109 1418 autem
1130 1377 1271 1417 Codex
1294 1377 1885 1431 Constantinopolitanus,quod

162 1450 211 1476 ex
232 1435 309 1476 istis
327 1436 428 1475 notis
448 1435 487 1474 in
504 1433 580 1474 fine
599 1433 645 1473 ab
667 1432 738 1472 alia
759 1446 872 1472 manu
891 1432 1049 1486 adjestis
1066 1432 1254 1485 conjicio:
1284 1430 1470 1481 Ἀυγούςῳ
1489 1448 1556 1476 κς.
1587 1429 1653 1471 τῶν
1675 1429 1780 1480 ἁγίων
1793 1440 1886 1484 μοις-

162 1489 265 1542 τύρων
303 1490 455 1541 Ἀὃριανὲ
493 1484 554 1528 καὶ
592 1484 788 1527 Νοιταλῖοις
816 1483 888 1538 ὥρᾳ.
917 1504 959 1531 (Γ.
987 1486 1048 1528 τῆς
1069 1483 1186 1528 νυκτὸς
1216 1485 1340 1535 ἐγίνετο
1369 1485 1499 1535 σεισμὸς
1527 1484 1687 1537 φρικώδης
1713 1483 1828 1535 μέγας
1857 1485 1887 1526 ἐν

162 1545 211 1597 τῇ
248 1542 395 1596 μεγάλῃ
432 1542 541 1584 πέλει
574 1539 833 1588 Κωνφοιντῖνου;
870 1542 963 1583 item
992 1539 1163 1593 Νοεμὲςῖῳ
1192 1541 1243 1581 κθ,
1275 1541 1327 1582 ivd.
1357 1559 1385 1581 u.
1415 1540 1442 1582 ἓν
1459 1538 1640 1591 σαββάτῳ
1667 1539 1740 1593 ὥςοι
1766 1558 1794 1587 η.
1823 1541 1886 1581 ‘tois'

162 1598 246 1643 ἦλῖε
285 1597 494 1646 λάμποντος
521 1597 689 1661 καθαιροῧ7
718 1593 832 1646 ἒγὲνέἷο
869 1591 998 1645 σεισμὸς
1026 1594 1187 1648 φρικώδης
1214 1593 1330 1645 με’·γοις
1357 1594 1400 1638 εἷς
1428 1593 1486 1639 τὴν
1515 1593 1638 1636 ἀθλίοιν
1657 1594 1887 1640 Κωνεῖαντῖνου

162 1653 282 1695 πόλιν.
310 1651 367 1694 τὸν
394 1654 457 1706 ’ὅρον
483 1650 611 1694 τούτων
640 1650 751 1704 Κύςιος
779 1647 865 1691 oisei-
903 1665 1001 1706 quae
1019 1651 1115 1691 mihi
1135 1665 1215 1691 non
1236 1663 1278 1692 ut
1297 1652 1337 1691 in
1359 1652 1551 1705 Catalogo
1571 1651 1744 1691 dicuntei·
1765 1652 1887 1692 Grae-

162 1709 384 1750 co-barbara
402 1737 413 1756 ‚
450 1708 515 1749 sed
539 1707 624 1748 satis
655 1707 804 1746 Graeca
831 1705 1030 1754 videntur;
1067 1706 1198 1759 postea
1224 1706 1265 1745 in
1292 1717 1464 1746 montem
1496 1706 1604 1746 Atho
1635 1705 1780 1746 delatus
1805 1706 1884 1756 est,

162 1763 273 1819 quod
301 1763 455 1804 testatur
487 1773 580 1802 nota
613 1776 635 1801 a
656 1773 771 1800 manu
792 1761 1001 1800 recentiore
1020 1758 1175 1800 ultimae
1194 1760 1355 1813 paginae
1376 1773 1467 1813 309.
1495 1759 1699 1812 adscripta:
1727 1757 1744 1802 ἦ
1763 1758 1886 1805 βίξλος

163 1818 256 1866 αὕτη
294 1815 454 1871 ὑποίςχει
492 1815 555 1859 τ’ἧς
591 1813 692 1857 &eicis
726 1810 788 1855 καὶ
819 1812 905 1869 ἷεςοῖς
932 1813 1026 1864 μονῆς
1053 1813 1115 1854 τοῦ
1143 1811 1304 1863 με’·γοίλου
1332 1812 1506 1855 Νικολάου
1531 1814 1592 1856 τῖἧς
1622 1812 1887 1864 ἒπικεκλημένης

164 1874 229 1914 ‘rob'
258 1869 504 1926 εταυςονικίῧα.

221 1941 288 1980 41.
317 1927 459 1969 Codex
477 1925 596 1966 Coisl.
629 1937 693 1976 24.
722 1924 794 1965 XI.
822 1923 957 1972 se:uli·,
986 1923 1026 1963 in
1043 1937 1123 1977 quo
1145 1921 1351 1964 Variorum
1371 1923 1524 1965 Parrum
1545 1924 1823 1966 Commentarii
1843 1926 1885 1967 in

164 1983 432 2029 Matthaeum,
462 1983 501 2020 &
532 1979 704 2021 Vi&oris
732 1980 774 2020 in
806 1979 1007 2028 Marcum,
1037 1978 1155 2019 multa
1183 1979 1298 2019 etiam
1318 1979 1450 2020 Photii
1470 1980 1713 2020 continentur
1731 1975 1886 2022 scholia.

222 2038 319 2079 Istos
336 2038 429 2078 οᾶο
450 2035 641 2085 Codices,
670 2033 770 2075 faeta
790 2033 885 2073 mihi
904 2032 1077 2089 singulari
1106 2032 1338 2074 humanitate
1360 2049 1381 2074 a
1401 2035 1452 2075 R.
1462 2035 1504 2074 P.
1532 2034 1670 2074 Carolo
1691 2033 1783 2075 dela
1794 2031 1888 2076 Rue?

165 2093 266 2134 Ord.
296 2092 335 2134 S.
365 2090 565 2133 Benediffi
585 2088 811 2143 inspiciendi
830 2089 965 2142 copia,
993 2102 1067 2142 qua
1086 2088 1196 2141 potui
1217 2087 1413 2142 diligentia
1434 2089 1589 2130 contuli.
1878 2084 1883 2089 ¹

218 2160 290 2200 42.
319 2146 459 2188 Codex
487 2145 783 2199 Evangeliorum
814 2142 1036 2183 Medicaeus
1066 2142 1209 2193 dietus,
1238 2144 1343 2197 cujus
1376 2142 1426 2185 V.
1454 2145 1499 2184 L.
1529 2145 1663 2185 Petrus
1692 2140 1889 2199 Pythoeus

167 2203 217 2245 ad
236 2202 448 2257 marginem
469 2200 525 2241 N.
554 2199 604 2241 T.
635 2214 656 2240 a
678 2198 875 2253 Stephano
896 2199 960 2239 ΛΟ.
994 2210 1009 2236 1
1023 2210 1110 2248 550.
1139 2198 1256 2238 curati
1277 2209 1492 2239 notaverat:
1520 2197 1886 2253 PythoeiCodicem

163 2257 367 2300 Eduardus
395 2254 610 2297 Bernardus
636 2254 703 2295 fibi
719 2252 915 2308 acquisivit
934 2253 974 2292 in
996 2252 1154 2307 Anglia,
1187 2264 1300 2306 atque
1316 2267 1403 2293 curn
1422 2253 1551 2294 Millio
1570 2255 1886 2296 communicavit:

166 2313 391 2355 Medicaeus
418 2322 566 2361 autem,
596 2308 780 2350 referente
813 2307 1048 2354 Amelottio,
1076 2308 1143 2361 qui
1169 2321 1217 2348 eo
1235 2307 1318 2348 usus
1338 2308 1415 2354 est,
1441 2308 1521 2362 jam
1542 2309 1581 2349 in
1603 2309 1780 2350 Trecenfi
1792 2310 1889 2350 Col-

165 2368 268 2423 legio
289 2366 516 2408 adservatur.

223 2435 292 2475 43.
322 2421 464 2462 Codex
486 2417 858 2473 San-Maglorianus
877 2416 1024 2458 constat
1044 2416 1192 2458 duobus
1210 2417 1480 2458 Voluminibus
1499 2419 1747 2473 continetque
1760 2431 1884 2460 totum

166 2477 333 2519 Novum
357 2476 648 2518 Testamentum
675 2485 832 2526 excepta
852 2471 1093 2526 Apocalypsi.
1122 2472 1257 2512 Seculo
1277 2473 1348 2513 IX.
1379 2472 1554 2513 adscribit
1574 2474 1639 2527 qui
1654 2488 1702 2514 eo
1723 2472 1806 2514 usus
1830 2469 1885 2522 est

168 2531 382 2584 Dionyfius
400 2529 624 2579 A‘melotte,
652 2540 690 2568 at
710 2527 825 2570 Rich.
853 2527 1043 2568 Simonius
1063 2540 1143 2567 non
1173 2526 1269 2568 ultra
1296 2527 1597 2582 quadringentos
1617 2539 1680 2568 aut
1701 2529 1889 2584 quingen·

168 2597 230 2627 tos
253 2600 376 2626 annos
393 2585 448 2625 illi
466 2584 607 2626 tribuit.

220 2653 288 2693 44.
320 2640 461 2681 Codex
488 2639 782 2680 menbranaceus
810 2647 971 2692 quatuor
988 2636 1306 2690 Evangeliorum,
1335 2650 1381 2678 ex
1403 2648 1535 2678 monte
1555 2636 1669 2678 Atho
1689 2637 1729 2677 in
1751 2637 1887 2688 Angli-

168 2709 230 2736 am
261 2695 427 2744 delatus,
456 2694 520 2735 ubi
546 2708 632 2735 eum
663 2693 730 2733 fibi
758 2692 994 2746 comparavit
1021 2690 1129 2745 supra
1158 2691 1328 2732 laudatus
1358 2692 1581 2732 CAESAR
1616 2704 1670 2730 DE
1697 2681 1885 2738 MISSY‚

167 2750 341 2804 mihique
365 2748 531 2790 ostendit
563 2751 628 2789 ΑΟ.
664 2752 781 2800 1746.
810 2747 976 2800 denique
1005 2760 1076 2800 pro
1107 2746 1282 2800 singulari
1302 2746 1368 2786 suo
1389 2747 1428 2786 in
1450 2746 1517 2787 has
1544 2746 1666 2786 literas
1686 2745 1809 2786 studio
1827 2761 1887 2786 ac-

166 2803 432 2846 curatissirnam
467 2803 729 2844 Collationem
758 2816 845 2843 cum
873 2801 1044 2843 editione
1069 2800 1117 2854 J.
1147 2800 1278 2841 Millii
1303 2801 1484 2852 instituit,
1506 2814 1734 2854 mecumque
1755 2800 1887 2842 huma-

167 2860 315 2901 nisfime
336 2859 643 2899 communicavit.

220 2927 288 2964 45.
315 2945 342 2965 „
370 2912 508 2954 Codex
526 2911 765 2965 Bodlejanus
789 2925 822 2951 1.
853 2911 1031 2965 Quatuor
1051 2910 1418 2964 Evangeliorum,in
1429 2910 1583 2951 Ostavo
1593 2907 1885 2952 nitidiffimede,

164 2998 191 3020 ‚‚
218 2969 394 3023 scriptus,
426 2967 490 3008 sed
514 2966 618 3007 haud
644 2967 697 3007 ita
723 2966 898 3007 vetustus.
954 2964 1021 3006 Ad
1047 2966 1191 3006 Lucam
1211 2966 1326 3005 etiam
1354 2966 1508 3019 ponitur
1537 2977 1714 3005 numerus
1742 2963 1884 3017 φίχων,

165 3053 192 3075 ,,
221 3037 267 3064 ex
288 3037 367 3078 quo
386 3022 587 3063 constabat.
1878 3055 1881 3057 .

218 3082 288 3130 46.
311 3106 343 3129 »‚‚
372 3076 513 3119 Codex
533 3074 644 3116 Bodl.
676 3089 712 3116 2.
739 3075 917 3127 Qiatuor
936 3074 1251 3129 Evangeliorum‚
1274 3074 1382 3114 annis
1403 3072 1540 3115 abhinc
1554 3086 1646 3127 300.
1677 3073 1884 3129 descriptus

161 3160 192 3185 ‹,‚
218 3133 434 3176 charactere
454 3129 686 3174 nitidissimo.
740 3129 875 3171 Ethic
895 3129 1010 3171 habet
1027 3142 1224 3170 numerum
1245 3125 1370 3180 «ῖίχων.
1800 3179 1838 3223 C
1877 3181 1881 3183 Α

1644 3194 1712 3235 47·
1743 3209 1768 3231 >5
1838 3197 1883 3223 0'
