1976 3519
143 260 226 303 154
526 235 1525 284 PROLEGOMENA.

135 334 196 376 dis
224 330 470 375 Leffionibus
498 330 594 371 ultra
619 340 657 381 4.
688 327 897 383 Evangelia
919 338 998 366 non
1024 323 1210 378 procedit.
1268 323 1384 377 Opus
1403 322 1458 364 est
1479 321 1576 363 mihi
1595 323 1709 379 igitur
1726 325 1878 368 Lestio-

138 391 248 430 nibus
277 401 374 442 quae
402 385 596 440 supersunt
614 414 626 436 ‚
654 383 703 425 ad
737 383 837 424 Afra
869 385 907 421 ὃ(
935 379 1136 434 Epistolas.
1192 378 1317 431 Quod
1348 379 1389 418 in
1408 377 1617 420 Reuchlini
1644 380 1777 423 codice
1796 384 1877 436 jam

140 456 346 498 occupatus
370 441 435 490 sis,
465 440 636 495 gaudeo:
664 437 731 479 etsi
751 448 913 477 aetatem
933 435 1014 488 ejus
1045 448 1125 475 non
1153 434 1432 478 memoraveris.
1461 455 1527 464 -·-
1560 432 1651 486 Jam
1680 448 1805 477 autem
1833 438 1878 477 il-

139 499 206 540 lud
225 499 335 539 unice
357 508 520 550 expeto,
549 507 590 535 ut
608 494 634 534 st
654 506 751 547 quos
769 492 929 533 Latin'os
951 489 1088 530 veteris
1107 502 1221 530 notae
1242 489 1410 530 Αᾶυυῐη
1428 519 1441 540 ,
1469 488 1724 542 Epistolarum
1750 494 1790 530 ὃ(
1821 493 1878 533 A·

140 552 388 608 pocalypseos
400 550 570 592 Codices
591 547 694 603 apud
710 560 780 587 vos
802 546 1004 600 repereris,
1028 557 1096 585 eos
1116 542 1383 585 accuratisfime
1401 555 1478 584 tam
1490 543 1540 584 ad
1559 544 1671 584 verba
1691 559 1807 599 quam
1826 545 1878 587 ad

140 609 342 649 verborum
363 606 540 647 ordinem
563 618 650 645 cum
671 603 797 655 Papae
816 601 988 642 editione
1010 598 1207 640 conferas:
1236 598 1457 652 hujusmodi
1476 598 1636 640 Latinos
1653 600 1878 642 veterrimos

142 664 200 703 vel
235 663 393 704 Graecis
423 660 511 716 ipsis
540 657 801 714 praetulerim:
832 656 878 696 In
910 654 1127 707 Evangeliis
1155 666 1280 694 autem
1300 664 1378 693 tam
1398 654 1551 694 uberem
1582 653 1693 697 MSS.
1722 656 1878 710 copiam

142 732 259 772 penes
289 732 350 758 me
381 717 526 765 habeo,
555 726 596 756 ut
617 712 710 753 nihil
733 710 893 765 amplius
915 721 1058 766 optem.
1117 709 1214 755 Vale
1235 712 1274 750 ὃ(
1292 722 1356 749 me
1376 722 1470 750 ama.
1501 709 1653 751 Dabam
1674 709 1879 752 Cantabri·

144 774 229 828 giae
249 774 300 815 X.
319 773 409 824 ›lulii
443 772 561 822 17¹8-

287 826 516 879 Wetstenius
546 823 738 873 Bentlejo.

205 882 467 925 Gratislimum
503 880 558 922 est
600 878 710 934 quod
740 876 905 918 intellexi
933 893 980 920 ex
1009 877 1143 919 litteris
1165 876 1262 926 tuis,
1294 875 1459 932 gaudere
1486 875 1549 917 Te
1579 875 1791 919 admodum
1822 891 1881 919 m-

147 952 268 982 vento
288 938 439 980 Codice
461 937 525 977 illo
546 933 802 989 Epistolarum
819 934 1067 980 Paulinarum,
1080 932 1404 973 Graeco-Latino.
1433 930 1609 972 Confido
1630 932 1882 983 autem,Te,

150 997 217 1050 qui
251 994 345 1034 soles
374 1007 418 1033 ea
448 991 626 1045 detegere
647 1016 658 1035 ‚
688 1003 786 1043 quae
812 1002 950 1030 omnes
979 988 1074 1029 alios
1102 987 1221 1028 latent
1240 1017 1251 1037 ‚
1281 986 1388 1040 plura
1415 984 1465 1027 de
1491 986 1557 1027 illo
1580 985 1732 1028 Codice
1759 987 1884 1029 obser·

149 1062 325 1091 vaturum
338 1080 348 1098 ,
376 1061 473 1101 quae
494 1046 626 1086 oculos
645 1057 752 1084 meos
770 1042 964 1098 filgerant,
991 1055 1106 1097 atque
1127 1044 1180 1083 ita
1207 1055 1254 1083 ex
1275 1041 1510 1095 inspestione
1538 1040 1885 1095 deprehensurum,

152 1105 253 1146 nulla
283 1117 343 1143 me
374 1102 478 1143 usum
507 1100 582 1142 esse
610 1100 913 1160 exaggeratione.
970 1097 1084 1139 Nihil
1107 1098 1154 1138 ab
1174 1112 1222 1138 eo
1241 1109 1414 1151 tempore
1434 1095 1586 1141 audivi,
1615 1107 1741 1138 utrum
1767 1090 1896 1139 Liber*
1960 1078 1965 1083 -

153 1161 215 1200 ille
244 1159 282 1198 in
306 1170 439 1198 manus
465 1167 547 1197 tuas
566 1165 803 1209 pervenerit,
833 1163 896 1194 aut
916 1152 1119 1208 quomodo
1140 1151 1324 1207 procedat
1353 1152 1526 1192 omnium
1547 1151 1648 1192 votis
1675 1150 1887 1194 defiderata

152 1215 274 1256 editio
296 1225 359 1254 tua
379 1211 492 1253 Novi
509 1210 748 1252 Testamenti
773 1229 784 1256 ·,
810 1208 860 1249 ad
885 1222 958 1249 nos
982 1209 1107 1258 enim,
1135 1208 1202 1262 qui
1222 1208 1261 1247 in
1289 1206 1361 1248 isto
1382 1205 1516 1247 mundi
1538 1206 1678 1260 angulo
1697 1208 1885 1258 vivimus,

155 1269 306 1310 nonnisi
329 1267 410 1308 sero
431 1270 470 1306 &
493 1266 646 1306 incertis
665 1264 876 1305 rumoribus
895 1264 1026 1304 omnia
1046 1261 1296 1318 perferuntur.
1351 1261 1486 1302 Patere
1503 1262 1654 1302 interim
1672 1295 1684 1312 ,
1712 1261 1786 1305 Vir
1813 1263 1888 1303 cla-

157 1324 316 1373 riffime,
346 1336 387 1363 ut
417 1322 571 1363 brevem
601 1321 715 1363 status
745 1319 820 1360 mei
850 1318 1147 1359 delineationem
1176 1317 1270 1357 Tibi
1302 1329 1529 1371 proponam.
1561 1318 1596 1357 A
1617 1331 1696 1371 quo
1714 1327 1890 1372 tempore

157 1381 206 1421 ad
236 1380 495 1420 Diaconatum
522 1377 785 1416 Communem
813 1372 1062 1414 Ecclefiarum
1092 1371 1304 1414 nostrarum
1335 1383 1491 1413 vocatus
1517 1372 1557 1412 in
1588 1373 1748 1426 patriam
1768 1373 1888 1420 redii,

160 1436 251 1476 vivo
271 1435 310 1474 in
329 1433 453 1474 domo
475 1431 592 1487 patris
611 1430 709 1478 mei,
739 1429 850 1470 statio
869 1441 995 1471 autem
1013 1428 1097 1478 illa,
1125 1427 1213 1468 licet
1231 1441 1303 1482 pro
1323 1441 1406 1467 mea
1426 1438 1550 1468 aetate
1570 1427 1681 1468 valde
1700 1426 1745 1468 sit
1765 1427 1890 1468 hono-

159 1490 286 1540 rifica,
318 1500 467 1537 tamen,
498 1498 539 1528 ut
558 1499 690 1527 verum
709 1483 846 1534 fatear,
878 1498 1003 1538 neque
1023 1481 1153 1524 studiis
1172 1495 1298 1536 neque
1323 1482 1440 1537 genio
1460 1495 1549 1523 meo
1568 1483 1772 1533 convenit,
1800 1496 1892 1524 nam

159 1545 253 1587 inde
273 1544 411 1585 laboris
431 1542 514 1597 plus
533 1540 681 1582 haurire
702 1538 790 1580 mali
806 1539 880 1590 est,
911 1552 1026 1593 quam
1046 1552 1091 1579 ex
1112 1551 1152 1578 re
1170 1536 1373 1591 decerpere
1403 1535 1567 1584 frueius3
1596 1538 1769 1591 inprimis
1789 1538 1894 1591 post-

162 1614 291 1656 quam.
308 1599 384 1640 hoc
413 1611 518 1638 anno
546 1594 704 1638 Senatus
736 1594 862 1635 noster
892 1593 1062 1635 decrevit
1082 1623 1095 1643 ,
1123 1603 1165 1633 ut
1193 1593 1324 1632 omnia
1350 1591 1478 1633 officia
1501 1591 1649 1645 publica
1677 1606 1758 1633 non
1786 1593 1894 1643 aliter

163 1656 233 1697 nisi
256 1655 364 1695 sortis
384 1654 488 1707 jactu
506 1652 572 1693 uni
586 1665 633 1693 ex
650 1650 768 1692 tribus
778 1648 1010 1690 Candidatis
1027 1646 1310 1697 conferrentur,
1339 1660 1418 1701 quo
1439 1648 1554 1701 paCto
1573 1647 1785 1701 expectatio
1807 1661 1896 1702 pro-

165 1710 349 1752 motionis
370 1707 468 1749 infra
496 1707 673 1747 trientem
691 1705 880 1746 diminuta
897 1704 963 1745 est.
1019 1702 1207 1744 Officium
1228 1701 1402 1755 praesens
1423 1712 1547 1743 totum
1565 1715 1626 1743 me
1644 1702 1813 1754 detinet,
1843 1703 1898 1744 ita
1915 1708 1918 1710 ’

165 1778 208 1808 ut
227 1777 361 1820 parum
380 1763 425 1803 fit
443 1762 514 1802 otii
533 1761 582 1801 ad
602 1759 705 1801 aliud
725 1758 939 1814 agendum:
968 1761 1008 1798 ὅ(
1029 1757 1057 1799 si
1076 1757 1117 1798 su
1170 1757 1300 1808 resset,
1329 1757 1415 1811 post
1435 1771 1479 1797 ea
1503 1771 1601 1812 quae
1616 1758 1696 1811 jam
1718 1757 1811 1808 feci,
1839 1759 1898 1798 ni-

167 1821 221 1863 hil
245 1832 373 1861 tamen
391 1818 455 1858 hic
475 1814 621 1857 causam
641 1827 746 1857 tuam
764 1815 897 1869 juvare
915 1811 1072 1866 possem.
1166 1809 1248 1852 ides
1278 1811 1318 1852 in
1339 1823 1499 1867 quantas
1518 1812 1704 1867 augustias
1724 1827 1786 1854 me
1807 1827 1900 1854 con-

164 1876 343 1932 jecerim:
370 1887 459 1914 cum
477 1885 570 1926 ergo
590 1869 663 1911 hae
682 1883 762 1911 non
783 1867 1022 1923 processetit,
1049 1867 1230 1908 constitui
1257 1867 1328 1907 alia
1358 1880 1438 1907 rem
1459 1867 1614 1922 aggredi
1637 1868 1709 1908 via.
1756 1868 1902 1919 Nosti,

169 1934 228 1974 vir
249 1931 334 1976 CL,
355 1927 449 1983 quid
468 1926 653 1982 praestare
673 1924 810 1979 possim
830 1924 871 1965 in
891 1937 1030 1978 opere,
1052 1921 1160 1977 quod
1177 1922 1322 1962 moliris
1341 1943 1352 1970 ς
1382 1922 1589 1977 cognosces
1608 1922 1743 1968 facile,
1773 1935 1901 1965 utrum

171 2001 194 2028 e
223 2001 263 2028 re
280 1997 344 2027 tua
366 1983 409 2024 fit
426 1996 497 2023 nee
516 1980 654 2030 ne,uti
673 1979 882 2020 ministerio
901 1981 1060 2028 meo‚&
1082 1976 1307 2031 quomodo,
1337 1977 1528 2031 velimque
1545 1978 1752 2033 cognoscas
1771 1993 1833 2019 me
1849 1977 1901 2018 ad

173 2041 304 2082 omnia
327 2038 408 2079 fore
427 2035 719 2092 paratissimum,
748 2033 965 2075 dummodo
984 2031 1077 2073 inde
1096 2031 1239 2086 aliquid
1261 2045 1341 2072 non
1361 2030 1451 2072 dico
1472 2044 1510 2072 te
1527 2032 1686 2087 dignum
1709 2064 1720 2083 ,
1749 2033 1813 2074 sed
1837 2033 1904 2073 sal-

173 2110 252 2139 tem
284 2109 345 2135 me
375 2106 454 2133 non
486 2090 689 2145 indignum
716 2089 862 2144 sperare
887 2086 1058 2142 poss‘em·,
1088 2085 1320 2128 duriffimum
1339 2087 1442 2139 enim
1465 2086 1585 2134 foret,
1615 2087 1642 2128 fi
1662 2088 1747 2142 post
1768 2100 1826 2129 tot
1847 2090 1905 2128 in-

175 2152 319 2193 sumtos
337 2148 504 2197 labores,
534 2149 572 2185 ὃ(
595 2145 759 2186 studium
780 2144 943 2198 plurium
961 2155 1149 2191 annorum
1171 2141 1395 2183 indefessum
1415 2173 1427 2192 ‚
1456 2142 1567 2197 quale
1598 2145 1637 2183 in
1660 2144 1736 2183 hoc
1765 2157 1904 2198 genere

176 2207 366 2248 literarum
387 2201 661 2257 requiritur,in
682 2200 868 2241 incertum
887 2196 1213 2247 movendo‚nihil
1234 2208 1464 2250 reportarem
1487 2197 1555 2237 nifi
1577 2198 1709 2239 oculos
1729 2198 1906 2249 hebetes,

177 2264 423 2314 animumque
442 2257 491 2299 ad
512 2257 583 2297 alia
599 2254 720 2297 studia
740 2255 935 2309 ineptum;
967 2252 1087 2303 istud,
1110 2266 1186 2307 qua
1215 2251 1361 2306 semper
1380 2251 1481 2293 fuisti
1502 2255 1709 2307 aequitate,
1740 2252 1817 2295 fine
1837 2254 1908 2294 du-

179 2318 245 2358 bio
275 2315 405 2356 nolles.
459 2310 632 2353 Verbum
664 2323 745 2351 non
776 2308 940 2358 addam,
969 2321 1055 2349 cum
1088 2307 1223 2358 sciam,
1250 2321 1330 2347 non
1355 2321 1471 2348 unam
1500 2309 1568 2349 tibi
1590 2309 1786 2362 suppetere
1803 2311 1907 2349 viam

180 2374 280 2414 hanc
301 2366 565 2411 difficultatem
587 2364 771 2407 solvendi.
800 2362 1081 2406 Recordaberis
1095 2393 1106 2413 ,
1125 2363 1289 2416 opinor,
1319 2363 1413 2417 quid
1431 2363 1525 2403 olim
1554 2367 1593 2403 ὃς
1616 2377 1731 2419 quam
1750 2364 1910 2405 liberali-

180 2440 237 2469 ter
255 2425 457 2469 obtuleris,
489 2434 726 2477 quantasque
745 2419 828 2474 spes
847 2418 991 2460 feceris.
1028 2417 1154 2472 Quod
1175 2417 1202 2458 fi
1226 2432 1319 2458 vero
1339 2431 1418 2459 non
1437 2418 1649 2459 consultum
1669 2419 1785 2460 ducas
1804 2419 1911 2472 opel-

181 2484 216 2524 la
244 2495 331 2523 mea
358 2492 475 2534 porro
498 2478 574 2528 uti,
603 2490 684 2517 non
710 2488 822 2529 aegre
851 2473 968 2520 feres,
998 2472 1024 2514 fi
1051 2486 1283 2528 quocunque
1311 2473 1387 2513 alio
1408 2473 1528 2514 modo
1549 2489 1665 2515 coner
1694 2488 1912 2528 emergere,

183 2537 409 2589 chartasque
439 2546 543 2574 meas
571 2542 636 2572 aut
664 2529 826 2585 publici,
855 2529 905 2570 ad
926 2527 1033 2584 quod
1053 2527 1162 2570 multi
1191 2542 1253 2568 me
1272 2527 1496 2578 sollicitant,
1525 2542 1590 2570 aut
1610 2529 1721 2570 alieni
1738 2529 1831 2582 juris
1858 2528 1912 2568 fa-

183 2594 305 2638 ciam,
327 2602 390 2631 aut
411 2589 523 2643 plane
542 2587 685 2629 caestus
705 2598 901 2639 artemque
921 2596 1116 2638 reponam.
1172 2583 1292 2638 Super
1311 2583 1370 2624 his
1389 2584 1566 2626 omnibus
1576 2585 1638 2625 Te
1656 2583 1913 2625 confidentius

183 2649 459 2700 interrogatum
490 2642 616 2692 volui,
645 2642 704 2682 vir
733 2639 888 2691 Celeb.,
916 2637 1124 2694 agnoscens
1152 2637 1217 2679 Te
1236 2649 1304 2680 tuo
1328 2638 1497 2694 quodam
1515 2639 1599 2694 jure
1617 2639 1680 2680 hic
1700 2639 1805 2694 posse
1833 2638 1916 2680 sen-

185 2702 344 2743 tentiam
365 2699 515 2744 dicere,
543 2710 660 2751 quam
679 2693 888 2737 avidissime
906 2693 1094 2748 exspeEto.
1149 2693 1258 2736 Vale.

241 2755 400 2798 Interim
425 2768 438 2793 1
455 2767 487 2793 1.
509 2752 668 2806 Januari
693 2763 810 2804 1717.
845 2749 1069 2805 prodierunt
1088 2747 1186 2789 duae
1206 2747 1256 2788 ad
1278 2749 1494 2802 Bentlejum
1518 2749 1700 2804 epistolae
1719 2763 1806 2790 cum
1834 2748 1916 2802 ejus

185 2809 392 2866 responsis:
424 2808 533 2849 annis
552 2821 644 2848 vero
668 2818 787 2856 1720.
818 2808 858 2846 ὃς
891 2817 966 2855 172
981 2817 1010 2845 ι.
1038 2803 1264 2857 prospectus
1277 2804 1401 2844 totius
1419 2805 1567 2858 operis,
1597 2804 1673 2845 sive
1690 2804 1916 2858 Specimen,

189 2868 424 2923 postremum
445 2873 559 2915 caput
582 2861 756 2917 Apocaly
788 2860 868 2902 seos
887 2860 1036 2900 Graece
1056 2861 1097 2899 &
1120 2858 1256 2899 Latine
1282 2858 1485 2905 exhibens;
1521 2873 1591 2899 nec
1615 2873 1697 2900 non
1730 2859 1919 2900 Observa-

188 2925 314 2964 tiones
340 2919 389 2960 C.
418 2916 661 2958 Middletoni
690 2919 731 2956 &
800 2915 964 2956 indiciae
991 2912 1179 2967 Bentleji5
1211 2912 1346 2966 quibus
1376 2913 1574 2954 consilium
1603 2915 1760 2955 Autoris
1785 2914 1919 2954 clarius

187 2977 413 3033 pleniusque
432 2971 676 3026 aperiebatur.
727 2969 932 3011 Profitetur
959 2982 990 3008 1.
1019 2967 1116 3009 sein
1133 2967 1304 3009 editione
1319 2966 1376 3009 N.
1395 2968 1446 3008 T.
1476 2968 1783 3010 Graeco-Latina
1814 2983 1919 3023 prae-

190 3033 303 3086 cipue
321 3029 470 3070 usurum
489 3025 702 3067 Codicibus
720 3025 879 3067 Graecis
899 3028 938 3063 &
959 3023 1128 3073 Latinis,
1159 3022 1260 3063 mille
1278 3036 1464 3064 annorum
1492 3025 1714 3066 vetustatem
1745 3024 1922 3077 superano

180 3088 302 3129 tibus.
333 3098 367 3126 2.
395 3096 443 3124 ex
473 3080 686 3122 Codicibus
715 3080 861 3121 Latinis
888 3078 1066 3119 ordinem
1086 3077 1288 3118 verborum
1315 3078 1355 3117 in
1380 3078 1537 3120 Graecis
1564 3078 1855 3120 emendaturum
1880 3081 1920 3118 &

194 3142 461 3185 restituturum.
493 3150 529 3192 3.
556 3149 604 3178 ex
625 3135 807 3187 Graecis,
835 3134 902 3189 qui
931 3147 1019 3175 cum
1050 3132 1197 3175 Latinis
1216 3131 1496 3186 consentirent,
1523 3134 1750 3176 Latinorum
1769 3133 1922 3175 Lectio-

1836 3199 1924 3229 nem
