1976 3519
167 256 304 303 XXII.

634 259 852 295 ΚΑΤΑ
933 257 1405 295 ΜΑΤΘΑΙΟΝ

1788 268 1871 315 473

142 357 194 397 ¹7
223 341 285 384 καὶ
306 343 328 382 3’
343 340 441 391 μέλει
459 358 507 380 σοι
527 336 606 391 περὶ
628 333 744 382 ἐδενᾶς·
773 341 795 379 ἐ
812 337 850 389 ’ῥ’
874 336 1018 384 βλέπεις
1037 337 1081 380 εἷς
1099 332 1280 392 πςᾶσωπον
1301 340 1485 393 ἀνθρώπων.
1515 340 1608 384 Εἰπὲ
1636 341 1684 384 οἶν
1704 341 1796 397 infir,
1826 344 1866 387 τί

144 401 194 441 18
225 417 272 438 σοι
291 397 400 449 δοκεῖ,
419 396 516 451 ’ἐξεφ
532 396 625 437 &groti
644 395 752 438 κῆνσον
767 393 913 446 Καίσαρι
925 425 937 445 ,
956 391 976 436 ’ἢ
999 391 1034 432 οὕ
1045 415 1058 442 3
1089 392 1170 436 Γνές
1189 393 1225 434 δὲ
1245 393 1260 434 ὅ
1281 399 1388 443 Ἰησές
1407 396 1466 442 τὴν
1486 397 1639 451 πονηρίαν
1658 400 1796 449 αὐτ-ὅν,
1824 397 1868 441 ei-

174 505 330 546 σὶιθρῶπων]
350 505 468 542 &Sederat
484 517 506 535 r.
527 514 574 541 27-
590 505 780 544 Chryfirstomus·

176 556 216 582 ¹7·
230 545 284 573 εἰπὲ
299 542 325 573 ἐν
337 545 419 582 ἡμῖν]
442 559 476 567 —
500 546 534 573 D·
550 544 667 572 Codices
681 547 779 574 Latini.

172 582 251 623 εἰπὲ]
270 583 331 612 σι’πόι
347 586 379 613 L.

137 661 283 693 didiflent.
304 663 375 692 Luc.
402 658 478 691 XX.
496 668 548 690 20.
570 655 693 691 XXIII.
712 668 740 689 2.
761 655 930 699 Nunquam
945 668 976 689 e-

138 706 202 736 nim
229 704 350 735 severius
360 701 471 743 judicia
488 701 641 742 majestatis
658 703 784 732 exercita
805 701 870 733 sunt
886 711 975 741 quam

136 748 191 778 sub
213 747 348 777 Tiberio.
373 748 464 775 Tacit.
490 745 527 775 A.
550 743 605 774 Ill.
629 744 676 784 38.
697 743 797 774 addito
823 744 976 782 majestatis

137 790 263 820 crimine
287 787 368 828 quod
386 796 450 817 tum
466 787 605 817 omnium
622 787 825 817 acusationum
843 787 979 827 comple-

137 840 273 862 mentum
295 838 364 861 erat.
390 829 440 860 66.
462 829 498 859 de
513 828 627 868 Sejano.
658 829 710 859 Ne
725 829 790 869 quis
805 828 980 860 neceffario-

136 883 204 905 rum
213 875 330 913 juvaret
345 870 577 913 periclitantem,
601 870 753 910 majestatis
772 872 897 902 crimina
914 871 979 902 sub-

134 915 279 947 debantur
295 936 305 953 ‚
331 914 466 945 vinclum
491 914 525 944 ὅ(
552 913 700 944 neceffitas
718 913 828 944 silendi.
845 913 898 944 IV.
921 924 972 945 21.

137 958 277 990 Pisonem
305 956 348 993 Q.
375 955 503 987 Granius
533 955 634 986 secreti
665 956 805 987 sermonis
829 956 974 988 incusavit

135 999 289 1032 adversum
306 998 485 1039 majestatem
507 997 610 1029 habiti.
630 1001 741 1029 Sueton.
759 998 832 1029 Tib.
854 998 902 1037 58.
920 999 973 1030 sub

134 1043 216 1075 idem
232 1050 368 1083 ternpus,
388 1040 558 1072 consulente
574 1049 724 1080 praetore,
745 1050 782 1070 an
795 1040 906 1080 judicia
916 1050 978 1072 ma-

132 1085 241 1125 jestatis
258 1085 325 1126 cogi
332 1083 467 1122 juberet,
490 1082 662 1113 exercendas
670 1082 807 1123 effeleges
817 1083 978 1123 respondit,

135 1130 173 1160 &
196 1126 373 1160 atrociffime
396 1125 535 1157 exercuit.
570 1126 687 1156 Statuae
709 1125 830 1165 quidam
849 1127 977 1167 Augusti

136 1179 226 1212 caput
241 1169 398 1206 demserat‚
415 1176 447 1199 ut
463 1167 578 1198 alterius
594 1168 770 1209 imponeret.
792 1167 869 1198 Acta
885 1178 928 1199 res
944 1170 975 1200 in

135 1213 244 1244 senatu.
266 1211 325 1248 Et,
345 1211 413 1250 quia
430 1209 633 1249 ambigebatur
644 1232 654 1247 ,
667 1219 717 1251 per
726 1218 878 1241 tormenta
887 1220 976 1251 quae-

135 1255 187 1287 fita
208 1253 261 1285 est.
286 1253 439 1284 Damnato
461 1262 531 1291 reo,
550 1252 702 1292 paullatim
726 1252 786 1283 hoc
809 1262 899 1293 genus
927 1264 976 1285 ca-

134 1297 264 1329 lumniae
277 1306 316 1327 eo
329 1295 485 1336 proceffit,
508 1302 541 1326 ut
557 1294 629 1326 haec
645 1304 765 1336 quoque
783 1296 915 1336 capitalia
931 1307 976 1327 es-

133 1339 210 1372 sent:
235 1339 313 1370 circa
337 1337 463 1380 Augusti
477 1336 665 1369 fimulacrum
680 1337 797 1370 servum
816 1338 974 1380 cecidiffe,

135 1382 315 1415 vestimenta
338 1379 479 1418 mutasse,
495 1389 625 1411 nummo
644 1380 690 1412 vel
706 1380 816 1412 annulo
843 1380 974 1422 effigiem

134 1424 301 1466 impreffam
317 1423 434 1455 latrinae
450 1423 638 1463 autlupanari
646 1423 787 1454 intulisse:
809 1423 922 1455 dictum
933 1425 977 1456 ul-

134 1467 199 1498 lum
223 1467 377 1499 faetumve
400 1468 460 1505 ejus
483 1466 698 1497 existimatione
723 1466 818 1507 aliqua
859 1465 976 1500 laefifle.

133 1513 236 1542 Seneca
259 1509 295 1541 de
314 1509 439 1542 Benefic.
467 1508 522 1541 111.
546 1508 596 1539 26.
618 1508 681 1540 Sub
703 1509 830 1540 Tiberio
854 1509 976 1542 Caesare

134 1551 193 1585 fuit
217 1552 371 1584 accusandi
393 1550 528 1591 frequens
551 1553 586 1584 &
609 1555 698 1592 paene
720 1552 841 1594 publica
863 1553 975 1593 rabies,

135 1605 209 1637 quae
233 1597 318 1627 omni
341 1595 422 1628 civ-ili
440 1595 520 1626 bello
534 1595 651 1636 gravius
673 1603 804 1636 togatam
822 1596 975 1628 civitatem

136 1639 279 1670 confecit.
300 1670 303 1671 ⁷
321 1637 529 1679 Exeipiebatur
551 1638 704 1669 ebriorum
721 1637 837 1678 sermo,
861 1637 975 1678 simpli-

136 1681 207 1711 citas
222 1682 399 1719 jocantium.
415 1680 488 1711 nihil
504 1687 563 1711 erat
578 1687 692 1711 tutum:
715 1681 813 1710 omnis
828 1680 975 1711 saeviendi

136 1723 269 1764 placebat
291 1723 417 1754 occatio.
440 1723 513 1752 Nec
536 1723 595 1761 jam
620 1732 740 1752 reorum
758 1721 976 1763 exspectabatur

135 1774 256 1796 eventus
267 1787 276 1803 ‚
298 1775 369 1795 cum
386 1765 454 1796 eflet
471 1774 555 1795 unus.
599 1763 756 1794 Coenabat
772 1764 877 1795 Pa-ulus
893 1775 976 1806 prae-

134 1809 228 1839 torius
246 1809 275 1838 in
292 1807 435 1839 convivio
443 1807 574 1848 quodam
584 1807 764 1846 ,imaginem
772 1807 888 1838 Tiberii
899 1808 975 1839 Cae-

134 1850 201 1880 saris
225 1851 333 1880 habens
350 1872 359 1886 ‚
389 1849 503 1891 ECtypa
528 1850 561 1880 &
578 1850 728 1880 eminente
743 1859 870 1890 gemma.
894 1850 974 1881 Rem

134 1890 260 1933 ineptiss'i
266 1902 343 1923 mam
354 1891 452 1923 fecero
460 1913 468 1927 ‚
481 1892 500 1922 fi
509 1901 590 1922 nunc
599 1892 687 1922 verba
695 1891 841 1932 quaesiero
849 1914 858 1929 ,
870 1902 974 1932 quem-

133 1935 297 1965 admodum
323 1934 422 1965 dicam
445 1933 530 1964 illum
546 1934 692 1965 matellam
711 1933 849 1964 sumsisse.
878 1935 973 1971 Quod

135 1977 249 2008 factum
273 1977 359 2008 simul
382 1978 416 2009 &
442 1976 533 2007 Maro
547 2000 557 2016 ,
586 1986 621 2007 ex
645 1977 724 2006 notis
741 1975 816 2007 illius
831 1979 974 2018 temporis

132 2019 376 2061 vestigatoribus,
396 2020 521 2050 notavit.
544 2018 586 2050 At
601 2018 695 2049 servus
712 2019 789 2058 ejus,
809 2020 859 2049 cui
874 2019 975 2051 necte-

132 2061 240 2093 bantur
254 2062 389 2098 infidiae,
408 2063 434 2092 ei
449 2062 532 2092 ebrio
547 2061 686 2092 annulum
696 2060 837 2100 detraxit,
858 2062 973 2094 &cum

131 2104 223 2136 Maro
243 2106 388 2135 convivas
415 2104 564 2134 testaretur
581 2126 591 2142 ‚
619 2103 770 2134 admotam
796 2103 852 2134 effe
869 2104 974 2146 imagi-

132 2157 201 2178 nem
219 2147 393 2187 obscoenis,
413 2147 446 2177 ὃς
461 2146 523 2184 jam
541 2145 785 2187 iubscriptionern
805 2156 973 2186 compone-

132 2198 189 2227 ret,
199 2189 325 2220 ostendit
342 2191 372 2219 in
382 2198 470 2219 manu
480 2187 526 2219 sua
535 2188 632 2220 servus
641 2189 793 2220 annulum.
815 2189 971 2231 Philostra—

133 2237 181 2260 tus
205 2241 233 2272 p.
257 2231 304 2263 18.
324 2232 360 2262 de
382 2231 616 2270 Statuis,Tt‚ssrpi'8
635 2245 665 2266 γε
677 2230 755 2266 εἶ’ντες,
776 2230 846 2267 ε’φίῗ
863 2235 969 2267 λέγεται

133 2289 171 2308 τις
193 2277 323 2308 ἁτεβῖσσιι
348 2274 433 2311 δόξαι,
453 2275 585 2307 τυπτῆσοις
600 2274 638 2303 τὶν
653 2278 748 2303 ἑαυτοῦ
761 2273 846 2303 δοῦλον
864 2275 969 2313 φέρονται

130 2315 243 2355 δψαχμιῖην
257 2320 377 2357 ὲργυρῖἑν,
397 2316 563 2354 νενομισμένην
581 2321 610 2349 εἰς
619 2317 733 2355 Τιβέριον.
773 2316 906 2357 Joannes
915 2320 969 2347 Sa-

130 2359 296 2401 risberienfis
319 2360 355 2389 de
378 2358 478 2398 Nugis
507 2358 674 2390 Curialium
691 2358 747 2389 III.
771 2368 819 2389 10.
843 2359 875 2391 Si
890 2360 969 2391 enim

129 2401 250 2432 censum
274 2401 404 2432 dandum
426 2401 483 2431 effe
497 2401 656 2441 censuerit,
678 2401 855 2442 peculiarem
872 2412 970 2443 popu-

130 2443 194 2473 lum
222 2444 300 2483 Dei,
321 2443 416 2474 semen
439 2444 585 2483 liberum,
606 2444 782 2484 praeclaram
809 2444 969 2476 haeredita-

130 2493 191 2520 tem
209 2485 486 2525 Domini‚decirnis
503 2486 536 2516 &
555 2486 968 2527 primitiis&legalibusceri-

129 2529 238 2560 moniis
249 2528 553 2567 tantumobnoxiam‚
574 2527 863 2567 subjicietservituti:
885 2530 968 2562 five-

129 2579 166 2601 ro
183 2571 291 2602 tributa
311 2571 442 2612 neganda
455 2570 638 2611 responderet
655 2571 718 2606 his,
741 2572 792 2610 qui
809 2581 864 2612 pro
879 2571 967 2604 salute

129 2613 164 2644 &
189 2613 282 2653 quiete
299 2614 439 2644 omnium
459 2613 641 2651 militabant,
660 2612 738 2653 quali
752 2612 901 2645 seditionis
916 2625 967 2648 au-

127 2663 176 2686 tor
194 2656 227 2686 &
243 2666 306 2687 reus
322 2656 525 2696 imperatoriae
541 2655 693 2694 majestatis
707 2665 723 2685 a
741 2655 905 2695 publicanis
917 2658 966 2697 ju-

125 2697 167 2728 ste
184 2700 292 2739 poterit
308 2698 533 2740 comprehendi.

170 2740 290 2771 Mentio
305 2742 392 2771 etiarn
409 2741 442 2772 fit
458 2740 823 2778 Herodianorum‚comm.
845 2743 892 2774 16.
913 2752 967 2774 cu-

123 2783 172 2822 jus
194 2785 277 2814 vocis
293 2785 462 2815 terminatio
485 2786 598 2815 Latina
621 2784 675 2815 est.
697 2784 855 2823 Stephanus
878 2787 909 2816 in
934 2787 966 2815 ἁ-

130 2825 194 2862 τρῖοι.
221 2827 313 2859 συνήθης
336 2826 384 2865 γὶιρ
407 2826 510 2856 'traaas
532 2831 544 2856 ἆ
571 2829 646 2860 τόπος
672 2827 715 2856 διὰ
738 2830 771 2856 τὲ
793 2841 856 2862 arog.
877 2829 911 2858 &
932 2829 963 2858 in

131 2865 204 2896 ὦςίει.
226 2868 254 2896 τὶ
276 2869 356 2898 {emb
379 2869 489 2902 Ὠςιοινός
506 2893 514 2903 ,
534 2870 630 2903 curiam
653 2869 701 2908 ’γὰρ
725 2873 737 2898 ‘3
761 2871 836 2903 Τύπος
859 2875 910 2904 τοῖς
933 2870 964 2900 ’[-

128 2913 226 2940 τικλοῖς.
244 2911 270 2939 S.
296 2913 340 2940 A.
364 2912 458 2940 Vilior
485 2911 566 2953 Epit.
589 2921 638 2951 54.
658 2910 886 2950 Diocletianus,
906 2912 963 2943 do·-

128 2959 183 2980 nec
209 2950 363 2990 imperium
386 2953 528 2994 sumeret,
552 2953 674 2985 Diocles
693 2954 848 2995 appellatus
865 2979 875 2995 ,
910 2955 963 2985 ubi

127 2992 209 3022 orbis
232 2992 363 3025 Romani
387 2998 548 3035 potentiam
572 2997 651 3038 cepit
665 3020 676 3036 ,
700 2996 827 3034 Grajum
851 3006 963 3027 nomen

124 3035 157 3064 in
185 3034 358 3066 Romanurn
385 3046 498 3068 morem
531 3040 688 3070 convertit.
720 3042 837 3070 Arrian
862 3038 962 3079 Epi&

128 3074 155 3106 1·
187 3085 232 3114 19.
253 3076 308 3107 εἶτα
329 3081 407 3112 ἒκεῖῖως
421 3081 494 3110 κατά
509 3095 564 3110 τινα
580 3081 690 3120 δαίμονα
701 3082 846 3121 ιἰγσροισθεῖς
862 3082 906 3111 berb
923 3096 962 3111 ‘tr-

125 3119 160 3152 ,ἔς
184 3121 232 3147 τῶν
254 3123 413 3158 uuio-apim&
427 3145 436 3155 ‚
453 3125 488 3152 τέ
513 3123 634 3162 nalo-apog
655 3124 761 3156 exva-tias
784 3124 886 3159 ἐγένετο.
905 3123 959 3155 HI.

126 3161 177 3190 26.
205 3165 251 3190 τοῦ
273 3165 392 3201 καίσ-αρος
411 3161 439 3192 ξἰν
461 3178 498 3198 τις
521 3178 551 3193 τε
573 3165 722 3206 &warmacia-31.
743 3164 797 3196 IV.
823 3175 872 3207 13.
904 3180 963 3196 κοιι-

121 3207 240 3243 capiano&
261 3206 436 3243 φιλοφροσύνη.
461 3208 560 3234 Seneca
583 3206 735 3238 Controv.
767 3216 814 3247 17.
857 3208 961 3240 Voce-

122 3253 189 3287 tur,
207 3247 322 3288 inquit,
342 3246 390 3278 ille
413 3245 625 3280 Ciceronianus
640 3269 651 3288 ,
671 3248 720 3279 ille
742 3249 834 3280 cliens
848 3270 859 3288 ,
885 3249 963 3282 ami-

1806 468 1866 497 ’πῖ

1013 502 1067 543 sse]
1083 518 1131 526 —-
1147 504 1239 532 Editio
1253 505 1353 542 Erasmi
1369 515 1389 533 r.
1407 506 1472 535 ΑΜ.

1010 543 1068 578 οὐν]
1088 558 1146 564 ——
1162 545 1221 571 106.

1007 576 1104 616 ἕξεων]
1125 583 1162 614 -1-
1175 580 1231 617 ἐμοῦ
1248 592 1269 610 ι.

1019 665 1081 686 cus.
1101 655 1196 696 Vellej.
1223 661 1336 689 Patere.
1360 657 1399 689 11.
1427 668 1475 699 51.
1502 669 1551 700 52.
1571 658 1756 705 Pompejani.
1782 668 1866 699 Corn.

1019 701 1092 738 Nep.
1112 700 1206 730 AttiC.
1227 710 1254 738 7.
1269 711 1294 731 1.
1315 700 1424 733 Incidit
1433 703 1636 735 Caesarianum
1645 708 1732 738 civile
1741 709 1866 742 bellum.

1021 743 1115 770 Cicero
1133 743 1163 772 in
1185 741 1269 773 Verr.
1290 743 1329 775 V.
1358 753 1407 783 59.
1429 754 1484 785 pro
1503 745 1565 786 lege
1575 747 1697 779 Manilia
1710 760 1739 790 9.
1758 754 1867 791 agraria

1022 783 1060 815 ΙΙ.
1086 793 1134 824 30.
1159 784 1351 816 Sertorianus.
1374 789 1457 818 Corn.
1479 786 1597 829 Nepot.
1620 790 1714 822 Attic.
1738 802 1765 823 2.
1790 789 1867 825 Cin-

1022 836 1122 857 nanuS.
1146 829 1300 857 Frontinus
1324 828 1380 860 1V.
1403 839 1455 860 21.
1477 831 1507 860 in
1524 831 1637 862 summa
1655 830 1723 864 belli
1742 837 1868 876 praesta·

1023 878 1087 899 rent
1104 868 1233 900 Caffiani
1257 870 1423 902 Brutianos.
1452 872 1529 913 apud
1546 873 1585 904 C.
1607 877 1734 905 Tacitum
1743 877 1867 910 Galbia-

1021 921 1130 942 norum
1141 933 1152 949 ,
1174 912 1418 944 Othonianorum
1428 938 1438 954 ‚
1455 914 1678 948 Vitellianorum
1688 942 1698 959 ,
1709 918 1867 953 Flavianoa

1016 963 1084 984 rum
1108 953 1241 994 frequens
1268 957 1391 988 mentiO.
1413 959 1554 990 Luciam.
1576 958 1614 989 de
1640 960 1735 993 Mort.
1767 962 1867 996 Perse-

1016 1005 1115 1028 cutor.
1135 1005 1187 1036 44.
1210 997 1417 1031 Maxentianus
1432 1009 1605 1040 proteretur.
1641 1003 1809 1035 Tortullian.
1827 1006 1864 1038 ad

1020 1038 1137 1080 Scapul.
1159 1039 1218 1071 XI.
1239 1040 1331 1072 Circa
1341 1042 1520 1082 majestatem
1532 1042 1720 1084 Imperatoris
1738 1049 1866 1079 infama-

1020 1091 1107 1120 mur,
1131 1090 1231 1112 tamen
1253 1094 1406 1124 nunquam
1431 1085 1603 1125 Albiniani,
1623 1097 1679 1119 nec
1704 1088 1865 1130 Nigriani,

1020 1124 1067 1156 vel
1092 1123 1221 1156 Casfiani
1245 1126 1374 1157 inveniri
1390 1135 1551 1167 potuerunt
1568 1129 1741 1163 Christiani.
1762 1137 1869 1172 Augu-

1011 1166 1080 1207 stin.
1105 1167 1141 1198 de
1166 1167 1205 1198 C.
1224 1167 1263 1198 D.
1280 1168 1336 1200 III.
1359 1169 1409 1199 28.
1431 1170 1559 1210 partium
1579 1171 1781 1204 Marianarum
1800 1196 1867 1202 ---

1019 1208 1154 1249 Syllanus
1179 1211 1309 1251 quisque.
1334 1221 1360 1242 c.
1391 1211 1562 1243 Donatistas
1585 1215 1697 1254 paffim.
1726 1217 1858 1258 Optatus

1020 1250 1228 1284 Gildonianus.
1249 1263 1285 1284 ce
1298 1253 1434 1284 Petilian.
1464 1253 1504 1285 ΙΙ.
1528 1254 1576 1295 83.
1605 1256 1687 1289 Bello
1713 1259 1866 1293 Firmiano

1018 1312 1084 1318 —
1105 1303 1240 1336 tempora
1256 1295 1448 1328 Gildoniana.
1511 1296 1676 1330 Herodiani
1693 1311 1763 1342 ergo
1779 1314 1816 1334 ex
1832 1306 1866 1336 vi

1019 1336 1105 1367 vocis
1119 1346 1220 1376 erant,
1242 1339 1292 1378 qui
1311 1339 1424 1370 stabant
1441 1349 1456 1369 a
1474 1339 1604 1379 partibus
1623 1342 1760 1375 Herodis.
1798 1346 1867 1377 He-

1019 1379 1105 1410 rodes
1120 1388 1219 1411 autem
1235 1391 1330 1421 neque
1348 1381 1477 1412 Caesaris
1496 1383 1694 1416 dominationi
1710 1389 1868 1429 nequeJu-

1020 1420 1162 1453 daeorutn
1170 1423 1295 1454 libertati
1305 1423 1496 1462 favebat3s1ve
1507 1435 1579 1466 ergo
1589 1437 1659 1457 curn
1668 1428 1720 1460 illo
1728 1430 1787 1460 five
1795 1442 1866 1463 cum

1020 1464 1065 1495 his
1090 1465 1200 1497 fecisset
1222 1465 1378 1507 Christus,
1400 1477 1489 1508 aeque
1516 1468 1704 1501 Herodianos
1723 1472 1865 1506 offendis-

1019 1506 1068 1538 set.
1114 1507 1200 1539 Nam
1224 1509 1363 1540 Herodes
1386 1510 1444 1551 ipse
1464 1510 1516 1540 fibi
1536 1513 1692 1550 quaerebat
1709 1514 1866 1556 imperium

1018 1548 1169 1582 summum
1193 1553 1227 1583 ὅ(
1253 1554 1424 1583 ammissum:
1447 1554 1563 1584 nonnisi
1586 1564 1698 1595 partem
1725 1561 1806 1599 regni
1831 1562 1867 1593 ὃς

1019 1592 1142 1632 quidem
1159 1595 1295 1635 precario
1313 1595 1346 1626 &
1364 1594 1510 1627 beneficio
1526 1596 1737 1630 Romanorum
1750 1610 1867 1643 tenere,

1019 1634 1101 1674 quod
1111 1637 1180 1675 jure
1197 1637 1320 1668 naturali
1336 1638 1369 1668 &
1388 1637 1581 1669 haereditario
1599 1649 1696 1671 totum
1715 1643 1803 1683 ipsius
1819 1655 1865 1676 es-

1018 1678 1076 1717 set,
1097 1677 1207 1708 durum
1225 1680 1258 1710 &
1275 1680 1411 1720 iniquum
1429 1681 1481 1721 ipsi
1499 1680 1669 1723 videbatur3
1692 1685 1724 1714 in
1742 1695 1866 1718 omnem

1020 1718 1169 1750 bellorum
1189 1729 1329 1751 eventum
1346 1730 1461 1753 tantum
1476 1733 1629 1755 armorum
1647 1727 1678 1756 in
1695 1737 1863 1760 armamen-

1019 1763 1096 1791 tariis
1129 1763 1325 1803 repofitorum
1356 1763 1408 1794 fibi
1441 1774 1661 1804 comparaverat
1679 1790 1690 1806 ,
1719 1775 1864 1809 quantuni

1017 1803 1081 1834 satis
1101 1804 1168 1835 effer
1185 1805 1291 1836 LXX.
1314 1806 1449 1838 virorum
1469 1807 1599 1839 millibus
1614 1810 1797 1845 instruendis„
1810 1814 1864 1846 Ob

1016 1854 1081 1876 eam
1105 1854 1167 1877 rem
1185 1857 1257 1878 cum
1274 1848 1373 1889 postea
1391 1851 1421 1879 in
1439 1849 1634 1890 suspicionem
1652 1854 1772 1885 venisset
1789 1867 1866 1887 con-

1016 1887 1178 1928 spirationis
1193 1899 1265 1920 cum
1278 1890 1385 1931 Sejano
1402 1900 1506 1923 contra
1522 1893 1680 1925 Tiberium
1690 1920 1700 1935 ,
1720 1898 1753 1928 ὃς
1764 1897 1865 1931 foede-

1016 1932 1054 1960 ris
1070 1941 1142 1962 cum
1161 1932 1314 1964 Artabano
1330 1933 1509 1964 Parthorum
1528 1934 1612 1976 Rege
1633 1947 1736 1969 contra
1754 1940 1867 1982 Cajum

1016 1973 1098 2013 initi,
1117 1984 1135 2004 a
1150 1973 1411 2017 Caj0‚instigante
1436 1977 1564 2017 Agrippa
1584 1978 1715 2012 Herodis
1734 1992 1864 2025 nepote,

1016 2011 1195 2047 Tetrarchia
1218 2027 1321 2048 exutus
1346 2026 1434 2056 atque
1453 2019 1544 2048 exilio
1565 2030 1727 2062 perpetuo,
1746 2025 1775 2055 in
1802 2037 1866 2067 quo

1018 2057 1160 2099 Lugduni
1174 2059 1339 2091 Galliarum
1356 2060 1435 2091 diem
1447 2060 1564 2092 tandem
1583 2064 1680 2104 obiit,
1712 2067 1865 2102 damnatus

1004 2100 1100 2132 *fuiffi-
1116 2102 1193 2141 apud
1211 2103 1366 2143 Josephum
1383 2103 1421 2134 A.
1436 2102 1559 2139 XVIII.
1578 2114 1605 2145 7.
1626 2116 1673 2139 12.
1695 2108 1810 2150 legitur.

1057 2143 1142 2178 Quid
1158 2152 1256 2175 autem
1275 2145 1412 2176 Christus
1426 2146 1597 2187 respondit?
1616 2159 1652 2179 an
1672 2159 1727 2190 pro
1745 2153 1864 2186 liberta-

1015 2194 1062 2223 te,
1081 2196 1118 2216 an
1135 2197 1190 2228 pro
1207 2187 1408 2228 subjectione?
1430 2199 1466 2219 an
1478 2189 1575 2229 justos
1592 2190 1731 2224 libertatis
1752 2194 1864 2228 &sub-

1009 2229 1150 2267 jectionis
1168 2230 1274 2261 limites
1297 2230 1453 2262 distinxit?
1480 2231 1634 2264 Neutrum
1660 2235 1760 2267 fecisse
1778 2248 1862 2278 puto,

1013 2270 1096 2302 Cum
1122 2273 1224 2310 enim,
1247 2282 1280 2304 ut
1297 2273 1395 2305 Lucas
1412 2272 1530 2305 testatur
1546 2274 1622 2307 XX.
1645 2287 1696 2318 27.
1716 2280 1768 2320 ipsi
1783 2281 1863 2314 Pha-

1014 2313 1112 2355 risaei,
1137 2315 1357 2357 responsionem
1378 2316 1437 2355 ejus
1464 2317 1583 2357 mirati,
1600 2321 1762 2360 tacuerint,
1793 2326 1861 2357 nul·

1013 2355 1133 2398 lumque
1155 2360 1217 2399 ejus
1233 2355 1358 2391 verbum
1377 2358 1454 2400 apud
1472 2360 1616 2402 populum
1634 2372 1753 2404 carpere
1771 2376 1861 2408 potu-

1013 2400 1108 2440 erint3
1131 2401 1288 2432 manifesto
1304 2402 1417 2433 indicio
1433 2401 1494 2441 est,
1515 2403 1588 2434 nihil
1604 2415 1672 2435 eum
1682 2406 1718 2437 de
1726 2418 1759 2438 re
1766 2420 1861 2450 ‚quae

1012 2441 1041 2472 in
1059 2442 1229 2482 quaestione
1244 2443 1429 2485 versabatur,
1445 2444 1557 2477 dixisse.
1586 2447 1680 2478 Porro
1698 2458 1768 2481 cum
1786 2453 1862 2485 scia—

1012 2493 1078 2516 mus
1094 2495 1129 2516 ex
1146 2489 1218 2517 Lisc.
1236 2483 1310 2518 XII.
1334 2497 1382 2529 13.
1408 2496 1455 2528 14.
1476 2487 1570 2528 ipsum
1590 2499 1695 2522 munus
1712 2493 1859 2528 arbitri&

1010 2525 1146 2558 divisoris
1168 2528 1351 2560 haereditatis
1378 2530 1514 2561 oblatum
1537 2530 1677 2573 suscipere
1694 2536 1834 2568 recusasse

1011 2579 1072 2600 non
1098 2570 1237 2602 credibile
1262 2571 1319 2611 est,
1339 2572 1425 2604 illum
1444 2574 1511 2612 jam
1535 2573 1618 2605 litem
1638 2563 1857 2619 fimilem,im‹i

1011 2611 1108 2642 multo
1124 2612 1439 2653 difficiliorem,suam
1457 2616 1552 2647 facere
1561 2618 1694 2649 voluisse.
1717 2616 1858 2662 Inprimis

1011 2653 1032 2684 fi
1060 2655 1295 2697 confideremus,
1315 2657 1491 2698 Christum,
1514 2661 1598 2699 cujus
1615 2671 1737 2702 regnum
1749 2664 1855 2697 dehoc

1011 2697 1127 2729 mundo
1144 2708 1206 2729 non
1221 2698 1283 2739 est,
1304 2700 1414 2732 venisse
1432 2709 1465 2731 ut
1485 2701 1623 2732 homines
1639 2704 1674 2734 ad
1683 2705 1855 2739 felicitatem

1010 2740 1170 2771 coelestem
1186 2741 1372 2783 perduceret,
1395 2752 1458 2773 non
1474 2751 1507 2774 ut
1522 2753 1573 2784 per
1587 2744 1783 2787 Evangelium
1792 2749 1855 2780 Po-

1008 2782 1082 2813 litias
1098 2784 1245 2824 aboleret,
1264 2793 1314 2815 aut
1331 2785 1416 2826 pasta
1431 2786 1506 2816 inter
1521 2786 1649 2827 populos
1667 2790 1700 2820 &
1718 2800 1796 2831 reges
1804 2793 1852 2823 in-

1009 2832 1225 2867 terpretaretur‚
1252 2827 1333 2866 quod
1348 2837 1385 2858 ne
1407 2827 1528 2868 quidem
1553 2830 1744 2862 necessarium
1770 2830 1852 2874 erat,¹

1009 2866 1153 2907 siquidem
1181 2870 1249 2909 jura
1275 2879 1376 2910 regum
1401 2871 1436 2901 &
1455 2871 1656 2912 populorum,
1679 2875 1848 2909 &termini

1006 2909 1124 2950 imperii
1150 2912 1184 2942 ὃς
1207 2911 1360 2952 obsequii,
1381 2922 1416 2942 ex
1439 2921 1540 2944 natura
1555 2914 1707 2954 hominis,
1727 2916 1850 2950 societa-

1007 2953 1062 2992 tis,
1084 2953 1117 2983 &
1134 2953 1290 2994 padtorum
1307 2962 1501 2996 mutuorum,
1512 2955 1574 2986 satis
1590 2957 1710 2997 intelligi
1720 2960 1851 3000 possunt,

1007 2995 1041 3025 &
1057 2995 1094 3026 ab
1110 2995 1166 3026 illis
1183 2997 1272 3027 etiam
1289 2997 1493 3037 intelliguntur
1505 3019 1513 3033 ‚
1535 3000 1586 3039 qui
1603 2999 1638 3029 de
1657 2999 1782 3033 Christo
1800 3004 1847 3034 ni-

997 3035 1050 3067 ·hil
1065 3038 1258 3078 audiverunt,
1278 3048 1312 3070 nt
1326 3039 1405 3071 nulla
1421 3046 1502 3071 nova
1519 3040 1695 3072 revelatione
1710 3042 1761 3073 hic
1769 3055 1846 3085 opus

1007 3079 1050 3111 fit.
1091 3080 1150 3111 Uti
1182 3081 1322 3122 Apostoli
1336 3083 1496 3113 hominum
1512 3083 1677 3114 libertatem
1693 3094 1741 3116 aut
1758 3086 1845 3117 servi-

1004 3129 1118 3163 tutem,
1138 3133 1302 3165 eorumque
1325 3125 1531 3156 conditionem
1558 3126 1587 3154 in
1602 3125 1657 3155 hac
1671 3128 1728 3157 vita
1747 3128 1846 3158 eolo-

1005 3173 1045 3196 co
1067 3165 1263 3206 reliquerunt,
1283 3169 1561 3207 quovinvenerant,
1582 3167 1619 3196 ita
1636 3169 1668 3197 δε
1686 3166 1847 3202 Christum

1005 3207 1135 3238 similiter
1152 3207 1250 3238 fecisse
1264 3209 1475 3239 existimamus.
1502 3207 1805 3244 1.c0r.V11.20.21,

1046 3248 1093 3280 18.
1122 3250 1259 3321 πὸνηρῖσιν]
1287 3251 1410 3293 Arssid.
1431 3249 1552 3283 Leustr.
1575 3249 1598 3281 Ῑ.
1620 3259 1651 3292 p.
1670 3251 1723 3293 46.
1750 3254 1845 3294 ὖπερέε-

1125 3327 1128 3330 .
1167 3300 1216 3322 00
1776 3297 1842 3332 βλί-
