1976 3519
133 192 194 229 66
527 182 1529 227 PROLEGOMENA.

135 276 293 331 gatione
314 273 458 328 primus
478 270 586 325 quod
607 269 720 312 sciam
742 269 999 324 deprehendi:
1031 270 1070 309 in
1090 269 1341 324 Evangelistis
1361 283 1454 310 vero
1470 268 1633 310 citandis
1653 269 1805 312 videtur
1825 272 1877 312 ad

135 345 268 371 manus
296 328 463 369 habuisse
483 327 642 368 Tatiani
662 326 927 373 Diatess'aron3
956 325 1182 379 plerumque
1201 325 1306 365 enim
1325 325 1496 365 Textum
1512 338 1559 365 ex
1583 325 1752 378 pluribus
1770 341 1879 366 com-

132 386 270 441 posuit.
327 396 361 424 2.
393 383 718 435 Recognitiones‚
747 394 844 434 quae
871 380 1007 420 Latine
1027 378 1364 430 circumferuntur,
1393 393 1486 434 quas
1508 379 1622 420 seculi
1646 382 1746 420 tertii
1767 382 1880 422 initio

134 437 401 481 adscribendas
420 436 494 478 esse
510 436 685 491 probavit
705 435 760 476 H.
791 433 1027 475 Dodwellus.
1085 434 1304 484 Homiliae,
1336 449 1382 475 ex
1403 435 1539 489 quibus
1559 433 1718 475 eaedem
1747 436 1881 477 Reco-

134 496 327 549 gnitiones
357 492 536 534 videntur
562 493 602 531 in
635 491 814 532 Latinum
846 488 1060 530 sermonem
1080 489 1283 529 conversae
1302 489 1395 539 effe,
1424 490 1619 530 austorem
1648 490 1790 532 habent
1809 492 1881 531 im-

134 553 268 591 butum
290 548 418 589 multis
438 547 687 601 opinionibus
706 560 728 585 a
750 543 828 584 fide
849 544 1159 585 Christianorum
1180 544 1322 585 alienis.
1351 543 1457 586 Edit.
1487 545 1658 585 Coteler.

190 604 347 659 Ignatii
379 602 579 658 Epistolae
612 601 799 656 genuinae
827 598 971 653 septem
989 630 1001 649 ,
1039 599 1291 653 interpolatae
1318 610 1433 653 atque
1463 598 1610 653 spuriae
1640 598 1880 646 duodecim,

134 675 233 713 quae
262 659 359 700 mihi
390 660 437 699 ab
455 657 591 699 eadem
613 669 751 705 manu,
770 668 815 694 ac
839 654 1148 695 constitutiones
1165 653 1432 708 Apostolicae,
1462 654 1642 696 videntur
1664 667 1880 709 corruptae.

139 715 245 758 Edit.
265 714 435 756 Coteler.

190 770 403 824 Polycarpi
427 765 606 820 Epistola
627 764 677 806 ad
698 763 976 818 Philippenses.
1006 763 1079 805 Ed.
1111 762 1281 804 Coteler.
1825 781 1832 790 .

189 826 369 880 Papias,
398 823 602 878 Polycarpi
632 819 792 866 sodalis,
820 819 1035 874 Episcopus
1065 818 1400 873 Hierapolitanus,
1429 818 1480 860 de
1507 834 1587 876 quo
1616 819 1798 862 Eusebius
1824 820 1883 862 H.

138 882 184 922 E·
217 893 264 933 3,
299 893 363 942 39,-
672 930 679 936 .
715 930 721 936 .
779 930 786 936 .
1204 929 1211 935 .
1731 930 1738 937 .
1853 931 1860 938 .

194 935 432 976 Valentmus
464 936 503 972 &
525 930 810 980 Valentiniani,
841 944 1007 984 quorum
1030 928 1074 969 fit
1094 940 1240 969 mentio
1260 927 1365 983 apud
1382 927 1581 969 Irenaeum
1603 932 1643 969 δε
1665 929 1881 985 Epiphani-

138 1004 215 1031 um.
271 991 334 1030 De
353 989 508 1029 auaore
527 986 631 1027 istius
648 986 780 1026 Sestae
803 985 896 1026 haec
917 985 1032 1025 habet
1054 983 1318 1038 Hieronymus
1338 985 1378 1024 in
1398 983 1522 1024 Oseae
1541 984 1615 1026 XI.
1649 998 1684 1025 1.
1721 1012 1748 1036 ‚‚
1781 986 1884 1027 Nul-

135 1075 162 1096 ,‚
194 1045 249 1085 lus
276 1045 403 1093 enim,
431 1042 574 1096 inquit,
605 1040 730 1095 potest
765 1040 936 1082 haeresin
967 1040 1129 1089 struere,
1158 1039 1228 1079 nisi
1253 1040 1321 1093 qui
1351 1037 1520 1079 ardentis
1552 1039 1697 1094 ingenii
1728 1041 1808 1091 est,
1839 1046 1880 1082 &

138 1131 164 1151 ‚,
195 1098 309 1140 habet
329 1099 434 1138 dona
456 1109 611 1138 naturae
625 1127 636 1146 ,
666 1109 763 1149 quae
786 1110 807 1135 a
825 1097 913 1136 Deo
934 1094 1078 1135 artifice
1099 1094 1185 1135 sunt
1203 1105 1339 1135 creata.
1398 1093 1508 1134 Talis
1539 1093 1611 1135 fuit
1634 1094 1883 1147 Valentinus,

137 1185 162 1205 ,‚
195 1154 280 1195 talis
308 1154 511 1203 Marcion,
541 1165 639 1206 quos
668 1150 905 1191 dostiflimos
934 1149 1095 1205 legimus
1107 1153 1141 1189 ''.
1199 1148 1402 1203 Scripturis
1431 1149 1603 1203 pepercit
1623 1179 1636 1200 ‚
1677 1150 1770 1191 teste
1786 1151 1885 1192 Ter-

136 1209 296 1251 tulliano
325 1208 376 1249 de
409 1206 628 1261 Praescript.
658 1206 707 1246 C.
740 1206 804 1258 38.
841 1206 908 1260 qui
927 1216 1057 1246 tamen
1078 1204 1157 1259 ipse
1176 1204 1274 1244 libro
1296 1203 1346 1244 de
1368 1203 1498 1245 Carne
1521 1204 1668 1246 Christi
1687 1204 1756 1259 ipsi
1778 1205 1885 1247 adul-

136 1265 363 1305 terationem
391 1262 565 1317 Capituli
593 1260 758 1315 joannis
781 1261 834 1301 X.
870 1273 930 1312 ¹3·
959 1259 1117 1313 objicit·‚
1147 1259 1256 1314 quod
1290 1258 1493 1300 confirmat
1514 1259 1706 1313 Origenes
1728 1275 1760 1300 c.
1792 1261 1885 1302 Cel-

136 1319 218 1360 sum
236 1319 259 1360 l.
294 1333 328 1360 2.
357 1314 693 1370 μεταχαράξοιντας
725 1314 760 1355 δὲ
790 1312 833 1355 τὸ
851 1312 1054 1364 εὐαγγέλτον
1078 1312 1214 1357 ἄλλους
1235 1315 1293 1354 οὐκ
1315 1311 1411 1363 οἶδα,
1438 1310 1457 1356 “37
1478 1311 1556 1355 τοὺς
1576 1311 1650 1354 >brox
1670 1313 1885 1368 Μαρκίωνος,

136 1371 198 1415 καὶ
228 1372 305 1416 τοὶς
326 1370 398 1413 57ιῦ
420 1370 679 1422 Ὀυσιλεντῖνου,
709 1367 801 1418 οἶμαι
820 1367 856 1410 δὲ
877 1368 939 1410 καὶ
960 1367 1038 1411 τοὺς
1058 1364 1132 1409 >brol
1154 1369 1424 1410 Λουκιανῧ---·οὐ
1442 1369 1504 1409 τοῦ
1524 1368 1674 1416 ἄληθινῢ
1693 1377 1886 1422 Χρις-ιοινισ-

138 1431 191 1477 u&
211 1427 384 1479 ’ἔγκλημα
404 1424 476 1468 {io-lv
494 1425 522 1467 οἷ
540 1423 865 1479 μετοιχαρσίῆἰοντες
889 1422 944 1465 τοὶ
962 1422 1181 1474 ἒυαγγὲλιοι,
1209 1420 1271 1465 καὶ
1292 1421 1423 1476 ἀφέσεις
1441 1421 1536 1478 ξένοις
1557 1423 1797 1474 ἐπεισάγοντες
1829 1426 1884 1477 τῷ

135 1482 321 1532 βουλῆμοίὶι
349 1484 411 1526 τῆς
440 1484 536 1529 Ἰησέ
565 1478 813 1523 διδασκαλίας.
870 1481 918 1521 In
939 1480 1008 1521 ista
1026 1480 1137 1521 Sesta
1160 1480 1323 1521 celebres
1346 1478 1499 1520 fuerunt
1522 1479 1766 1532 Heracleon,
1793 1483 1885 1536 qui,

137 1540 324 1582 referente
358 1539 554 1594 Origene,
592 1538 634 1578 in
665 1536 920 1592 Evangelium
947 1535 1112 1589 Joannis
1144 1535 1459 1576 Commentarios
1491 1534 1659 1588 scripsit,
1688 1541 1727 1577 &
1756 1537 1885 1578 Ptole-

137 1609 277 1636 maeus.
333 1595 561 1637 Valentinus
592 1591 842 1633 traditionem
874 1589 1140 1644 Apostolicam
1168 1590 1351 1644 jastavit,
1381 1589 1475 1631 teste
1507 1589 1713 1632 Clemente
1743 1591 1885 1633 Strom.

136 1650 227 1692 VII.
257 1664 292 1704 p.
326 1651 422 1700 898.
450 1647 686 1688 Ὀυσιλεντῗνον
708 1643 853 1686 &aalide
870 1643 1045 1691 ἀκηκοέναι
1064 1640 1194 1697 <Doto-lv,
1223 1642 1380 1697 ’γνώριμος
1402 1644 1438 1683 3⁰
1455 1643 1551 1687 οὗτος
1571 1643 1713 1694 ἐγεγόνει
1723 1646 1883 1689 Παύλου.

194 1705 416 1745 Montanus
439 1704 571 1744 auster
589 1702 722 1742 Sestae
740 1698 846 1740 notre>-
866 1698 1024 1751 Φρύγας,
1053 1700 1212 1754 ejusque
1232 1699 1364 1741 assecla
1385 1699 1622 1740 Theodotus
1643 1701 1882 1755 Byzantinus

136 1760 339 1809 coriarius,
368 1759 436 1813 qui
463 1758 563 1797 circa
583 1767 758 1810 tempora
778 1755 978 1797 Valentini
998 1753 1144 1808 scripsit
1163 1754 1300 1795 librum
1323 1752 1514 1805 ἀνατολικὴ
1536 1753 1754 1796 διδασκαλίαι
1772 1771 1885 1799 voca.

138 1827 219 1856 tum
240 1846 250 1864 ,
279 1815 385 1868 cujus
407 1814 663 1868 fragmentum
684 1821 788 1852 extat
809 1810 849 1850 in
870 1809 974 1850 libris
999 1806 1264 1851 ὙποἼυπῶσεων
1286 1808 1502 1850 Clementis
1523 1809 1632 1851 Alex,

196 1869 402 1910 Lucianus
429 1865 723 1916 samosatensis,
754 1863 986 1905 Amstelaed.
1016 1865 1086 1905 ΑΟ.
1121 1877 1240 1918 1743.
1270 1864 1387 1905 tribus
1417 1865 1458 1904 in
1488 1865 1643 1917 Quarto
1675 1866 1880 1908 volumini-

136 1925 206 1966 bus
225 1926 361 1966 editus.
400 1924 448 1963 Ei
478 1934 676 1977 perperam
696 1920 872 1961 tribuitur
893 1918 1081 1973 Dialogus
1102 1918 1380 1976 Philopatris,
1412 1932 1529 1973 quem
1546 1918 1671 1961 seculo
1681 1921 1752 1964 IV.
1765 1921 1882 1978 scrip-

138 1992 220 2021 tum
242 1979 350 2020 fuisse
369 1977 518 2019 erudite
540 1975 718 2031 probavit
740 1974 804 2015 Cl.
832 1972 881 2026 J.
910 1973 972 2014 M.
1002 1974 1209 2015 Gesnerus.

190 2034 348 2088 Celfits,
378 2033 484 2086 cujus
503 2031 618 2073 verba
641 2029 865 2084 frequentur
886 2029 1051 2070 citantur
1069 2027 1117 2070 ab
1141 2029 1328 2085 Origene.

194 2088 371 2129 Oracula
390 2086 580 2142 Sibyllina
593 2120 603 2136 ‚

192 2143 430 2197 Phoquidis
461 2142 688 2183 Sententiae
717 2139 836 2181 multa
853 2139 1055 2181 continent
1071 2153 1119 2181 ex
1138 2139 1300 2182 oraculis
1321 2137 1514 2196 Sibyllinis
1536 2140 1738 2194 translata,
1768 2156 1790 2184 a
1810 2141 1884 2183 Fa-

136 2200 257 2243 bricio
277 2210 479 2252 utrumque
499 2210 598 2251 opus
618 2195 842 2236 Christiano
863 2194 1095 2237 adscribitur.

192 2252 547 2307 Protevangelium
567 2251 713 2304 Jacobi
733 2251 774 2290 in
794 2249 949 2291 Codice
967 2249 1213 2305 Apocrypho
1233 2250 1291 2292 N.
1321 2249 1373 2292 T.
1402 2265 1425 2292 a
1444 2250 1623 2292 Fabricio
1641 2251 1734 2293 edit.

193 2309 378 2362 Justinus
411 2308 599 2360 IVIartyr‚
629 2305 794 2347 editusa
826 2304 1007 2347 Roberto
1036 2306 1236 2360 Stephano
1270 2306 1386 2347 Paris.
1427 2317 1549 2358 1551.
1588 2307 1629 2346 in
1661 2307 1789 2348 Folio.
1834 2308 1882 2348 In

139 2366 310 2419 Dialogo
332 2377 420 2404 cuin
441 2361 660 2416 Tryphone
679 2361 796 2402 utitur
827 2360 986 2402 vocibus
1014 2374 1059 2402 ac
1089 2360 1286 2415 phrafibus
1316 2375 1363 2402 ex
1384 2361 1494 2402 Aeris
1513 2362 1551 2402 A
1581 2361 1811 2413 ostolorum‚
1841 2367 1882 2403 δε

138 2420 320 2475 Epistolis
342 2417 481 2473 Jacobi
511 2420 550 2457 &
579 2415 629 2456 ad
658 2415 859 2457 Hebraeos
893 2415 1022 2470 petitis
1041 2446 1054 2467 ,
1093 2413 1259 2469 φρῖοο-ειν,
1287 2412 1448 2462 παθητὸς
1462 2422 1612 2468 xpm-os,
1642 2420 1683 2457 ὃς
1713 2431 1810 2472 quae
1831 2418 1884 2458 le..

138 2487 280 2529 guntur
309 2474 358 2515 de
390 2470 688 2514 Melchisedeco.
746 2471 833 2526 Ego
862 2484 955 2512 vero
985 2484 1164 2525 cuperem
1193 2471 1290 2512 mihi
1319 2472 1437 2513 eximi
1467 2471 1682 2526 scrupulum
1703 2472 1752 2513 de
1771 2472 1883 2526 hujus

139 2530 298 2584 Dialogi
331 2529 507 2578 authore,
534 2541 582 2568 ex
611 2525 788 2581 diligenti
814 2526 896 2579 ejus
925 2526 1110 2568 Leffione
1128 2526 1337 2581 injeffitum‚
1365 2526 1546 2567 nimirum
1569 2527 1678 2582 quod
1698 2542 1779 2568 non
1800 2539 1883 2568 uta-

139 2606 200 2635 tur
229 2595 268 2634 in
301 2597 349 2634 V.
379 2592 431 2634 T.
459 2593 553 2633 locis
582 2590 745 2633 citandis
773 2590 947 2632 versione
965 2588 1032 2632 τῶν
1048 2582 1088 2641 ἶ,
1119 2589 1184 2631 sed
1204 2592 1326 2647 magis
1347 2590 1504 2633 accedat
1521 2590 1571 2631 ad
1593 2591 1778 2646 Origenis
1789 2591 1882 2632 Edi-

141 2650 289 2690 tionem
319 2648 583 2702 hexaplarem,
612 2661 721 2693 curn,
751 2659 850 2700 quae
880 2646 1072 2701 Origenes
1092 2645 1211 2687 obelis
1225 2645 1437 2700 jugulavit,
1466 2647 1643 2692 omittat,
1666 2647 1880 2702 quibusque

141 2703 331 2744 asteriscos
352 2703 552 2757 apposuit,
583 2701 700 2743 addat
719 2702 859 2750 etiarn,
887 2715 975 2742 cum
995 2700 1099 2741 idem
1120 2701 1160 2741 in
1180 2701 1342 2742 Daniele
1363 2701 1435 2741 alia
1460 2701 1643 2742 Verfione
1656 2729 1668 2747 ,
1689 2701 1816 2742 nescio
1829 2716 1880 2742 an

140 2758 383 2814 Symmachi,
411 2769 546 2798 utatur.
579 2758 619 2798 Si
635 2757 805 2808 Justinus
825 2767 998 2797 mortuus
1021 2756 1312 2811 est,antequam
1338 2755 1557 2811 Symmachi
1569 2766 1682 2809 atque
1692 2756 1881 2796 Theodo-

142 2814 258 2854 tionis
279 2812 411 2854 Versio
431 2812 630 2863 ederetur,
661 2816 700 2852 &
721 2811 748 2853 fi
769 2812 920 2866 integro
937 2811 1062 2853 seculo
1080 2811 1273 2865 praeceffit
1292 2811 1741 2866 Origenem,qu0modo
1753 2813 1880 2864 potuit

141 2869 246 2908 istius
265 2882 383 2922 opere
401 2869 456 2908 uti
469 2870 484 2907 ?
496 2880 559 2908 aut
581 2867 607 2907 fi
629 2881 709 2907 non
729 2866 814 2908 usus
825 2867 1114 2921 est,quomodo
1126 2868 1252 2921 potuit
1262 2866 1481 2907 acciderent
1492 2880 1527 2919 pi
1543 2865 1641 2906 :rsus
1651 2865 1881 2907 eademver-

141 2923 189 2962 ba
209 2923 343 2963 iisdem
363 2924 404 2962 in
423 2923 516 2962 locis
537 2921 695 2963 adderet
714 2921 775 2963 vel
797 2921 993 2973 demeret,
1020 2923 1084 2963 ubi
1104 2923 1166 2963 ille
1176 2921 1423 2964 velasteriscis
1445 2920 1538 2975 quid
1552 2924 1607 2960 vei
1626 2921 1745 2961 obelis
1758 2921 1879 2975 signa-

142 2981 273 3019 verat?
302 2979 435 3031 Quare
455 2976 591 3017 dehoc
611 2978 765 3017 au&ore
782 2976 878 3030 quid
900 2977 1136 3018 statuendem
1162 2977 1206 3018 fit
1219 3007 1231 3027 ‚
1261 2977 1454 3018 doffiores
1474 2976 1659 3025 viderint,
1696 2975 1786 3015 “ilii
1799 2990 1879 3016 rem

142 3044 378 3086 compertam
400 3030 634 3086 proposuisse
666 3031 720 3072 sat
748 3031 814 3072 est.
853 3031 1155 3087 Pseudo-Justini
1186 3033 1241 3072 est
1259 3032 1456 3086 Expositio
1474 3031 1607 3076 Fidei,
1638 3033 1729 3072 itclli
1751 3033 1879 3080 Quae-

142 3088 282 3128 stiones
302 3091 342 3127 &
362 3086 648 3141 Responfiones
665 3086 715 3126 ad
735 3085 1016 3138 Orthodoxos,
1046 3088 1085 3126 in
1107 3087 1244 3141 quibus
1261 3087 1602 3136 Manichaeorum,
1632 3088 1697 3140 qui
1717 3098 1878 3127 exeunte

142 3142 268 3184 seculo
287 3144 401 3184 tertio
429 3143 552 3183 exorti
582 3141 688 3194 sunt,
717 3141 877 3183 extinffi
909 3142 1003 3184 item
1034 3142 1284 3193 Ethnicismi,
1314 3154 1356 3183 ut
1376 3145 1416 3181 &
1438 3142 1583 3182 Irenaei
1602 3153 1717 3195 atque
1735 3142 1806 3182 Ori
1861 3163 1876 3171 .

142 3199 203 3240 nis
221 3197 359 3239 diserte
384 3197 532 3240 mentio
562 3197 616 3239 fit.
1799 3154 1881 3238 ῗνῐ·
