1976 3519
449 218 1443 265 PROLEGOMENA.
1744 235 1819 276 133

90 311 240 358 vembri'
255 310 477 364 Tubingam
497 307 548 350 ad
567 307 795 350 Martinam
815 303 987 354 Crufium
1009 303 1282 354 Profefforem,
1310 307 1378 360 qui
1397 307 1503 348 illum
1515 307 1704 362 perlegit,
1733 309 1822 349 mis-

90 370 194 419 surn,
221 367 326 408 tertii
339 380 431 408 vero
448 363 554 405 usum
573 359 744 402 ‘Davidi
765 358 994 413 Hoeschelio
1015 361 1162 413 petenti
1183 365 1218 398 ὃ(
1238 360 1451 402 editionem
1461 364 1609 415 paranti
1619 365 1684 405 A‘’.
1700 367 1820 413 1607.

95 439 132 468 1.
159 423 260 477 Maji
290 419 506 463 concessum
528 416 634 458 fuisse
665 417 672 456 !
704 415 885 469 Cumque
907 427 1025 468 porro
1047 415 1306 465 observarem,
1335 417 1376 455 in
1407 418 1534 468 priore
1566 417 1822 472 descriptione

93 477 395 532 Ereitingeriana
421 474 633 515 sermonem
660 469 735 512 effe
762 470 813 511 de
839 482 918 510 uno
948 468 1102 510 Codice
1135 470 1326 510 Baiilienfi
1350 470 1609 522 octateuchi,
1639 489 1660 514 a
1684 474 1822 516 Mont-

93 534 262 575 falconio
292 530 439 573 collati:
469 529 509 568 in
539 525 702 567 secunda
731 539 823 566 vero
849 524 930 576 ejus
959 523 1048 564 loco
1078 524 1246 565 substitui
1281 537 1355 565 tres
1385 526 1558 567 Codices
1579 527 1821 576 Bafilienses‚

91 601 257 644 quorum
281 598 377 628 unus
402 581 552 623 nonnisi
583 580 750 622 Genesin
781 583 820 620 ὅ(
849 577 963 620 XIV.
994 579 1122 633 priora
1152 580 1279 620 Exodi
1298 581 1445 633 capita,
1476 580 1557 622 duo
1576 596 1665 623 vere
1686 583 1823 638 reliqui

93 645 189 685 alios
214 642 417 695 scripturae
444 637 560 677 libros
577 646 684 676 eXtra
702 634 986 676 octateuchum
1004 635 1268 684 continerent3
1299 636 1486 676 continuo
1503 635 1678 690 suspicari
1687 640 1823 691 coepi,

94 714 118 740 a
137 697 292 740 veritate
310 694 373 734 hic
395 693 605 733 aberratum
626 689 754 739 fuiss'e,
782 693 821 729 &
841 688 1000 743 quidem
1023 689 1101 728 loco
1122 689 1369 741 alieniffi'mO,
1398 691 1462 731 ubi
1473 692 1655 732 nimirum
1665 691 1823 744 fide‚ut

93 754 168 799 ait,
184 758 286 793 'vera
307 751 355 794 (J
378 746 596 788 Helvetica
612 777 623 796 ,
653 744 798 799 aliquid
819 745 1054 798 promittitur
1085 745 1375 798 praestandum,
1414 749 1455 786 &
1477 747 1636 798 pecunia
1656 746 1780 787 statim
1799 762 1822 788 a

93 804 404 849 contrahentibus
431 802 602 856 exigitur.
656 801 719 841 Ut
748 814 841 854 ergo
869 813 949 839 rem
969 813 1264 853 cognoscerem,
1303 799 1384 840 adii
1400 800 1682 842 Bibliothecarn
1702 802 1824 855 publi·

93 875 199 912 cam,
226 863 266 900 &
295 857 474 899 consultis
498 855 778 909 Montfalconii
797 853 997 909 Hexaplis·
1023 854 1147 894 statim
1170 856 1251 895 vidi
1271 855 1451 908 Iftlium,
1481 857 1727 909 ambiguitate
1755 857 1823 898 de·

94 928 270 971 ceptum,
298 912 478 954 Codicem
506 910 772 964 Bqfilierqsbm,
802 923 918 963 quem
938 909 1043 950 idem
1075 910 1381 951 Moiitfalconius
1405 911 1511 964 apud
1538 912 1638 953 P‘P.
1669 911 1709 953 S.
1740 911 1823 952 Ba-

79 971 168 1024 filii
195 970 342 1010 Romae
371 966 539 1017 viderat,
569 980 656 1006 cum
675 965 889 1005 Codicibus
908 965 967 1005 vel
988 964 1141 1005 Codice
1162 965 1516 1006 ‘Dominicanorum
1535 965 1821 1020 Bastlienstum,

94 1041 197 1067 nunc
219 1023 480 1066 Bibliothecae
497 1021 690 1076 publicae,
712 1019 948 1074 permutasse.
977 1020 1058 1061 Hic
1080 1034 1185 1060 error
1208 1021 1347 1061 multos
1365 1021 1460 1062 alios
1478 1022 1650 1075 peperit,
1679 1025 1720 1062 &
1741 1022 1823 1077 spe-

94 1082 192 1123 ciem
212 1078 409 1121 ridiculam
427 1076 742 1118 contradictionis
770 1075 846 1116 sive
865 1076 1125 1119 contentionis
1143 1076 1242 1117 inter
1262 1075 1589 1117 Montfalconium
1612 1081 1652 1117 ὃς
1671 1076 1820 1119 Iselium

92 1135 286 1191 praebuit,
314 1147 400 1175 cum
414 1166 425 1184 ,
443 1146 541 1186 quae
560 1132 620 1172 ille
639 1131 689 1171 de
706 1131 810 1184 cepis
827 1130 975 1172 locutus
993 1142 1094 1181 erat,
1123 1130 1187 1171 hic
1207 1131 1256 1171 de
1277 1131 1371 1172 alliis
1391 1132 1627 1186 intelligeret.
1680 1133 1821 1175 Codex

98 1189 307 1232 Bafilienfis
326 1187 609 1242 Montfalconii
628 1198 707 1227 erat
726 1199 844 1235 unus,
875 1185 999 1226 seculo
1022 1185 1074 1225 X.
1100 1187 1822 1240 exaratus,continenso&ateuc11um,

96 1249 138 1286 &
176 1259 199 1285 a
233 1243 527 1285 Monfalconico
555 1241 714 1282 collatus
740 1241 815 1281 est:
846 1240 939 1280 haec
969 1255 991 1280 a
1024 1241 1263 1295 Breitingero
1291 1241 1478 1282 didicerat
1497 1241 1635 1283 Iselius.
1694 1244 1823 1285 Addit

96 1304 214 1355 p0rr0
241 1297 569 1347 Montfalconius,
597 1297 637 1336 in
668 1296 734 1337 illo
760 1295 912 1337 Codice
933 1294 1138 1336 desiderari
1152 1295 1229 1336 fere
1249 1308 1373 1337 totum
1392 1296 1527 1337 librum
1550 1298 1756 1351 Gemston
1786 1299 1822 1341 se

93 1359 187 1396 vero
216 1367 263 1395 ex
290 1354 356 1394 illo
382 1353 535 1393 Codice
553 1363 724 1392 accurate
746 1351 888 1391 collato
908 1349 1015 1404 supra
1035 1351 1138 1391 mille
1160 1352 1281 1392 varias
1301 1352 1640 1404 Interpretationes
1659 1354 1823 1408 Aquilae

91 1408 311 1464 Symmachi
347 1419 462 1462 atque
501 1405 792 1447 Theodotionis
819 1405 1037 1458 excerpsisse
1058 1420 1066 1445 :
1122 1405 1293 1447 Codices
1330 1406 1550 1447 Basilienses
1592 1408 1704 1461 Iselz'z'
1735 1408 1820 1450 sunt

93 1477 191 1516 tres,
218 1461 368 1505 diverso
397 1474 571 1517 ternpore
592 1461 717 1502 seculo
738 1461 790 1502 X.
821 1461 892 1502 XI.
917 1463 956 1500 δε
986 1460 1101 1501 XIV.
1132 1460 1283 1514 scripti,
1312 1461 1392 1502 duo
1413 1462 1641 1516 posteriores
1660 1463 1755 1503 nihil
1775 1478 1823 1504 ex

93 1519 338 1561 octateucho
369 1518 570 1558 continent
589 1548 600 1567 ,
640 1517 783 1570 primus
801 1529 927 1556 autem
946 1516 1059 1556 habet
1078 1517 1269 1562 Genefin3
1300 1516 1608 1558 Montfalconius
1628 1532 1700 1559 nec
1721 1519 1823 1559 Basi-

92 1575 211 1624 leam,
241 1588 311 1615 nec
336 1573 499 1627 aliquem
529 1572 720 1612 Codicem
750 1571 837 1611 MS·
859 1570 1097 1612 Basiliensem
1121 1586 1289 1625 unquam
1310 1572 1430 1618 vidit,
1462 1573 1524 1613 sed
1549 1574 1823 1625 Mabillonius,

92 1630 152 1671 vel
171 1630 284 1680 alius,
308 1629 392 1668 illos
412 1628 545 1669 cursim
564 1627 749 1681 inspexit,
774 1629 811 1665 &
827 1640 908 1666 non
929 1625 1013 1667 nisii
1033 1641 1172 1680 paucas
1191 1627 1375 1680 quasdam
1388 1628 1613 1678 Lefflones,
1626 1629 1664 1668 in
1688 1631 1823 1683 quibus

94 1684 266 1725 Codices
287 1682 467 1724 versionis
483 1681 550 1722 τῶν
568 1689 604 1721 Ο
637 1682 831 1721 variabant
851 1712 862 1730 ,
901 1680 1112 1722 adnotavit.
1177 1683 1278 1734 Quis
1298 1682 1428 1722 credat
1449 1717 1459 1732 ,
1501 1684 1600 1722 lianc
1630 1684 1820 1737 duplicem

94 1739 390 1792 descriptionem
410 1737 483 1778 esse
503 1737 613 1777 unius
630 1735 879 1788 ejusdemque
899 1734 1087 1775 Codicis?
1117 1735 1158 1775 id
1180 1748 1307 1776 tamen
1331 1738 1639 1789 putavitlscli'us,
1670 1740 1821 1780 &hanc

93 1795 356 1848 opinationem
378 1792 479 1832 suam
503 1793 542 1831 in
562 1802 862 1845 programmate,
890 1790 930 1831 in
953 1804 1032 1844 quo
1050 1790 1170 1835 nihil,
1199 1791 1266 1831 nisi
1296 1791 1406 1844 quod
1437 1804 1542 1832 certo
1571 1808 1700 1834 verum
1719 1794 1822 1845 ess'et,

95 1849 262 1903 proponi
293 1847 454 1888 debebat
475 1877 486 1895 ‚
525 1847 625 1900 typis
645 1845 707 1885 edi
728 1849 767 1884 &
787 1846 826 1884 in
849 1845 1041 1898 publicum
1060 1845 1186 1899 spargi
1203 1846 1328 1900 passus
1345 1847 1411 1888 est.
1469 1848 1550 1888 Hic
1570 1849 1623 1890 est
1644 1848 1706 1890 ille
1724 1849 1822 1890 lselii

95 1918 218 1954 error,
249 1917 345 1957 quae
364 1916 448 1942 mea
467 1900 538 1941 fuit
558 1900 777 1945 infelicitas,
806 1914 828 1938 a
848 1914 910 1940 me
923 1900 1130 1940 indicatus!
1465 1920 1467 1923 ·

264 1957 343 1997 Cur
361 1955 517 2012 aliquid
532 1955 621 1995 vidi
634 1954 656 1994 ,Ρ
686 1968 753 1994 cur
774 1956 893 1994 noxia
914 1954 1061 1994 lumina
1072 1956 1159 2006 foci
1171 1954 1193 1996 ‚2

366 2013 445 2051 Cur
464 2009 705 2065 imprudenti
726 2011 883 2062 cognita
903 2009 1013 2062 culpa
1035 2009 1166 2050 mihi?

147 2068 354 2121 Postquam
374 2066 534 2119 Ifthus,
565 2077 721 2120 propter
739 2064 816 2104 hoc
838 2064 893 2104 vcl
915 2064 1019 2104 suum
1042 2066 1098 2104 vel
1123 2080 1248 2106 meum
1267 2077 1486 2118 peccatum,
1515 2067 1577 2109 sex
1597 2083 1721 2110 annos
1732 2085 1825 2112 con-

94 2123 221 2170 tinuos
243 2123 348 2164 vario
367 2125 528 2162 obtentu
547 2135 608 2161 me
629 2119 812 2167 vexasset,
842 2123 880 2158 &
912 2134 960 2160 eo
991 2119 1174 2174 redegille
1200 2121 1439 2162 existimasset
1460 2153 1472 2173 ‚
1512 2136 1554 2164 ut
1582 2138 1714 2166 contra
1735 2141 1823 2167 eum

94 2177 235 2219 hiscer'e
257 2174 336 2224 hon
357 2176 555 2227 auderem,
586 2176 742 2217 tandem
764 2177 826 2216 ΑΟ.
865 2188 981 2225 1724.
1012 2178 1244 2230 excogitavit
1256 2176 1525 2232 *Depulstonem
1541 2180 1824 2222 calumniarum

81 2232 158 2286 fibi
178 2233 430 2287 impaHarum
445 2264 455 2280 ,
480 2246 595 2286 quam
617 2235 655 2270 ὃ(
676 2230 842 2271 Bafileae
863 2230 1004 2277 edidit,
1038 2234 1074 2270 &c
1097 2232 1235 2272 eodem
1253 2246 1357 2271 anno
1377 2246 1458 2273 tum
1478 2235 1517 2273 in
1528 2233 1680 2275 <Dianio
1701 2237 1826 2277 erudi-

95 2296 220 2328 torum
251 2287 421 2328 Parifino
444 2321 454 2336 ,
484 2300 563 2328 tum
597 2301 664 2340 per
687 2286 926 2327 Mamurium
948 2285 1205 2326 Helveficum
1227 2288 1407 2328 recenseri
1430 2291 1584 2330 curavit.
1638 2291 1731 2345 Ejus
1751 2293 1824 2346 pri—

94 2356 157 2383 ma
177 2346 215 2382 &
237 2344 371 2397 potior
389 2356 473 2396 pars
493 2343 545 2382 est
567 2341 737 2382 Historia
760 2340 916 2380 Codicis
941 2340 1071 2390 Baſso}
1085 2342 1156 2393 risis
1179 2344 1472 2393 Mon[folconii.

146 2398 249 2438 Dico
271 2428 282 2446 ,
321 2399 476 2448 Ifi’lium
516 2410 655 2438 temere
697 2395 934 2444 asseverasse,
979 2396 1151 2436 Codices
1179 2397 1398 2438 Basilienses
1426 2413 1451 2436 a
1478 2402 1625 2439 nemine
1657 2400 1825 2442 antehac

95 2465 181 2492 cum
203 2452 320 2492 editis
336 2452 408 2505 effe
430 2451 601 2493 collatos.
631 2449 850 2503 Qiomodo
873 2450 912 2489 id
934 2451 1109 2491 excusat?
1125 2452 1296 2507 Ecquis,
1327 2455 1495 2504 obsecro,
1517 2456 1663 2508 inquit,
1693 2457 1756 2497 lis
1777 2471 1824 2497 ex

95 2507 228 2548 verbis
247 2520 321 2548 non
341 2506 532 2560 intelligit
544 2534 555 2551 ,
567 2506 674 2545 nulla
690 2520 747 2545 me
762 2514 845 2544 tum
854 2504 899 2544 de
912 2520 951 2545 re
964 2505 1046 2547 alia
1059 2507 1237 2560 cogitasse
1248 2539 1258 2557 ,
1280 2522 1394 2563 quam
1418 2509 1463 2549 de
1485 2510 1690 2551 collatione
1701 2510 1822 2553 MSS,

95 2561 277 2602 Codicum
306 2561 385 2605 IN
404 2561 620 2604 LUCEM
638 2560 972 2602 ‘PUBLICAM
997 2560 1522 2604 PROLATA?Atsilmc
1544 2566 1825 2618 cogitavitoeur

97 2631 181 2658 non
200 2617 345 2658 disertis
355 2617 476 2657 verbis
496 2616 691 2671 expressit,
720 2629 807 2656 cum
829 2616 941 2656 verba
952 2617 1266 2667 contractus‚ubi
1276 2619 1399 2671 agitur
1410 2619 1459 2659 de
1470 2623 1628 2672 pecunia
1640 2623 1826 2674 praesenti

97 2671 277 2712 solvenda
288 2687 359 2726 pro
376 2672 561 2712 mercibus
582 2669 964 2726 promissi8,debeant
985 2671 1058 2711 effe
1069 2671 1165 2711 clara
1185 2676 1223 2711 &
1243 2674 1558 2725 aperta?Dcinde
1579 2691 1625 2715 nii
1649 2679 1825 2728 omnino,

96 2741 182 2767 cum
202 2727 398 2781 epistolam
418 2726 611 2777 scriberet,
640 2737 745 2767 certo
766 2725 893 2773 scivit,
923 2726 1017 2766 nihil
1037 2741 1084 2767 ex
1106 2726 1319 2768 Codicibus
1341 2728 1410 2768 illis
1430 2729 1468 2769 in
1490 2731 1612 2771 lucem
1634 2733 1823 2772 nublicam

97 2781 286 2833 prolatum
313 2781 412 2823 este?
443 2783 508 2836 qui
539 2783 642 2823 enim
672 2780 850 2834 Hexapla
879 2780 1155 2821 Montfalconii
1173 2796 1255 2823 non
1276 2785 1408 2834 novit,
1437 2798 1518 2825 non
1549 2776 1698 2827 videtur
1732 2788 1827 2827 rnul-

98 2846 179 2876 tum
207 2836 318 2878 studii
348 2836 396 2877 ad
425 2837 651 2879 Versionem
673 2835 723 2876 V.
750 2836 801 2876 T.
840 2835 1029 2876 Graecam
1056 2837 1213 2890 ejusque
1241 2839 1361 2878 varias
1387 2838 1576 2881 editiones
1605 2841 1824 2883 adhibuisse.

99 2889 162 2929 De
181 2891 352 2932 Martino
372 2891 510 2936 Crufio
531 2891 758 2947 respondet,
773 2892 851 2930 Cru
866 2905 924 2931 ms
946 2891 1175 2946 adfirmatfi’
1201 2907 1285 2933 eum
1305 2894 1478 2933 Codicem
1499 2895 1739 2945 δὶαναγνῶναιὲ
1770 2897 1828 2936 E-

99 2943 250 2997 quidem
268 2960 342 2986 non
359 2946 532 2998 inficior,
561 2948 631 2987 hoc
651 2948 763 2986 vocis
785 2947 904 2986 etiam
925 2946 972 2986 de
995 2947 1214 2987 collatione
1244 2946 1292 2993 ὅγ’
1326 2951 1417 2989 Var.
1449 2949 1562 2992 Lecr.
1594 2966 1613 2989 c
1636 2952 1730 2991 libro
1753 2952 1827 2991 ali-

99 3011 173 3051 quo
191 3003 382 3052 excerptis
396 3002 498 3056 poffe
513 3004 661 3057 accipi,
691 3002 878 3056 quamvis
895 3003 956 3041 ita
977 3002 1062 3053 usos
1085 3002 1153 3055 effe
1181 3003 1353 3042 Criticos
1374 3009 1610 3045 recentiores
1630 3006 1739 3046 haud
1763 3007 1824 3051 fiz-

98 3052 172 3113 cile
197 3055 459 3108 accufiztorfit
471 3057 730 3110 probaturu53
758 3056 1008 3110 ,Quapropter
1038 3057 1159 3097 multo
1188 3058 1241 3110 cst
1255 3058 1426 3111 stmilius
1455 3074 1567 3111 vcro,
1596 3062 1759 3100 codicem
1779 3060 1828 3100 ab

97 3106 167 3147 dlo
186 3106 369 3151 collatum
389 3124 463 3152 non
471 3111 617 3166 fuiffe;
646 3109 693 3158 ἐπ’
713 3111 815 3153 hanc
834 3111 1093 3166 conjecJuram
1105 3112 1269 3165 firmat,
1289 3114 1393 3168 quod
1400 3114 1553 3167 Crustas
1571 3117 1650 3169 ipse
1670 3124 1827 3155 tantum

1008 3179 1027 3219 3
1723 3170 1829 3223 scri-
