1976 3519
128 243 205 272 102
543 224 1538 268 PROLEGOMENA.

127 318 270 359 clesiae.
300 314 409 357 Haec
429 326 508 369 quo
527 313 790 355 vehementius
809 325 1010 369 exaggerat
1032 314 1166 363 Sutor,
1197 313 1273 353 hoc
1304 313 1342 352 in
1372 311 1493 365 majus
1514 307 1720 365 periculum
1750 324 1863 354 vocat

128 372 356 420 Ecclesiam,
386 376 505 424 quum
525 370 653 423 negari
674 383 754 409 non
775 368 910 422 possit,
923 371 961 409 in
984 370 1054 409 hac
1067 369 1238 409 versione
1258 368 1331 408 6116
1349 366 1536 421 quaedam
1557 367 1758 407 oscitanter
1780 367 1864 408 red-⁶

130 428 236 477 dita,
266 425 453 481 quaedam
480 425 630 474 1611613,
660 438 757 478 quae
789 424 1052 478 Hieronymus
1076 434 1189 477 negat
1208 423 1282 463 esse
1306 436 1506 477 germanae
1527 422 1720 472 1661101113,
1751 436 1866 476 quae-

129 482 221 523 dam
243 481 444 536 publicitus
465 479 551 519 cani
568 479 719 534 legique
739 479 778 518 in
799 479 950 532 templis
969 479 1093 533 palam
1113 477 1342 531 depravata,
1369 476 1694 531 quemadmodum
1714 476 1865 517 abunde

130 537 413 579 declaravimus.
443 534 612 575 Proinde
633 534 726 574 dum
745 533 812 573 ista
832 533 962 574 scdulo
983 533 1235 574 debacchatur
1265 533 1397 581 Sutor,
1430 543 1574 585 pugnat
1604 530 1780 571 adversus
1801 546 1866 572 au-

130 593 325 634 toritatem
346 589 560 644 Scripturae
580 592 617 627 8(
637 589 754 628 totius
777 588 974 629 Ecclesiae.
1006 589 1132 630 Veluti
1154 588 1180 628 fi
1203 588 1287 641 quis
1307 586 1525 627 asseveraret
1547 599 1674 640 regem
1693 601 1772 625 non
1790 586 1866 626 esse

131 662 285 703 regern,
314 646 374 687 cui
395 646 600 700 quicquam
618 643 749 684 inesset
767 645 878 684 naevi
898 644 937 683 in
960 656 1064 693 cute,
1093 656 1212 696 quum
1235 642 1421 682 constaret
1443 642 1585 694 regium
1615 655 1753 693 corpus
1784 655 1865 680 non

131 717 267 744 vacare
297 716 444 746 naev0‚
473 701 504 740 is
533 713 613 739 non
645 710 810 739 tueretur
839 699 980 754 regiam
1001 699 1250 753 dignitatem,
1281 696 1344 736 sed
1362 710 1446 736 eam
1465 697 1504 735 in
1526 696 1733 749 periculum
1754 708 1866 735 voca-

132 771 200 800 ret.
232 756 388 799 Etiamsi
409 756 544 803 naevi,
571 754 620 794 de
640 754 775 807 quibus
795 767 868 793 nos
887 755 1055 808 agimus,
1086 754 1205 806 magis
1235 751 1306 791 11111
1333 753 1372 790 111
1400 751 1502 791 veste
1532 751 1747 804 Scripturae
1768 750 1867 790 divi-

135 828 208 854 nae
221 845 232 864 ,
255 826 369 867 quam
392 812 430 850 in
451 823 622 863 corpore.
652 809 691 848 Si
713 808 825 848 Sutor
846 807 885 848 id
905 809 1089 862 praestare
1111 807 1233 861 posset
1246 841 1255 856 ,
1285 806 1390 860 quod
1413 806 1594 855 affirmat,
1611 807 1710 845 16616
1730 804 1868 846 consu-

136 870 254 919 leret,
284 880 402 921 quum
428 866 560 913 nobis,
584 875 664 904 tum
695 863 908 916 Scripturae
939 864 1070 903 sacrae.
1120 862 1242 902 Nunc
1264 861 1329 901 suo
1357 861 1469 901 stulto
1492 860 1706 914 patrocinio
1734 871 1868 914 gravat

132 924 367 977 Scripturam
399 933 572 960 arcanam
594 949 605 968 ‚
636 921 676 957 &
701 918 740 958 in
772 918 956 973 augustias
985 917 1185 965 detrudit,
1215 916 1317 957 unde
1349 930 1428 955 non
1459 916 1584 968 potest
1612 927 1696 956 eam
1723 928 1865 955 eruere.

131 980 256 1021 Porro
276 977 426 1031 quoties
445 974 556 1014 nobis
574 986 631 1014 res
649 972 703 1012 est
722 987 809 1013 cum
832 974 1027 1014 haereticis
1049 985 1113 1013 aut
1133 972 1355 1026 allophylis,
1386 984 1466 1010 non
1497 969 1658 1010 multum
1686 969 1740 1010 est
1773 983 1868 1009 con-

134 1032 338 1076 troversiae
357 1030 610 1079 116166110116,
641 1042 738 1082 quae
758 1027 835 1068 fere
852 1029 1055 1077 convenit,
1085 1039 1148 1068 aut
1181 1027 1207 1067 si
1231 1026 1325 1081 quid
1351 1025 1564 1077 discrepat,
1597 1038 1676 1065 non
1703 1024 1866 1065 multum

133 1088 225 1129 facit
254 1086 305 1126 ad
334 1085 531 1126 vietoriam
553 1115 565 1134 ,
600 1083 721 1138 qualis
750 1082 978 1124 dissonantia
1006 1083 1239 1136 comperitur
1272 1085 1311 1120 δε
1343 1080 1546 1134 negligitur
1572 1080 1610 1119 in
1643 1078 1874 1133 diplomatis

133 1142 370 1185 Pontificum
391 1140 442 1180 de
462 1140 570 1180 rebus
590 1139 705 1179 etiam
726 1137 874 1188 arduis,
905 1150 1094 1179 caeterum
1113 1137 1162 1178 de
1181 1137 1285 1178 sensu
1307 1148 1387 1177 tota
1409 1135 1462 1176 est
1482 1134 1717 1190 digladiatio.
1735 1135 1869 1188 Qiam

133 1200 270 1254 ingens
292 1211 383 1237 vero
404 1197 502 1236 inter
522 1205 756 1235 enarratores
777 1193 955 1234 varietas!
1191 1202 1192 1205 ’

189 1251 314 1306 Qiod
343 1251 369 1291 fi
400 1251 451 1291 ob
481 1249 653 1304 quamvis
681 1249 803 1289 levem
832 1249 1051 1289 varietatem
1081 1247 1230 1289 vacillat
1262 1258 1343 1288 tota
1363 1246 1555 1295 Ecclesia,
1583 1243 1786 1300 quomodo
1807 1255 1868 1286 tot

134 1311 245 1350 annis
276 1306 468 1356 constitit,
497 1318 615 1359 quum
646 1307 685 1343 &
712 1305 937 1344 Latinorum
968 1308 1005 1344 ὃ(
1026 1305 1263 1344 Graecorum
1293 1302 1457 1341 Ecclesia
1477 1302 1690 1354 sequeretur
1711 1300 1870 1353 Septua-

135 1366 242 1419 ginta
258 1361 544 1403 translationem
564 1375 587 1400 a
607 1359 733 1414 primo
753 1359 877 1399 statim
895 1359 1021 1399 Scriba
1041 1359 1237 1399 vitiatam?
1268 1357 1485 1411 Quomodo
1516 1355 1658 1396 deinde
1677 1355 1869 1404 constitit,

135 1432 256 1473 quum
286 1416 405 1457 hodie
434 1429 591 1470 quoque
619 1415 764 1455 varient
794 1413 921 1454 Latini
954 1414 1150 1463 Codices,
1177 1417 1216 1452 &
1237 1413 1283 1452 ab
1310 1424 1433 1452 aetate
1455 1411 1689 1464 Hieronymi
1714 1409 1870 1450 variasse

135 1473 329 1515 declarent
364 1472 609 1524 interpretes,
638 1468 796 1510 subinde
817 1470 976 1509 citantes
997 1468 1182 1510 diversam
1206 1467 1432 1521 166110116111,
1462 1479 1742 1520 nonnunquam
1772 1464 1872 1518 ejus-

134 1529 226 1570 dem
245 1528 321 1569 loci
338 1526 526 1580 triplicem
547 1536 612 1565 aut
631 1524 947 1578 quadruplicem?

195 1585 260 1624 An
281 1583 333 1623 ita
350 1581 507 1622 demum
526 1580 712 1621 constabit
732 1580 912 1620 autoritas
933 1579 1146 1633 Scripturae
1177 1577 1353 1627 divinae,
1384 1578 1412 1619 fi
1440 1576 1588 1619 fortiter
1621 1589 1803 1631 negemus
1831 1575 1873 1616 in

136 1639 241 1681 libris
260 1637 335 1679 esse
354 1637 560 1691 quicquam
579 1636 725 1676 varium
748 1646 811 1676 aut
828 1634 1080 1675 mendosum?
1111 1634 1221 1687 Quid
1242 1633 1444 1687 profuerit,
1473 1632 1499 1673 si
1520 1647 1578 1673 res
1597 1632 1676 1686 ipsa
1699 1644 1791 1671 mox
1819 1644 1875 1672 re-

136 1695 298 1748 darguat
316 1692 485 1732 nostram
504 1689 840 1730 asseverationem?
853 1689 976 1742 Qiod
999 1689 1025 1728 si
1049 1690 1212 1742 prodere
1232 1689 1449 1729 varietatem
1472 1700 1537 1729 aut
1557 1687 1874 1741 depravationem

137 1749 192 1790 est
210 1749 422 1789 subvertere
443 1744 648 1786 Ecclesiam
661 1777 672 1794 ,
694 1743 838 1783 faciunt
859 1744 935 1783 hoc
955 1757 1090 1783 omnes
1108 1745 1332 1796 interpretes
1352 1757 1471 1797 usque
1489 1742 1538 1782 ad
1551 1743 1762 1795 Hugonem
1778 1740 1876 1780 Car·

136 1803 315 1845 dinalem.
344 1801 454 1842 Fecit
485 1800 562 1840 hoc
586 1799 666 1853 jam
697 1797 848 1852 pridem
877 1799 1102 1839 Laurentius
1126 1796 1253 1846 Valla,
1282 1810 1353 1838 nec
1372 1797 1563 1838 vacillavit
1584 1796 1769 1845 Ecclesia3
1796 1795 1877 1837 Fa-

135 1860 242 1900 ciunt
272 1858 349 1898 hoc
381 1854 665 1897 Commentarii
695 1864 866 1894 veterum
890 1884 901 1903 ,
931 1853 1067 1908 Cyrilli
1088 1884 1099 1903 ,
1131 1852 1423 1908 Chrysostomi‚
1451 1851 1764 1906 Theophylaffi,
1792 1850 1876 1905 Cy-

137 1914 283 1969 priani,
313 1911 540 1966 Augustini,
572 1908 786 1957 Ambrosii,
816 1909 882 1962 qui
904 1907 1089 1948 diversam
1111 1908 1315 1961 sequuntur
1334 1907 1558 1947 lectionem:
1588 1906 1750 1946 Faciunt
1770 1905 1876 1946 idem

136 1970 248 2015 libri,
277 1968 344 2021 qui
372 1979 512 2020 magna
543 1978 630 2004 cura
660 1963 853 2003 servantur
884 1964 922 2002 in
944 1963 1103 2016 publicis
1123 1962 1385 2011 bibliothecis,
1413 1960 1657 2002 ostendentes
1679 1961 1791 2002 nobis
1810 1961 1877 2002 tri-

139 2025 228 2079 plex
254 2021 497 2070 Psalterium,
528 2022 567 2058 &
596 2029 797 2072 utramque
819 2017 1109 2058 translationem
1129 2031 1151 2057 6
1169 2017 1416 2071 Septuaginta
1435 2020 1475 2056 δε
1494 2031 1541 2057 ex
1565 2017 1757 2057 Hebraica
1782 2016 1877 2056 veri—

138 2091 228 2121 tate.
260 2077 372 2118 Haec
401 2075 532 2116 omnia
561 2084 668 2114 erant
698 2071 906 2123 abolenda,
935 2087 983 2113 ne
1003 2073 1087 2126 quis
1109 2071 1230 2126 posset
1252 2072 1400 2121 dicere,
1431 2070 1525 2125 quid
1547 2085 1695 2112 mecum
1724 2071 1804 2126 agis
1832 2083 1878 2111 ex

138 2134 340 2176 autoritate
364 2130 600 2183 Scripturae,
630 2142 727 2183 quae
747 2128 897 2169 vacillat
917 2142 987 2168 1166
1009 2128 1075 2167 sibi
1095 2127 1269 2167 constat?
1300 2128 1479 2180 Denique
1499 2140 1564 2166 cur
1589 2127 1730 2180 patitur
1750 2125 1882 2166 Eccle-

140 2190 193 2231 sla
213 2187 336 2229 Vetus
355 2185 645 2227 Testamentum
669 2183 859 2223 Hebraica
889 2182 1114 2237 Graecaque
1146 2181 1279 2237 lingua
1309 2182 1478 2227 excudi,
1508 2182 1672 2222 Novum
1703 2182 1880 2221 Graeca?

139 2244 253 2285 Haec
281 2242 385 2283 enim
412 2254 493 2280 non
521 2239 642 2280 solum
673 2249 837 2294 arguunt
867 2238 1086 2278 varietatem
1114 2237 1312 2281 1661101113,
1342 2250 1475 2277 verum
1508 2236 1624 2276 etiam
1646 2235 1818 2277 indicant
1839 2236 1880 2275 in

141 2299 200 2341 N.
228 2298 281 2339 T.
311 2295 520 2344 duntaxat,
550 2293 624 2335 6116
645 2293 748 2346 apud
766 2307 839 2333 nos
859 2292 1112 2334 Soloecismos
1131 2290 1432 2342 absurdissimos,
1461 2291 1636 2345 ambigue
1656 2318 1668 2337 ‚
1695 2291 1878 2341 obscure,

143 2369 189 2395 ac
210 2352 388 2408 perplexe
408 2348 738 2403 reddita,aliaque
759 2347 1028 2397 incommoda,
1043 2361 1138 2400 quae
1158 2347 1198 2386 in
1217 2347 1334 2387 literis
1355 2345 1585 2400 Apostolicis
1605 2359 1687 2386 non
1710 2345 1883 2396 fuerant,

144 2409 210 2450 sed
231 2423 253 2449 a
271 2406 383 2448 nobis
402 2404 559 2446 1111111613
579 2404 672 2445 sunt.
717 2404 829 2456 Quin
850 2406 890 2442 ὃς
911 2403 970 2443 M.
991 2402 1142 2443 Tullius
1160 2414 1239 2442 erat
1260 2401 1491 2451 abolendus,
1521 2414 1570 2442 ne
1589 2402 1650 2441 cui
1666 2414 1711 2441 ex
1731 2400 1877 2456 gustata

144 2464 259 2517 hujus
288 2462 459 2502 1116110116
487 2470 565 2500 tam
594 2457 763 2513 expolita
794 2457 981 2499 sordescat
1002 2457 1164 2498 incultus
1187 2456 1309 2498 sermo
1330 2456 1505 2510 vulgatae
1536 2456 1802 2496 translationis.
1832 2455 1883 2495 Et

146 2519 242 2559 haec
262 2517 317 2558 est
337 2516 399 2557 illa
430 2514 628 2556 horrenda
648 2513 765 2555 totius
784 2512 972 2554 Ecclesiae
993 2512 1184 2553 calamitas
1202 2543 1214 2563 ,
1240 2525 1356 2567 quam
1386 2510 1549 2552 somniat
1576 2511 1692 2552 Sutor
1716 2511 1883 2552 exoritu-

148 2587 231 2614 ram
248 2586 295 2613 ex
317 2571 445 2612 nostra
465 2570 648 2611 versione.

205 2628 246 2669 Si
264 2627 379 2668 Sutor
399 2625 508 2667 simili
526 2625 693 2665 clamore
708 2623 831 2679 posset
853 2623 1023 2674 efficere,
1052 2636 1101 2664 ne
1122 2622 1217 2677 quid
1237 2621 1327 2663 esset
1355 2632 1576 2675 corruptum
1610 2631 1674 2662 aut
1703 2619 1885 2661 submissi-

150 2685 272 2732 tium,
302 2692 365 2722 aut
388 2679 760 2735 pseudepigraphum
788 2679 828 2719 in
855 2691 1026 2720 veterum
1052 2678 1358 2719 orthodoxorum
1387 2677 1646 2717 monumentis
1667 2706 1679 2725 ,
1708 2687 1884 2729 optarem

151 2739 206 2780 illi
222 2738 462 2778 Stentoream
482 2749 640 2785 vocem,
669 2735 840 2775 hortarer
857 2765 869 2785 ‚
897 2745 939 2775 ut
964 2747 1079 2788 quam
1101 2733 1222 2787 posset
1240 2731 1435 2772 clarissime
1455 2730 1733 2771 vociferaretur.
1760 2730 1884 2771 Nunc

153 2806 274 2848 quum
295 2791 354 2832 isti
372 2791 554 2832 clamores
575 2790 715 2831 nullam
736 2802 879 2842 partem
898 2789 987 2829 mali
1008 2788 1164 2838 tollant,
1195 2787 1287 2827 illud
1308 2787 1435 2840 potius
1449 2785 1662 2839 agendum,
1691 2797 1732 2825 ut
1750 2799 1884 2838 quam-

151 2860 238 2889 ·tum
263 2847 352 2888 licet
372 2846 609 2900 corrigantur
627 2845 857 2898 depravata,
887 2847 928 2884 &
949 2843 1172 2885 adhibeatur
1193 2843 1341 2892 cautio,
1354 2855 1403 2882 ne
1421 2841 1530 2881 liceat
1550 2841 1590 2881 in
1609 2839 1801 2894 posterum
1819 2839 1887 2880 de-

157 2916 317 2957 pravare
335 2900 443 2955 quod
462 2901 607 2940 166111111
626 2900 691 2940 611.

214 2958 307 3011 Qia
328 2958 368 2996 in
389 2970 429 2997 re
449 2969 567 3009 quum
587 2970 608 2995 a
629 2954 740 2995 nobis
759 2954 941 2995 11361611113
960 2953 1132 2995 sudatum
1157 2953 1200 2993 fit
1218 2952 1347 2992 animo
1366 2951 1533 3000 sincero,
1565 2964 1707 3005 magno
1737 2948 1885 2996 studio,

159 3011 497 3066 comprobantibus
516 3009 738 3050 industriam
758 3009 923 3049 nostram
945 3008 1098 3049 summis
1117 3007 1387 3056 Pontificibus,
1416 3006 1686 3060 gratulantibus
1705 3005 1886 3054 eruditis,

160 3066 478 3122 applaudentibus
505 3068 545 3104 &
574 3063 841 3117 adjuvantibus
865 3063 1086 3117 Episcopis,
1119 3061 1420 3102 collaudantibus
1439 3064 1479 3099 &
1499 3060 1737 3115 Theologis,
1767 3059 1886 3112 idque

161 3137 243 3164 non
269 3122 411 3176 absque
440 3120 585 3169 11116111,
613 3118 682 3159 11111
711 3118 811 3158 forte
840 3119 1072 3159 mentiuntur
1100 3131 1256 3166 omnes,
1286 3117 1352 3170 qui
1380 3116 1476 3156 mihi
1506 3129 1573 3169 per
1592 3116 1717 3157 literas
1749 3115 1888 3169 gratias

155 3175 303 3235 agunt,
330 3175 439 3232 quod
457 3190 503 3218 ex
521 3176 617 3218 meis
636 3174 825 3216 laboribus
844 3172 1008 3215 frustum
1029 3173 1134 3215 haud
1153 3171 1386 3214 mediocrem
1407 3172 1599 3225 ceperint,
1627 3170 1806 3229 quorsum
1833 3180 1888 3208 at·

1624 3237 1627 3244 ’
1770 3233 1894 3265 tinent
