1976 3519
136 256 216 298 174
441 224 1509 278 .PROLEGOMENA.·

133 333 244 381 bros,
273 331 312 369 in
343 326 479 381 quibus
509 324 664 378 vulgato
697 322 849 362 Graeco
868 317 986 359 textui
1009 329 1088 356 non
1110 327 1195 354 raro
1214 312 1392 353 Latinam
1414 308 1666 360 Versionem,
1697 320 1759 351 aut
1782 311 1863 351 Co-

131 386 228 427 dicis
258 381 502 424 Alexandrini
523 380 745 420 LeE'cionem
759 407 770 424 ,
800 386 863 414 aut
884 373 964 413 suas
985 371 1220 423 conjecturas
1241 366 1415 419 praefert.

190 453 224 490 7.
254 442 320 479 ΑΟ.
356 442 474 487 1672.
506 433 706 487 Johannes
732 428 944 472 Sanbertus
966 423 1196 466 Helmstadii
1215 421 1338 462 edidit
1357 421 1397 460 in
1417 431 1557 473 quarto
1575 421 1622 458 V.
1645 419 1691 458 L.
1715 419 1863 461 Textus

135 495 277 536 Graeci
310 491 508 545 Evangelii
537 489 573 529 S.
604 485 818 532 Matthaei,
846 497 890 523 ex
921 481 1092 535 plurimis
1123 475 1306 530 impreffis
1340 489 1385 515 ac
1402 474 1516 515 MSS.
1548 473 1761 513 Codicibus
1788 474 1867 514 col-

136 552 250 591 leistas
262 580 273 599 ‚
302 552 341 588 &
362 560 449 587 cum
473 542 720 587 Versionibus
739 553 808 579 nec
821 552 898 578 non
911 550 999 577 cum
1010 536 1164 575 Patrum
1177 534 1415 572 Graecorum
1427 529 1731 581 Latinorumque
1745 528 1866 568 Com-

136 604 331 646 mentariis
349 602 513 642 collatas.
570 598 688 638 Hunc
709 594 843 634 librum
866 591 1058 632 Simonius
1079 599 1226 640 praeter
1238 585 1338 626 suam
1358 583 1674 624 consuetudinem
1697 582 1868 624 laudibus

139 660 329 708 cumulat,
359 656 461 697 unde
483 670 505 694 a
525 653 654 694 Millio
675 650 822 690 summo
846 646 970 687 studio
991 643 1055 685 sed
1080 642 1212 683 frustra
1233 639 1419 694 quaesitus
1439 638 1520 678 fuit.
1570 639 1722 678 Revera
1742 651 1868 678 autem

139 715 235 755 nihil
267 713 441 754 continet
477 720 623 764 praeter
655 705 703 745 V.
735 705 776 744 L.
805 703 844 742 in
874 699 1104 754 Polyglottis
1134 701 1172 736 &
1202 710 1223 735 a
1246 694 1471 735 Curcellaeo
1490 694 1568 747 jam
1587 693 1729 733 editas:
1760 691 1869 732 addit

141 770 299 825 quidem
322 769 406 808 MS.
435 764 627 807 Raviani,
660 758 852 800 Editionis
872 754 1085 811 Brylingeri
1106 756 1144 791 &
1165 749 1356 791 Matthaei
1378 749 1583 797 Hebraici,
1613 749 1705 787 item
1717 747 1868 788 Versio-

142 826 201 866 nis
232 823 388 865 Lutheri
418 833 533 874 atque
567 814 845 857 Moscoviticae
876 811 927 852 V.
956 810 1022 858 L.,
1053 806 1117 847 sed
1148 806 1238 845 istae
1265 817 1400 844 omnes
1417 802 1468 842 ad
1489 816 1616 844 veram
1639 803 1866 842 Lce'tionem

143 878 378 921 afferendam
408 877 472 916 vix
498 873 606 914 ullius
638 867 834 910 habendae
856 865 939 906 sunt
960 862 1163 918 ponderis:
1194 861 1232 899 in
1256 871 1426 899 extremo
1446 858 1542 898 libro
1559 888 1570 907 ,
1600 856 1708 911 quod
1729 858 1869 909 praeci-

143 949 262 989 puum
291 945 392 981 erat,
421 928 561 983 adjecit
584 925 633 966 V.
665 924 707 964 L.
734 937 780 963 ex
804 922 890 962 MS.
923 918 1077 959 Codice
1101 914 1331 956 Academiae
1347 913 1470 967 Juliae
1494 926 1564 952 nec
1584 901 1666 952 non
1686 911 1869 952 Editione

145 988 454 1031 Commeliniana
470 983 534 1037 J0.
559 977 828 1033 Chrysostomi
851 972 1158 1016 Homiliarumin
1170 969 1433 1010 Matthaeum:
1460 966 1650 1007 Codicem
1662 966 1771 1006 istum
1782 967 1869 1007 MS.

145 1047 239 1086 dicit
265 1042 338 1085 effi:
366 1036 661 1093 antiquissimum
684 1064 694 1084 ,
727 1032 917 1084 literisque
937 1027 1144 1070 uncialibus
1173 1025 1249 1065 sine
1276 1037 1416 1063 vocum
1446 1022 1690 1062 distinetione
1720 1035 1763 1061 ac
1793 1020 1872 1062 sine

145 1101 343 1155 spirituum
372 1103 670 1144 accentuumque
702 1088 804 1129 notis
832 1087 873 1126 in
901 1083 1119 1126 membrana
1153 1079 1383 1133 descriptum
1403 1109 1415 1130 ,
1446 1077 1582 1131 majori
1611 1088 1739 1117 tamen
1762 1088 1871 1130 parte

147 1155 372 1199 mutilatum.

203 1213 236 1251 8.
271 1213 335 1252 ΑΟ.
373 1211 493 1260 1675.
524 1205 702 1259 Joannes
733 1199 825 1242 Fell
853 1200 1033 1241 Decanus
1061 1194 1176 1238 AEdis
1209 1191 1356 1234 Christi
1383 1189 1554 1238 Oxonii,
1584 1192 1623 1228 δε
1650 1187 1764 1242 paulo
1786 1186 1872 1240 post

148 1267 198 1309 ad
228 1265 502 1320 Episcopatum
527 1259 698 1315 ejusdem
729 1257 829 1298 urbis
847 1255 1022 1303 evectus,
1051 1251 1174 1292 edidit
1195 1248 1254 1289 N.
1285 1246 1328 1289 T.
1360 1245 1407 1290 ἐν
1433 1247 1480 1286 V.
1513 1244 1564 1284 L.
1593 1257 1641 1282 ex
1658 1241 1751 1296 plus
1777 1255 1866 1283 100.

149 1323 273 1364 MSS.
303 1317 507 1360 Codicibus
538 1315 585 1361 ἄν
615 1314 794 1367 antiquis
820 1307 1058 1360 Verfionibus
1080 1304 1280 1345 colleeias:
1309 1313 1350 1343 ut
1372 1301 1500 1341 titulus
1520 1312 1600 1339 non
1623 1297 1798 1352 apposito
1819 1298 1872 1337 E-

150 1379 285 1422 ditoris
304 1375 461 1417 nomine
482 1372 646 1413 testatur.
701 1365 891 1410 Praefatio
911 1365 962 1404 ita
983 1361 1137 1415 incipit:
1188 1390 1214 1410 „
1242 1357 1334 1399 Dici
1355 1356 1417 1397 vix
1437 1354 1562 1410 potest
1576 1381 1587 1399 ,
1619 1363 1780 1407 quantas
1799 1363 1873 1392 tra-

149 1467 175 1488 „
204 1433 361 1490 goedias
390 1427 656 1474 excitaverint,
685 1423 761 1464 hoc
780 1420 996 1475 praesertim
1019 1416 1164 1465 seculo,
1204 1413 1403 1466 scriptores
1424 1408 1599 1451 nonnulli
1620 1421 1816 1461 perperam
1837 1421 1876 1447 e-

150 1523 176 1544 ,‚
208 1488 397 1537 ruditi‚&
418 1483 582 1539 partium
605 1479 736 1520 studiis
757 1480 796 1517 in
814 1472 1065 1516 transversum
1085 1468 1242 1518 asti‚de
1262 1467 1309 1506 V.
1340 1466 1497 1507 subinde
1525 1464 1561 1504 S.
1574 1464 1663 1503 S.L.
1676 1461 1875 1503 Nimirum

150 1578 176 1598 ,‚
209 1546 454 1587 criminantur
474 1570 485 1589 ‚
526 1537 596 1577 illis
628 1533 757 1575 deberi
780 1557 791 1577 ,
829 1528 939 1584 quod
970 1526 1067 1567 nihil
1086 1525 1178 1565 certi
1196 1535 1260 1563 aut
1279 1521 1411 1562 finceri
1433 1522 1472 1560 in
1492 1518 1624 1559 Bibliis
1644 1516 1818 1571 superfit,
1848 1516 1875 1557 si

152 1634 178 1654 „
207 1599 364 1656 quidem
396 1593 580 1648 temporis
610 1588 736 1644 lapsu,
765 1585 1042 1626 haereticorum
1072 1579 1287 1627 fraudibus,
1320 1580 1358 1616 δε
1388 1575 1623 1616 librariorum
1655 1572 1792 1625 injuria
1824 1572 1877 1611 ita

153 1687 181 1708 „
211 1663 473 1708 comparatum
495 1676 506 1694 ‚
544 1657 586 1687 ut
613 1644 734 1685 notha
763 1645 802 1680 &
830 1638 1013 1693 rejestitia
1042 1633 1277 1688 irrepserint,
1307 1645 1404 1685 quae
1436 1630 1606 1671 TeXtum
1630 1627 1751 1681 ipsum
1774 1626 1877 1667 mole

209 1719 442 1762 exaequant,
474 1707 513 1742 ὃ(
541 1702 622 1754 jam
653 1698 764 1738 novis
787 1694 948 1735 oraculis
978 1691 1160 1731 divinitus
1192 1685 1306 1728 miffis
1337 1699 1434 1739 opus
1460 1684 1653 1732 videatur,
1684 1694 1748 1731 ut,
1777 1695 1876 1735 quae

153 1800 180 1820 ‚‚
209 1764 337 1819 reapse
368 1759 507 1801 fuerint
537 1755 669 1796 divina
701 1749 869 1793 oracula,
898 1744 1182 1801 cognoscamus.
1211 1764 1276 1773 ---
1305 1741 1410 1780 Cum
1437 1753 1529 1779 vero
1563 1737 1740 1778 attentius
1759 1750 1804 1776 ea
1823 1751 1880 1776 re-

153 1852 181 1876 „
209 1817 544 1876 cognosceremus,
573 1809 686 1864 plane
707 1803 952 1858 comparebat
980 1824 1043 1833 -·--
1071 1799 1169 1839 adeo
1189 1795 1388 1838 liberaliter
1407 1809 1428 1834 a
1448 1795 1536 1834 Deo
1559 1793 1611 1833 O.
1644 1792 1799 1832 M.cum
1809 1791 1880 1831 hu-

210 1889 327 1917 mano
347 1883 484 1927 genere
504 1867 651 1913 aetum,
680 1873 722 1903 ut
740 1857 940 1902 necessaria
959 1869 1131 1911 quaeque
1144 1885 1155 1903 ,
1186 1856 1225 1892 &
1245 1850 1294 1891 ad
1317 1850 1440 1890 salutis
1459 1848 1639 1889 summam
1651 1846 1825 1887 facientia
1837 1847 1879 1886 in

155 1966 182 1988 ,‚
211 1933 247 1973 S.
277 1928 392 1970 literis
414 1923 558 1977 saepius
577 1927 834 1973 repeterentur
848 1934 859 1959 ς
874 1915 925 1954 ita
944 1923 986 1952 ut
1007 1911 1033 1951 fi
1056 1910 1154 1950 forte
1175 1906 1373 1961 quidpiam
1392 1904 1514 1944 minus
1536 1901 1741 1943 commode
1765 1902 1878 1941 alicu-

156 2019 182 2040 „
211 1987 251 2028 bi
271 1979 502 2037 expressum,
532 1975 573 2016 id
592 1973 776 2014 damnum
796 1967 948 2009 aliunde
969 1964 1131 2019 reparari
1153 1961 1277 2016 poss'it.
1330 1959 1439 2013 Quin
1470 1959 1548 1998 imo
1569 1951 1811 2010 providentia
1823 1955 1882 1996 di-

215 2043 305 2083 vina
335 2039 387 2079 ita
416 2033 574 2075 feliciter
603 2026 865 2081 invigilatum,
893 2034 934 2063 ut
963 2022 1002 2062 in
1022 2030 1152 2064 tanta,
1184 2030 1280 2070 quae
1302 2014 1530 2070 praefertur,
1562 2013 1789 2052 Lestionum
1815 2025 1882 2050 va-

214 2098 344 2138 rietate
372 2091 432 2133 vix
463 2100 559 2130 unus
588 2092 760 2125 occurrat
788 2080 893 2120 locus
923 2076 971 2117 fic
1000 2075 1166 2120 luxatus‚
1196 2075 1235 2111 &
1257 2070 1352 2110 male
1373 2069 1542 2117 habitus,
1573 2081 1614 2107 ut
1637 2067 1746 2107 alicui
1774 2065 1883 2106 Fidei

158 2187 185 2208 ,‚
213 2148 370 2193 articulo
399 2143 521 2186 fraudi
545 2141 588 2182 sit
611 2139 766 2181 futurus.
823 2131 947 2174 Unde
968 2130 995 2171 si
1017 2129 1114 2170 forte
1136 2127 1331 2168 Textuum
1351 2122 1521 2164 leviffimi
1540 2123 1727 2162 momenti
1747 2120 1884 2161 discre-

176 2242 186 2261 ,
214 2205 366 2263 pantiae
386 2197 598 2252 scrupulum
619 2193 754 2235 animis
774 2187 970 2243 injecerint
983 2213 994 2232 ‚
1023 2185 1089 2239 qui
1108 2183 1259 2223 interim
1281 2191 1532 2220 contemnunt
1553 2177 1658 2226 illos,
1688 2176 1753 2230 qui
1774 2188 1879 2216 extra

158 2244 171 2264 ³
219 2272 376 2304 omnem
406 2250 683 2297 controversiae
713 2247 832 2286 aleam
861 2240 1096 2283 sacratiffima
1129 2238 1205 2278 Dei
1237 2236 1289 2276 O.
1319 2235 1378 2276 M.
1408 2245 1608 2287 praecepta
1635 2231 1861 2286 consignant
1871 2261 1885 2281 ,

215 2314 416 2359 manifesto
443 2306 659 2363 apparebit,
689 2302 766 2343 hoc
801 2313 881 2340 non
912 2313 933 2337 a
954 2294 1141 2351 pendulae
1161 2292 1298 2333 mentis
1318 2288 1610 2338 incertitudine,
1641 2287 1704 2326 sed
1736 2285 1890 2340 profani

177 2408 188 2428 ,
217 2370 335 2415 animi
355 2365 590 2421 malignitate
612 2364 649 2400 ὃ(
670 2355 923 2398 obstinatione
947 2349 1157 2406 provenire.
1188 2357 1261 2378 ----‘
1280 2345 1436 2398 Insuper
1458 2343 1484 2384 si
1505 2344 1589 2397 quis
1620 2342 1741 2382 secum
1764 2340 1887 2394 pensi-

161 2409 189 2483 ζ,
216 2427 373 2475 ta'verit,
403 2421 461 2463 N.
489 2418 540 2459 T.
569 2429 657 2471 prae
676 2411 852 2454 omnibus
873 2408 949 2449 fere
970 2406 1072 2447 libris
1096 2401 1300 2456 saepissime
1318 2399 1546 2452 descriptum
1569 2396 1698 2443 fuiffie,
1728 2399 1766 2435 &
1780 2410 1887 2436 men-

162 2520 188 2540 „
216 2485 307 2533 das,
337 2492 434 2535 quae
457 2478 498 2517 in
517 2469 709 2524 exemplar
727 2463 882 2520 aliquod
904 2462 1001 2503 forte
1022 2458 1266 2513 irrepserant,
1297 2455 1479 2510 religione
1499 2452 1664 2507 quadam
1697 2450 1827 2504 (quod
1850 2465 1889 2490 a-

219 2539 286 2580 libi
308 2549 389 2577 non
411 2528 580 2581 obtinet)
604 2535 766 2566 retentas
786 2525 825 2561 &
845 2528 1095 2574 propagatas;
1126 2512 1225 2553 adeo
1245 2512 1361 2565 longe
1379 2509 1498 2550 aberit
1511 2539 1522 2558 ,
1552 2520 1592 2548 ut
1613 2505 1802 2555 causetur,
1830 2517 1890 2546 tot

164 2575 192 2649 ’ζ
226 2585 569 2648 sphalmata,mille
593 2588 630 2623 ὃ(
651 2579 976 2632 septingentorum
996 2583 1184 2611 annorum
1203 2566 1358 2607 decursu
1378 2564 1586 2610 cumulata·‚
1607 2573 1648 2602 ut
1671 2561 1798 2613 potius
1819 2561 1890 2600 mi-

165 2630 178 2700 :
221 2649 294 2691 rari
312 2660 379 2700 par
400 2644 466 2693 sit,
497 2652 575 2681 tam
596 2649 714 2692 pauca
735 2632 862 2672 saltem
887 2627 1041 2680 alicujus
1059 2623 1245 2665 momenti
1267 2618 1516 2661 intervenisse.
1571 2616 1791 2657 Praesertim
1803 2629 1890 2656 cum

167 2684 194 2760 ,ἰ
221 2720 244 2746 e
263 2703 379 2755 vulgo
398 2695 612 2752 quibusvis,
650 2689 796 2731 calamo
814 2685 953 2739 pariter
973 2685 1012 2722 ὅτ
1033 2693 1147 2721 manu
1168 2676 1359 2732 profanis,
1397 2673 1614 2728 permissum
1646 2671 1758 2712 fuerit
1790 2670 1889 2710 sacra

167 2794 195 2815 ,‚
224 2760 292 2801 ista
312 2755 482 2797 trastare.
1211 2789 1216 2795 ¹
1532 2783 1539 2789 ι
1664 2781 1670 2787 .

225 2846 252 2865 ‚,
281 2812 387 2852 Cum
413 2821 506 2861 ergo
533 2803 646 2845 Novi
678 2797 857 2839 Foederis
882 2793 1104 2836 Editionem
1127 2789 1367 2835 moliremur,
1395 2795 1567 2838 atquem
1590 2793 1693 2821 votis
1711 2779 1821 2830 esset,
1849 2790 1892 2820 ut

169 2900 195 2924 ‚,
223 2866 433 2923 legentium
460 2868 773 2914 quorumcunque
804 2851 926 2892 usibus
952 2845 1197 2902 responderet
1214 2875 1226 2893 ,
1267 2845 1305 2881 &
1334 2839 1526 2893 speciatim
1555 2837 1730 2885 illorum,
1760 2836 1825 2889 qui
1854 2835 1890 2875 S.

168 2958 196 2979 „
223 2925 372 2965 Textus
391 2916 631 2958 autoritatem
651 2910 796 2950 elevare
816 2907 1007 2953 nituntur,
1036 2896 1322 2954 objeffiunculis
1336 2893 1550 2942 satisfieret,
1565 2891 1756 2932 statuimus
1775 2890 1889 2930 MSS.

188 3013 199 3033 ,
228 2976 421 3019 Codices,
442 2979 634 3025 quotquot
650 2963 778 3005 haberi
799 2971 973 3015 poterant
987 2957 1207 3010 ,diligenter
1228 2948 1515 3006 recognoscere,
1531 2951 1590 2996 &‚
1603 2947 1809 2986 amicorum
1819 2958 1895 2998 ope

167 3013 185 3088 ,³
222 3030 373 3074 aliunde
401 3024 595 3071 accersita,
619 3017 889 3071 exemplarium
919 3013 1007 3052 alibi
1037 3012 1210 3066 gentium
1247 3003 1558 3060 reperiendorum
1580 3001 1695 3041 fidem
1715 2999 1892 3053 exposce-

170 3068 197 3144 ,ἶ
227 3103 266 3129 re
279 3103 287 3127 z
300 3098 416 3141 porro
435 3079 639 3123 Versioncs
658 3085 800 3115 veteres
823 3069 1033 3110 Gothicam
1052 3070 1091 3105 δε
1109 3063 1318 3115 Copticam
1337 3061 1376 3100 in
1388 3057 1588 3099 subsidium
1599 3067 1725 3110 petere
1739 3082 1749 3100 ‚
1762 3058 1799 3094 &
1814 3066 1896 3094 tan-

169 3178 196 3201 „
225 3144 315 3186 dem
334 3138 465 3182 omnia
484 3132 655 3178 Leitoris
673 3127 792 3171 oculis
803 3138 876 3166 una
888 3137 973 3165 cum
983 3122 1113 3163 Textu
1124 3118 1206 3174 ipso
1217 3117 1405 3170 subjicere.
1428 3113 1662 3163 ¹Exhibemus
1674 3124 1766 3164 ergo
1778 3121 1895 3204 ,guae

1743 3195 1769 3216 υ
1838 3176 1896 3204 ω’·

152 1745 178 1765 2,

156 2076 184 2098 2>

156 2131 183 2153 ³)

158 2297 185 2319 25

160 2355 186 2372 >²
