1976 3519
111 209 161 245 62
495 199 1496 247 PROLEGOMENA.

109 304 188 346 que
213 299 375 332 aetatem
407 291 446 329 &
473 289 729 330 charasterem
757 287 954 340 descripsit
976 318 989 338 ,
1028 301 1099 328 nec
1129 286 1296 341 singulos
1329 286 1485 337 citavit,
1513 284 1578 327 sed
1607 286 1729 330 modo
1763 301 1863 346 quai·

112 358 222 396 tuor,
250 345 372 385 modo
401 345 512 390 οὲὶο,
544 344 665 384 modo
696 343 849 397 septem.
879 343 976 395 Qio
1007 341 1148 383 fastum
1170 354 1213 382 ut
1238 356 1309 382 nec
1330 341 1484 382 codices
1514 344 1702 396 reperiri,
1730 360 1858 400 neque

115 415 221 443 error
242 412 306 440 aut
328 399 428 440 fraus
447 399 576 452 detegi
595 398 756 452 possint:
788 412 862 450 qua
882 397 933 438 de
954 411 994 438 re
1012 398 1127 438 etiam
1148 397 1377 450 conquestus
1394 397 1449 437 est
1469 395 1675 439 simonius.
1717 401 1783 440 Ad
1806 403 1860 441 E-

109 456 215 510 phes
245 455 314 495 III.
350 468 381 493 1.
410 454 505 494 dicit
527 455 566 494 in
588 453 672 493 offo
702 454 778 493 hoc
798 452 853 492 est
875 452 915 492 in
935 453 1114 492 omnibus
1130 451 1327 492 codicibus
1345 452 1501 505 reperiri
1517 450 1584 491 τῶν
1603 451 1745 503 σιγῶν,
1759 470 1858 508 quae

111 522 240 551 tamen
263 510 378 551 leffio
398 523 584 563 nusquam
604 509 808 562 reperitur,
841 506 906 547 sed
927 505 995 546 τῶν
1015 505 1110 546 ἐθνῶν.
1164 506 1344 560 Denique
1372 517 1436 547 aut
1457 505 1704 548 vehementer
1724 508 1856 561 fallor,

111 577 176 606 aut
204 569 405 619 pleraeque
437 577 571 604 omnes
593 564 683 604 istae
708 564 913 603 Romanae
935 562 1118 603 leffiones
1142 575 1187 602 ex
1218 561 1390 601 editione
1412 561 1597 615 Stephani
1629 563 1739 603 tertia
1768 564 1854 606 sunt

111 621 336 668 translatae3
367 620 564 674 pauciores
584 631 708 659 autem
730 631 828 671 quae
849 616 940 657 hinc
958 617 1050 657 inde
1071 627 1276 657 occurrunt
1296 630 1342 656 ex
1363 617 1673 658 annotationibus
1695 619 1862 668 Erasmi,

111 677 163 717 T.
186 677 311 716 Bezae
335 678 373 715 &
395 675 520 715 Lucae
542 672 767 726 Brugensis,
798 671 896 712 forte
915 673 1029 713 etiam
1051 682 1107 711 ex,
1126 671 1282 711 Patrum
1303 670 1449 724 scriptis
1477 671 1563 712 sunt
1583 674 1724 726 petitae
1739 704 1750 722 ‚
1780 675 1859 717 vid.

111 731 164 772 ad
198 731 339 771 1.Cor.
370 729 482 771 XIII.
518 742 554 778 ς.
578 726 861 768 Testimonium
888 727 1121 767 contrarium
1144 725 1324 766 Graeculi
1349 726 1544 766 esurientis
1575 728 1671 767 nihil
1701 742 1856 776 moror,

112 787 181 841 qui
211 786 413 840 postquam
433 783 612 824 Pontifici
642 782 769 823 fumos
789 781 1039 830 vendidisset,
1069 779 1416 834 Archiepiscopatu
1448 781 1636 821 iconiensi
1670 784 1708 822 in
1744 786 1860 838 parti-

111 842 203 891 bus,
216 841 338 895 digno
357 854 497 894 operae
516 839 600 878 suae
619 837 810 891 praemio,
841 836 1007 877 donatus
1027 836 1091 876 est.
1115 836 1238 876 Porro
1259 835 1286 875 fi
1308 834 1490 877 Urbanus
1502 836 1682 878 Pontifex
1702 838 1854 891 plenam

112 894 231 937 fidem
261 896 392 936 habuit
423 892 673 948 CassyophilO,
702 906 769 932 cur
800 892 1044 932 collationem
1074 890 1155 943 ejus
1187 903 1268 930 non
1299 891 1444 931 curavit
1463 890 1551 939 edi,
1581 906 1646 931 cur
1670 893 1730 932 illa
1752 906 1858 935 totos

111 952 393 1006 quinquaginta
413 962 535 989 annos
557 947 716 1001 seposita
736 950 775 986 ὃς
797 947 968 1000 negle&a
985 946 1159 992 delituit,
1172 945 1299 986 donec
1317 946 1363 985 ab
1386 945 1545 986 homine
1558 946 1674 987 Gallo
1698 947 1771 1002 (de
1793 963 1859 990 cu-

107 1008 171 1061 jus
191 1006 267 1046 fide
288 1004 441 1045 consule
463 1004 638 1043 Caveum
658 1002 759 1043 Hist.
782 1002 857 1043 Lit.
878 1003 918 1041 in
940 1001 1146 1041 Methodio
1159 1004 1199 1040 &
1220 998 1522 1055 Amphilochio)
1543 1001 1794 1053 inveniretur,
1819 1008 1859 1044 &

111 1061 227 1102 carbo
248 1075 319 1115 pro
342 1059 518 1100 thesauro
538 1057 813 1098 ostentaretur?
844 1056 1024 1097 Diss‘entit
1045 1056 1109 1096 hic
1131 1071 1152 1096 a
1177 1055 1288 1096 nobis
1305 1054 1342 1109 J.
1371 1056 1421 1096 A.
1451 1054 1681 1109 Bengyhus,
1710 1058 1865 1100 ratione*

110 1128 239 1158 tamen
270 1129 352 1156 non
381 1114 466 1154 satis
487 1113 597 1154 firma
615 1112 717 1153 usus:
746 1143 771 1163 ‚,
792 1112 953 1162 Unum,
983 1112 1109 1165 inquit
1138 1110 1292 1151 Introd.
1322 1112 1364 1150 in
1385 1110 1508 1159 Cristn
1529 1109 1588 1149 N.
1611 1110 1654 1151 T.
1673 1125 1710 1164 p.
1731 1126 1870 1163 44o.‚³

112 1203 139 1223 ‚‚
166 1170 340 1211 dabimus
371 1169 608 1222 exemplum:
633 1167 697 1222 Jo.
725 1168 755 1208 I.
785 1178 854 1218 42.
882 1168 1045 1208 citantur
1067 1165 1346 1206 Barheriniani
1364 1164 1491 1205 decem
1510 1198 1521 1216 ‚
1551 1166 1616 1206 ubi
1636 1166 1853 1208 differentia

108 1258 137 1278 ‚‚
165 1225 310 1267 articuli
343 1224 551 1279 Vulgatum
580 1237 662 1263 non
690 1223 814 1278 tangit
834 1253 846 1272 ‚
875 1225 915 1261 &
942 1221 1128 1276 Stephani
1174 1234 1309 1275 margo
1358 1220 1469 1274 plane
1517 1233 1626 1261 vacat
1646 1223 1678 1262 ”.
1717 1222 1859 1264 Fateor

109 1281 297 1335 Stephani
324 1281 533 1335 marginem
558 1292 712 1328 vacare,
743 1289 781 1318 at
801 1276 878 1317 hoc
896 1276 980 1331 ipso
1002 1288 1230 1331 argumento
1254 1275 1516 1329 Caryophilus
1544 1275 1680 1316 duffius
1713 1279 1858 1330 putasle

108 1336 283 1385 videtur,
313 1335 405 1376 inde
438 1333 642 1387 consequi,
671 1332 856 1386 Stephani
885 1332 1057 1373 Codices
1089 1331 1217 1371 decem
1248 1331 1273 1371 i.
1308 1345 1340 1371 e.
1367 1344 1503 1371 omnes
1531 1330 1657 1385 legiss'e
1685 1328 1699 1369 ὅ
1730 1329 1860 1384 χρη-ὸς

109 1406 199 1432 cum
222 1390 403 1440 articulo,
432 1390 488 1430 uti
513 1390 554 1429 in
571 1389 702 1429 Textu
719 1387 866 1429 editum
894 1387 969 1428 est:
999 1398 1133 1427 contra
1162 1386 1376 1426 editionem
1397 1385 1714 1439 Complutensem
1745 1391 1784 1426 ὃς
1809 1389 1858 1428 Ε-

110 1447 244 1496 rasmi,
275 1460 372 1500 quae
401 1446 533 1499 legunt
563 1441 690 1495 χριεῖὸς
720 1442 797 1483 fine
822 1442 992 1483 articulo.
1033 1443 1099 1482 Lis
1129 1441 1224 1482 haec
1248 1455 1330 1481 non
1351 1441 1458 1481 aliter
1491 1455 1605 1494 quam
1635 1440 1724 1494 ipsis
1752 1443 1857 1484 libris

110 1503 266 1544 Romae
287 1501 452 1543 inventis
480 1503 519 1540 &
547 1498 766 1553 producitis,
795 1496 903 1552 quod
923 1509 1121 1551 nunquam
1143 1495 1261 1537 credo
1284 1495 1374 1546 fiet,
1403 1495 1498 1537 solvi
1523 1495 1659 1550 potest.

521 1610 590 1651 Dr:
621 1610 1062 1653 EvANGEmsrARus
1094 1607 1304 1649 GRAEcIS
1335 1606 1450 1650 MSS.

215 1722 300 1767 Um
328 1722 493 1776 primum
525 1718 644 1763 multa
676 1718 974 1776 Evangelistaria
1011 1719 1079 1761 A‘⁵.
1114 1732 1234 1772 1715.
1262 1716 1304 1760 in
1333 1714 1599 1761 Bibliothecae
1629 1719 1856 1762 Colbertina

109 1726 214 1835 C
243 1777 440 1827 vidissem‚
471 1776 584 1818 avide
603 1775 654 1816 ad
672 1775 734 1815 illa
751 1790 839 1817 cum
859 1775 974 1817 editis
994 1773 1231 1816 conferenda
1251 1788 1315 1815 me
1349 1774 1515 1825 accinxi,
1544 1775 1695 1828 sperans
1715 1790 1776 1817 me
1802 1778 1862 1816 in-

106 1848 311 1878 venturum
342 1833 583 1874 constantem
612 1834 652 1871 &
683 1830 834 1885 publice
870 1841 1062 1884 receptam
1082 1830 1124 1869 in
1154 1829 1322 1870 Ecclefia
1353 1829 1502 1869 Graeca
1531 1830 1756 1871 Lestionem
1779 1845 1788 1871 ε
1818 1841 1859 1872 at

108 1903 269 1933 eventus
296 1888 570 1942 exspectationi
602 1899 710 1926 meae
741 1899 823 1925 non
849 1884 1074 1939 respondit,
1103 1898 1193 1924 nam
1215 1883 1376 1938 &ipsos
1397 1885 1496 1925 inter
1515 1884 1573 1934 se,
1603 1897 1718 1939 atque
1738 1900 1761 1925 a
1789 1899 1874 1926 ηοω

108 1948 192 1988 stris
213 1943 459 1987 Editionibus
479 1955 560 1982 non
582 1951 668 1981 raro
690 1939 884 1981 diss‘entire
906 1939 1156 1993 deprehendi.
1188 1939 1282 1992 Ejus
1315 1940 1370 1979 rei
1399 1939 1647 1992 conspestum
1668 1941 1782 1986 Tibi,
1812 1941 1871 1982 B..

107 2003 177 2051 L.,
207 1999 441 2041 exhibiturus
471 1996 643 2037 Codices
666 1995 833 2049 primum
867 1993 1102 2041 describam,
1131 2007 1297 2048 quorum
1317 1993 1380 2034 sex
1400 1994 1559 2048 quidem
1579 1995 1724 2048 priores
1743 1995 1860 2037 literis

107 2055 316 2110 majoribus
333 2081 344 2100 ‚
374 2052 510 2105 reliqui
531 2062 659 2092 autem
678 2062 814 2090 omnes
833 2049 950 2090 literis
970 2049 1181 2089 minoribus
1208 2048 1336 2102 scripti
1355 2049 1451 2090 sunt.

167 2125 201 2152 1.
230 2108 372 2150 Codex
402 2105 817 2148 COLBERTINUS
839 2117 934 2157 700.
956 2104 1161 2145 continens
1181 2103 1543 2158 Evangelistarium;
1571 2106 1695 2159 prima
1716 2119 1764 2159 pa
1795 2106 1857 2146 ina

108 2166 226 2209 literis
254 2165 374 2206 aureis
409 2162 546 2216 scripta
576 2157 630 2202 est
651 2192 662 2211 ‚
692 2159 896 2214 versusque
925 2158 1116 2214 quosdam
1134 2189 1146 2209 ‚
1174 2170 1218 2200 ut
1246 2169 1388 2200 vocant
1408 2190 1421 2210 ,
1450 2160 1631 2214 politicos
1671 2120 1860 2215 praefixos

107 2222 284 2271 exhibet,
314 2217 494 2260 confusae
523 2216 609 2257 sunt
635 2216 766 2257 literae
798 2229 880 2256 non
913 2225 1063 2255 tantum
1094 2231 1118 2253 οι
1147 2217 1187 2253 &
1216 2230 1244 2254 υ.
1291 2230 1314 2253 ει
1352 2217 1392 2254 &
1419 2232 1441 2255 ι.
1482 2214 1548 2256 sed
1568 2216 1684 2256 etiam
1713 2233 1741 2262 η.
1771 2219 1810 2255 8(
1839 2233 1868 2255 ι.-

107 2279 175 2319 Ab
202 2277 345 2318 ottavo
376 2271 451 2314 effi:
484 2271 610 2313 seculo
639 2270 827 2312 existimat
850 2269 913 2311 Cl.
934 2270 1083 2311 Λυᾶοι·
1106 2269 1300 2324 Palaeogr.
1339 2269 1410 2310 Gr.
1441 2283 1479 2324 p.
1513 2271 1606 2311 228.
1646 2271 1862 2324 quinetiam

108 2333 198 2374 alibi
240 2345 277 2386 p.
314 2342 353 2381 4.
390 2328 441 2369 ad
472 2327 674 2381 septimum
703 2336 908 2380 promovet
937 2346 950 2374 ³
994 2324 1091 2365 mihi
1127 2338 1220 2365 vero
1257 2338 1340 2365 non
1379 2324 1531 2367 videtur
1579 2325 1705 2367 seculo
1751 2340 1867 2367 nono*

109 2389 240 2443 prior;
268 2394 401 2440 arguta
423 2383 527 2424 enim
548 2382 610 2422 illa
632 2384 672 2421 &
690 2381 866 2422 affefiiata
886 2380 1076 2421 literarum
1098 2380 1246 2434 pistura
1263 2379 1402 2421 clamat
1420 2379 1588 2430 sane,ea
1609 2392 1731 2422 aetate
1753 2380 1862 2422 fuiffe

111 2444 315 2496 scriptum,
346 2454 422 2494 qua
444 2439 634 2478 literarum
659 2436 886 2490 simplicium
920 2446 1037 2476 notae
1061 2435 1102 2475 in
1122 2434 1413 2476 desuetudinem
1438 2446 1642 2477 venerant:
1673 2435 1838 2477 Accedit
1849 2462 1866 2487 ,v

110 2498 221 2553 quod
247 2501 286 2537 &
304 2495 453 2536 mentio
475 2493 540 2533 fiat
560 2493 600 2532 in
620 2491 761 2532 eodem
783 2490 937 2532 Codice
957 2489 1160 2541 festorum,
1189 2503 1288 2543 quae
1308 2489 1433 2530 seculo
1453 2489 1563 2531 VIII.
1594 2491 1770 2531 nondum
1802 2491 1862 2530 in-

110 2554 240 2595 stituta
261 2566 305 2592 ac
326 2551 467 2590 sancita
488 2547 594 2589 fuiss'e
613 2546 810 2593 videntur,
839 2557 881 2587 ut
902 2543 1042 2598 κυςιοικὴ
1063 2544 1130 2585 τᾶν
1153 2542 1261 2594 ἁγίων
1280 2543 1425 2585 πάντων·
1440 2576 1452 2596 ,
1481 2543 1525 2587 εἷς
1543 2541 1665 2595 μνήμην
1690 2547 1742 2585 τέῖ
1761 2542 1863 2594 ἁγίου

109 2604 348 2660 Rapa-epicura,
376 2603 420 2645 εἷς
440 2600 494 2643 τὰ
514 2600 701 2651 μεταθὲσιοι
717 2601 779 2644 ‘sk
799 2601 889 2653 σοροῧ
909 2598 1109 2652 Βλαχερνῶν
1129 2600 1225 2656 Julii
1250 2613 1284 2642 2.
1314 2599 1357 2642 εἷς
1377 2594 1438 2642 ‘rin
1465 2598 1589 2649 μνῆμην
1612 2599 1675 2640 vo?
1695 2599 1723 2640 ἒν
1753 2598 1868 2650 ἁγίοις

112 2659 285 2708 βασιλέως
304 2654 538 2704 Κωντῖοιντῖνου
558 2654 618 2697 καὶ
635 2654 786 2706 Ἑλένης,
815 2654 925 2706 μνῖνμη
944 2654 1011 2695 τῶν
1032 2655 1061 2696 ἓν
1085 2653 1195 2705 ἁγίοις
1220 2653 1454 2707 πατριαρχόν
1482 2653 1725 2709 Ἀλεξάνδρου,
1753 2653 1862 2696 Ἰωοίν-

110 2736 160 2759 νου
180 2714 242 2758 ml
261 2712 404 2756 Παύλου
431 2714 494 2753 ‘roz
513 2710 597 2761 νέου,
626 2711 670 2755 εἷς
689 2710 748 2755 τὴν
762 2710 879 2764 ‘iopen-w
905 2710 968 2753 ‘1‘37'5
988 2708 1108 2757 τιμίοις
1128 2709 1296 2759 mamis.
1327 2710 1478 2751 Nescio
1505 2711 1622 2751 etiam
1651 2709 1747 2765 quid
1778 2725 1860 2765 my-

113 2774 215 2815 sterii
234 2773 349 2814 lateat
369 2771 409 2809 in
429 2769 544 2809 literis
565 2767 672 2820 Βξνρνν
684 2795 696 2815 ,
726 2782 825 2822 quae
843 2768 884 2807 in
905 2765 1147 2820 frontispicio
1168 2766 1282 2820 hujus
1300 2764 1464 2805 Codicis
1485 2776 1627 2805 extant.

174 2842 209 2868 2.
240 2826 382 2868 Codex
401 2823 683 2864 COLBERT.
717 2835 839 2872 2215.
868 2822 1070 2863 continens
1090 2820 1428 2875 Evangelistarium
1445 2819 1622 2860 mutilum
1648 2823 1687 2859 &
1707 2818 1856 2873 sequio-

116 2884 168 2924 ris
196 2883 281 2924 aevi
310 2878 696 2935 superscriptionibus*
715 2877 920 2925 foedatum.
943 2877 991 2923 In
1018 2876 1147 2917 indice
1169 2875 1350 2916 festorum
1369 2874 1484 2915 habet
1511 2874 1613 2929 Aug.
1647 2887 1710 2924 15.
1739 2874 1782 2916 εἰς
1802 2873 1866 2917 τὴν.

114 2934 263 2985 κὸιμησιν
289 2935 352 2977 τῆς
379 2931 545 2973 &eo-:6200
574 2933 677 2986 Sept.
709 2933 744 2973 8.
773 2931 817 2973 eis
844 2928 886 2971 το
918 2928 1053 2981 γενέσιον
1083 2930 1148 2973 τ’ἧς
1175 2928 1340 2971 θεοτὸκου
1370 2928 1530 2983 (festum
1550 2940 1712 2969 exeunte
1737 2930 1866 2970 seculo

115 2992 208 3037 VII.
239 2987 474 3040 institutum)
503 3002 542 3038 9.
569 2988 619 3027 τὲ
640 2984 743 3036 ἁγίου
762 2982 925 3035 ’leomallo
944 2981 1141 3032 xoel''Avvn5.
1171 2985 1316 3027 OEtob.
1348 2997 1412 3036 27.
1441 2981 1496 3023 τοὶ
1516 2981 1710 3023 καταΘέσια.
1731 2984 1793 3026 τῆς
1810 3001 1863 3024 τι-

117 3046 202 3098 μίας
221 3044 345 3099 κείρας.
373 3043 483 3085 Nov.
516 3055 581 3082 21.
610 3040 666 3081 τοὶ
682 3040 806 3081 εἷσὸδια.
826 3041 887 3083 τῆς
905 3039 1101 3093 ὑπεραγῖοις
1117 3039 1297 3081 θεοτὸκου.
1331 3052 1396 3080 12.
1424 3036 1566 3078 Ἰωάννου
1586 3039 1648 3079 τοῦ
1678 3036 1867 3086 &heiu-covas.-

116 3102 215 3145 DeC.
248 3115 311 3143 12.
339 3097 485 3140 ἒπινὶκιοι
503 3094 640 3149 Χοςρὸου
659 3094 719 3137 καὶ
739 3094 875 3148 Πέρσου.
904 3096 994 3148 (ΑΟ.
1015 3094 1133 3148 627.)
1155 3096 1253 3149 May
1285 3108 1348 3136 21.
1375 3090 1607 3138 Κωνφαντῖνου
1626 3092 1688 3134 καὶ
1709 3092 1841 3138 Ἑλένης
1850 3117 1866 3144 ,-

115 3158 225 3215 Junii
257 3171 321 3200 12.
347 3151 535 3205 Νικηφόρου
563 3149 804 3207 Πατριοίρχου.
833 3150 978 3193 Οᾶὶοὸ.
1013 3152 1047 3194 8.
1078 3149 1141 3193 τῆς
1172 3147 1284 3199 ἁγίοις
1314 3146 1505 3200 Πελαγῖας
1533 3148 1594 3193 τῆς
1620 3146 1741 3202 πόρνης
1768 3142 1866 3212 {infr

1821 3219 1864 3246 545
